{"id": "gen9nationaldex-2540509101", "format": "[Gen 9] National Dex", "players": ["roninakahito", "fight me son"], "log": "|j|☆roninakahito\n|j|☆fight me son\n|t:|1771210916\n|gametype|singles\n|player|p1|roninakahito|caitlin|1621\n|player|p2|fight me son|1|1682\n|gen|9\n|tier|[Gen 9] National Dex\n|rated|\n|rule|HP Percentage Mod: HP is shown in percentages\n|rule|Endless Battle Clause: Forcing endless battles is banned\n|rule|Species Clause: Limit one of each Pokémon\n|rule|OHKO Clause: OHKO moves are banned\n|rule|Evasion Clause: Evasion abilities, items, and moves are banned\n|rule|Evasion Abilities Clause: Evasion abilities are banned\n|rule|Evasion Items Clause: Evasion items are banned\n|rule|Evasion Moves Clause: Evasion moves are banned\n|rule|Sleep Clause Mod: Limit one foe put to sleep\n|rule|Terastal Clause: You cannot Terastallize\n|clearpoke\n|poke|p1|Rillaboom, F|\n|poke|p1|Great Tusk|\n|poke|p1|Suicune|\n|poke|p1|Iron Crown|\n|poke|p1|Tyranitar, F|\n|poke|p1|Volcarona, F|\n|poke|p2|Garchomp, F|\n|poke|p2|Xurkitree|\n|poke|p2|Tapu Lele|\n|poke|p2|Scizor, F|\n|poke|p2|Alomomola, F|\n|poke|p2|Tornadus-Therian, M|\n|teampreview\n|inactive|Battle timer is ON: inactive players will automatically lose when time's up. (requested by roninakahito)\n|\n|t:|1771210919\n|teamsize|p1|6\n|teamsize|p2|6\n|start\n|switch|p1a: Suicune|Suicune|100/100\n|switch|p2a: Scizor|Scizor, F|100/100\n|-ability|p1a: Suicune|Pressure\n|turn|1\n|\n|t:|1771210923\n|detailschange|p2a: Scizor|Scizor-Mega, F\n|-mega|p2a: Scizor|Scizor|Scizorite\n|move|p1a: Suicune|Substitute|p1a: Suicune\n|-start|p1a: Suicune|Substitute\n|-damage|p1a: Suicune|75/100\n|move|p2a: Scizor|Knock Off|p1a: Suicune\n|-activate|p1a: Suicune|move: Substitute|[damage]\n|\n|-heal|p1a: Suicune|82/100|[from] item: Leftovers\n|upkeep\n|turn|2\n|\n|t:|1771210927\n|move|p1a: Suicune|Scald|p2a: Scizor\n|-damage|p2a: Scizor|77/100\n|move|p2a: Scizor|U-turn|p1a: Suicune\n|-end|p1a: Suicune|Substitute\n|\n|t:|1771210931\n|switch|p2a: Xurkitree|Xurkitree|100/100|[from] U-turn\n|\n|-heal|p1a: Suicune|88/100|[from] item: Leftovers\n|upkeep\n|turn|3\n|\n|t:|1771210933\n|switch|p1a: Great Tusk|Great Tusk|100/100\n|move|p2a: Xurkitree|Volt Switch|p1a: Great Tusk\n|-immune|p1a: Great Tusk\n|\n|upkeep\n|turn|4\n|\n|t:|1771210937\n|switch|p2a: Alomomola|Alomomola, F|100/100\n|move|p1a: Great Tusk|Headlong Rush|p2a: Alomomola\n|-damage|p2a: Alomomola|66/100\n|-unboost|p1a: Great Tusk|def|1\n|-unboost|p1a: Great Tusk|spd|1\n|\n|-heal|p2a: Alomomola|72/100|[from] item: Leftovers\n|upkeep\n|turn|5\n|\n|t:|1771210941\n|-end|p1a: Great Tusk|Protosynthesis|[silent]\n|switch|p1a: Rillaboom|Rillaboom, F|100/100\n|-fieldstart|move: Grassy Terrain|[from] ability: Grassy Surge|[of] p1a: Rillaboom\n|move|p2a: Alomomola|Flip Turn|p1a: Rillaboom\n|-resisted|p1a: Rillaboom\n|-damage|p1a: Rillaboom|93/100\n|\n|t:|1771210944\n|switch|p2a: Scizor|Scizor-Mega, F|77/100|[from] Flip Turn\n|\n|-heal|p1a: Rillaboom|99/100|[from] Grassy Terrain\n|-heal|p2a: Scizor|84/100|[from] Grassy Terrain\n|upkeep\n|turn|6\n|\n|t:|1771210953\n|switch|p1a: Great Tusk|Great Tusk|100/100\n|move|p2a: Scizor|Knock Off|p1a: Great Tusk\n|-resisted|p1a: Great Tusk\n|-damage|p1a: Great Tusk|88/100\n|-enditem|p1a: Great Tusk|Leftovers|[from] move: Knock Off|[of] p2a: Scizor\n|\n|-heal|p1a: Great Tusk|94/100|[from] Grassy Terrain\n|-heal|p2a: Scizor|90/100|[from] Grassy Terrain\n|upkeep\n|turn|7\n|\n|t:|1771210958\n|move|p1a: Great Tusk|Bulk Up|p1a: Great Tusk\n|-boost|p1a: Great Tusk|atk|1\n|-boost|p1a: Great Tusk|def|1\n|move|p2a: Scizor|U-turn|p1a: Great Tusk\n|-resisted|p1a: Great Tusk\n|-damage|p1a: Great Tusk|86/100\n|\n|t:|1771210961\n|switch|p2a: Alomomola|Alomomola, F|100/100|[from] U-turn\n|\n|-heal|p1a: Great Tusk|92/100|[from] Grassy Terrain\n|upkeep\n|turn|8\n|\n|t:|1771210963\n|move|p1a: Great Tusk|Rapid Spin|p2a: Alomomola\n|-damage|p2a: Alomomola|86/100\n|-boost|p1a: Great Tusk|spe|1\n|move|p2a: Alomomola|Scald|p1a: Great Tusk\n|-supereffective|p1a: Great Tusk\n|-damage|p1a: Great Tusk|48/100\n|\n|-heal|p1a: Great Tusk|54/100|[from] Grassy Terrain\n|-heal|p2a: Alomomola|92/100|[from] Grassy Terrain\n|-heal|p2a: Alomomola|98/100|[from] item: Leftovers\n|upkeep\n|turn|9\n|\n|t:|1771210966\n|move|p1a: Great Tusk|Bulk Up|p1a: Great Tusk\n|-boost|p1a: Great Tusk|atk|1\n|-boost|p1a: Great Tusk|def|1\n|move|p2a: Alomomola|Scald|p1a: Great Tusk\n|-supereffective|p1a: Great Tusk\n|-damage|p1a: Great Tusk|12/100\n|-status|p1a: Great Tusk|brn\n|\n|-heal|p1a: Great Tusk|18/100 brn|[from] Grassy Terrain\n|-heal|p2a: Alomomola|100/100|[from] Grassy Terrain\n|-damage|p1a: Great Tusk|12/100 brn|[from] brn\n|-fieldend|move: Grassy Terrain\n|upkeep\n|turn|10\n|\n|t:|1771210971\n|move|p1a: Great Tusk|Headlong Rush|p2a: Alomomola\n|-damage|p2a: Alomomola|67/100\n|-unboost|p1a: Great Tusk|def|1\n|-unboost|p1a: Great Tusk|spd|1\n|move|p2a: Alomomola|Wish|p2a: Alomomola\n|\n|-heal|p2a: Alomomola|73/100|[from] item: Leftovers\n|-damage|p1a: Great Tusk|6/100 brn|[from] brn\n|upkeep\n|turn|11\n|\n|t:|1771210982\n|-end|p1a: Great Tusk|Protosynthesis|[silent]\n|switch|p1a: Suicune|Suicune|88/100\n|-ability|p1a: Suicune|Pressure\n|switch|p2a: Tornadus|Tornadus-Therian, M|100/100\n|\n|-heal|p1a: Suicune|94/100|[from] item: Leftovers\n|upkeep\n|turn|12\n|\n|t:|1771210992\n|move|p2a: Tornadus|U-turn|p1a: Suicune\n|-damage|p1a: Suicune|83/100\n|\n|t:|1771210996\n|switch|p2a: Xurkitree|Xurkitree|100/100|[from] U-turn\n|move|p1a: Suicune|Calm Mind|p1a: Suicune\n|-boost|p1a: Suicune|spa|1\n|-boost|p1a: Suicune|spd|1\n|\n|-heal|p1a: Suicune|89/100|[from] item: Leftovers\n|upkeep\n|turn|13\n|\n|t:|1771210997\n|move|p1a: Suicune|Protect|p1a: Suicune\n|-singleturn|p1a: Suicune|Protect\n|move|p2a: Xurkitree|Thunderbolt|p1a: Suicune\n|-activate|p1a: Suicune|move: Protect\n|\n|-heal|p1a: Suicune|95/100|[from] item: Leftovers\n|upkeep\n|turn|14\n|\n|t:|1771211000\n|switch|p1a: Great Tusk|Great Tusk|6/100 brn\n|move|p2a: Xurkitree|Thunderbolt|p1a: Great Tusk\n|-immune|p1a: Great Tusk\n|\n|-damage|p1a: Great Tusk|0 fnt|[from] brn\n|faint|p1a: Great Tusk\n|-end|p1a: Great Tusk|Protosynthesis|[silent]\n|upkeep\n|\n|t:|1771211005\n|switch|p1a: Rillaboom|Rillaboom, F|99/100\n|-fieldstart|move: Grassy Terrain|[from] ability: Grassy Surge|[of] p1a: Rillaboom\n|turn|15\n|\n|t:|1771211008\n|switch|p2a: Scizor|Scizor-Mega, F|90/100\n|switch|p1a: Iron Crown|Iron Crown|100/100\n|\n|-heal|p2a: Scizor|96/100|[from] Grassy Terrain\n|upkeep\n|turn|16\n|\n|t:|1771211012\n|move|p1a: Iron Crown|Iron Defense|p1a: Iron Crown\n|-boost|p1a: Iron Crown|def|2\n|move|p2a: Scizor|U-turn|p1a: Iron Crown\n|-damage|p1a: Iron Crown|82/100\n|\n|t:|1771211015\n|switch|p2a: Tornadus|Tornadus-Therian, M|100/100|[from] U-turn\n|\n|-heal|p1a: Iron Crown|88/100|[from] Grassy Terrain\n|upkeep\n|turn|17\n|\n|t:|1771211017\n|move|p2a: Tornadus|Heat Wave|p1a: Iron Crown\n|-supereffective|p1a: Iron Crown\n|-damage|p1a: Iron Crown|43/100\n|-enditem|p1a: Iron Crown|Weakness Policy\n|-boost|p1a: Iron Crown|atk|2|[from] item: Weakness Policy\n|-boost|p1a: Iron Crown|spa|2|[from] item: Weakness Policy\n|move|p1a: Iron Crown|Agility|p1a: Iron Crown\n|-boost|p1a: Iron Crown|spe|2\n|\n|-heal|p1a: Iron Crown|49/100|[from] Grassy Terrain\n|upkeep\n|turn|18\n|\n|t:|1771211021\n|move|p1a: Iron Crown|Stored Power|p2a: Tornadus\n|-damage|p2a: Tornadus|0 fnt\n|faint|p2a: Tornadus\n|\n|-heal|p1a: Iron Crown|55/100|[from] Grassy Terrain\n|upkeep\n|\n|t:|1771211026\n|switch|p2a: Garchomp|Garchomp, F|100/100\n|turn|19\n|\n|t:|1771211029\n|move|p1a: Iron Crown|Stored Power|p2a: Garchomp\n|-damage|p2a: Garchomp|0 fnt\n|faint|p2a: Garchomp\n|\n|-heal|p1a: Iron Crown|61/100|[from] Grassy Terrain\n|-fieldend|move: Grassy Terrain\n|upkeep\n|-message|fight me son forfeited.\n|\n|win|roninakahito\n|raw|roninakahito's rating: 1621 &rarr; <strong>1644</strong><br />(+23 for winning)\n|raw|fight me son's rating: 1682 &rarr; <strong>1659</strong><br />(-23 for losing)\n|l|☆fight me son\n|player|p2|\n|l|☆roninakahito\n|player|p1|\n", "uploadtime": 1771211183, "views": 7, "formatid": "gen9nationaldex", "rating": 1644, "private": 0, "password": null}