{"id": "gen9nationaldex-2540519698", "format": "[Gen 9] National Dex", "players": ["netskinate", "secondchx"], "log": "|j|☆netskinate\n|j|☆secondchx\n|t:|1771212318\n|gametype|singles\n|player|p1|netskinate|2|1524\n|player|p2|secondchx|iono|1605\n|gen|9\n|tier|[Gen 9] National Dex\n|rated|\n|rule|HP Percentage Mod: HP is shown in percentages\n|rule|Endless Battle Clause: Forcing endless battles is banned\n|rule|Species Clause: Limit one of each Pokémon\n|rule|OHKO Clause: OHKO moves are banned\n|rule|Evasion Clause: Evasion abilities, items, and moves are banned\n|rule|Evasion Abilities Clause: Evasion abilities are banned\n|rule|Evasion Items Clause: Evasion items are banned\n|rule|Evasion Moves Clause: Evasion moves are banned\n|rule|Sleep Clause Mod: Limit one foe put to sleep\n|rule|Terastal Clause: You cannot Terastallize\n|clearpoke\n|poke|p1|Decidueye, M|\n|poke|p1|Nidoking, M|\n|poke|p1|Alakazam, M|\n|poke|p1|Scizor, M|\n|poke|p1|Haxorus, M|\n|poke|p1|Greninja-*, M|\n|poke|p2|Great Tusk|\n|poke|p2|Terapagos, M|\n|poke|p2|Iron Crown|\n|poke|p2|Dragonite, M|\n|poke|p2|Scizor, M|\n|poke|p2|Ogerpon-Wellspring, F|\n|teampreview\n|inactive|Battle timer is ON: inactive players will automatically lose when time's up. (requested by netskinate)\n|\n|t:|1771212327\n|teamsize|p1|6\n|teamsize|p2|6\n|start\n|switch|p1a: Nidoking|Nidoking, M|100/100\n|switch|p2a: Terapagos|Terapagos, M|100/100\n|-activate|p2a: Terapagos|ability: Tera Shift\n|detailschange|p2a: Terapagos|Terapagos-Terastal, M\n|-heal|p2a: Terapagos|100/100|[silent]\n|turn|1\n|\n|t:|1771212341\n|move|p1a: Nidoking|Earth Power|p2a: Terapagos\n|-activate|p2a: Terapagos|ability: Tera Shell\n|-resisted|p2a: Terapagos\n|-damage|p2a: Terapagos|80/100\n|move|p2a: Terapagos|Rapid Spin|p1a: Nidoking\n|-damage|p1a: Nidoking|75/100\n|-boost|p2a: Terapagos|spe|1\n|\n|upkeep\n|turn|2\n|\n|t:|1771212350\n|move|p1a: Nidoking|Earth Power|p2a: Terapagos\n|-damage|p2a: Terapagos|33/100\n|move|p2a: Terapagos|Tera Starstorm|p1a: Nidoking\n|-damage|p1a: Nidoking|0 fnt\n|faint|p1a: Nidoking\n|\n|upkeep\n|\n|t:|1771212354\n|switch|p1a: Scizor|Scizor, M|100/100\n|turn|3\n|\n|t:|1771212360\n|detailschange|p1a: Scizor|Scizor-Mega, M\n|-mega|p1a: Scizor|Scizor|Scizorite\n|move|p1a: Scizor|Bullet Punch|p2a: Terapagos\n|-damage|p2a: Terapagos|0 fnt\n|faint|p2a: Terapagos\n|\n|upkeep\n|\n|t:|1771212379\n|switch|p2a: Dragonite|Dragonite, M|100/100\n|turn|4\n|\n|t:|1771212384\n|move|p2a: Dragonite|Dragon Dance|p2a: Dragonite\n|-boost|p2a: Dragonite|atk|1\n|-boost|p2a: Dragonite|spe|1\n|move|p1a: Scizor|Knock Off|p2a: Dragonite\n|-crit|p2a: Dragonite\n|-damage|p2a: Dragonite|79/100\n|\n|upkeep\n|turn|5\n|\n|t:|1771212391\n|move|p1a: Scizor|Bullet Punch|p2a: Dragonite\n|-damage|p2a: Dragonite|35/100\n|-zpower|p2a: Dragonite\n|move|p2a: Dragonite|Supersonic Skystrike|p1a: Scizor|[zeffect]\n|-damage|p1a: Scizor|19/100\n|\n|upkeep\n|turn|6\n|\n|t:|1771212408\n|switch|p2a: Scizor|Scizor, M|100/100\n|move|p1a: Scizor|Bullet Punch|p2a: Scizor\n|-resisted|p2a: Scizor\n|-damage|p2a: Scizor|82/100\n|\n|upkeep\n|turn|7\n|\n|t:|1771212415\n|detailschange|p2a: Scizor|Scizor-Mega, M\n|-mega|p2a: Scizor|Scizor|Scizorite\n|move|p1a: Scizor|Knock Off|p2a: Scizor\n|-damage|p2a: Scizor|61/100\n|move|p2a: Scizor|Swords Dance|p2a: Scizor\n|-boost|p2a: Scizor|atk|2\n|\n|upkeep\n|turn|8\n|\n|t:|1771212423\n|move|p1a: Scizor|Bullet Punch|p2a: Scizor\n|-resisted|p2a: Scizor\n|-damage|p2a: Scizor|48/100\n|move|p2a: Scizor|Bullet Punch|p1a: Scizor\n|-resisted|p1a: Scizor\n|-damage|p1a: Scizor|0 fnt\n|faint|p1a: Scizor\n|detailschange|p1: Scizor|Scizor, M|[silent]\n|\n|upkeep\n|\n|t:|1771212432\n|switch|p1a: Alakazam|Alakazam, M|100/100\n|turn|9\n|\n|t:|1771212436\n|move|p2a: Scizor|Bullet Punch|p1a: Alakazam\n|-crit|p1a: Alakazam\n|-enditem|p1a: Alakazam|Focus Sash\n|-damage|p1a: Alakazam|1/100\n|move|p1a: Alakazam|Counter|p2a: Scizor\n|-damage|p2a: Scizor|0 fnt\n|faint|p2a: Scizor\n|detailschange|p2: Scizor|Scizor, M|[silent]\n|\n|upkeep\n|\n|t:|1771212449\n|switch|p2a: Iron Crown|Iron Crown|100/100\n|-enditem|p2a: Iron Crown|Booster Energy\n|-activate|p2a: Iron Crown|ability: Quark Drive|[fromitem]\n|-start|p2a: Iron Crown|quarkdrivespe\n|turn|10\n|\n|t:|1771212454\n|move|p2a: Iron Crown|Calm Mind|p2a: Iron Crown\n|-boost|p2a: Iron Crown|spa|1\n|-boost|p2a: Iron Crown|spd|1\n|move|p1a: Alakazam|Focus Blast|p2a: Iron Crown\n|-damage|p2a: Iron Crown|72/100\n|\n|upkeep\n|turn|11\n|\n|t:|1771212461\n|move|p2a: Iron Crown|Tachyon Cutter|p1a: Alakazam\n|-damage|p1a: Alakazam|0 fnt\n|faint|p1a: Alakazam\n|-hitcount|p1: Alakazam|1\n|\n|upkeep\n|\n|t:|1771212469\n|switch|p1a: Decidueye|Decidueye, M|100/100\n|turn|12\n|\n|t:|1771212474\n|move|p1a: Decidueye|Sucker Punch|p2a: Iron Crown\n|-supereffective|p2a: Iron Crown\n|-damage|p2a: Iron Crown|31/100\n|move|p2a: Iron Crown|Tachyon Cutter|p1a: Decidueye\n|-damage|p1a: Decidueye|57/100\n|-damage|p1a: Decidueye|14/100\n|-hitcount|p1a: Decidueye|2\n|\n|upkeep\n|turn|13\n|\n|t:|1771212487\n|-end|p2a: Iron Crown|Quark Drive|[silent]\n|switch|p2a: Ogerpon|Ogerpon-Wellspring, F|100/100\n|-zpower|p1a: Decidueye\n|move|p1a: Decidueye|Never-Ending Nightmare|p2a: Ogerpon|[zeffect]\n|-damage|p2a: Ogerpon|0 fnt\n|faint|p2a: Ogerpon\n|\n|upkeep\n|\n|t:|1771212500\n|switch|p2a: Dragonite|Dragonite, M|35/100\n|turn|14\n|\n|t:|1771212508\n|move|p1a: Decidueye|Swords Dance|p1a: Decidueye\n|-boost|p1a: Decidueye|atk|2\n|move|p2a: Dragonite|Substitute|p2a: Dragonite\n|-start|p2a: Dragonite|Substitute\n|-damage|p2a: Dragonite|10/100\n|\n|upkeep\n|turn|15\n|\n|t:|1771212517\n|move|p1a: Decidueye|Trailblaze|p2a: Dragonite\n|-resisted|p2a: Dragonite\n|-activate|p2a: Dragonite|move: Substitute|[damage]\n|-boost|p1a: Decidueye|spe|1\n|move|p2a: Dragonite|Dual Wingbeat|p1a: Decidueye\n|-supereffective|p1a: Decidueye\n|-damage|p1a: Decidueye|0 fnt\n|faint|p1a: Decidueye\n|-hitcount|p1: Decidueye|1\n|\n|upkeep\n|\n|t:|1771212523\n|switch|p1a: Haxorus|Haxorus, M|100/100\n|-ability|p1a: Haxorus|Mold Breaker\n|turn|16\n|\n|t:|1771212543\n|move|p1a: Haxorus|First Impression|p2a: Dragonite\n|-resisted|p2a: Dragonite\n|-end|p2a: Dragonite|Substitute\n|move|p2a: Dragonite|Dragon Dance|p2a: Dragonite\n|-boost|p2a: Dragonite|atk|1\n|-boost|p2a: Dragonite|spe|1\n|\n|upkeep\n|turn|17\n|\n|t:|1771212551\n|move|p1a: Haxorus|First Impression||[still]\n|-hint|First Impression only works on your first turn out.\n|-fail|p1a: Haxorus\n|move|p2a: Dragonite|Dual Wingbeat|p1a: Haxorus\n|-damage|p1a: Haxorus|57/100\n|-damage|p1a: Haxorus|11/100\n|-hitcount|p1a: Haxorus|2\n|\n|upkeep\n|turn|18\n|\n|t:|1771212560\n|move|p1a: Haxorus|First Impression||[still]\n|-hint|First Impression only works on your first turn out.\n|-fail|p1a: Haxorus\n|move|p2a: Dragonite|Earthquake|p1a: Haxorus\n|-damage|p1a: Haxorus|0 fnt\n|faint|p1a: Haxorus\n|\n|upkeep\n|\n|t:|1771212561\n|switch|p1a: Greninja|Greninja, M|100/100\n|turn|19\n|\n|t:|1771212570\n|move|p1a: Greninja|Water Shuriken|p2a: Dragonite\n|-resisted|p2a: Dragonite\n|-damage|p2a: Dragonite|6/100\n|-resisted|p2a: Dragonite\n|-damage|p2a: Dragonite|1/100\n|-resisted|p2a: Dragonite\n|-damage|p2a: Dragonite|0 fnt\n|faint|p2a: Dragonite\n|-ability|p1a: Greninja|Battle Bond|boost\n|-boost|p1a: Greninja|atk|1\n|-boost|p1a: Greninja|spa|1\n|-boost|p1a: Greninja|spe|1\n|-activate|p1a: Greninja|ability: Battle Bond\n|-hitcount|p2: Dragonite|3\n|-damage|p1a: Greninja|91/100|[from] item: Life Orb\n|\n|upkeep\n|\n|t:|1771212589\n|switch|p2a: Iron Crown|Iron Crown|31/100\n|turn|20\n|\n|t:|1771212592\n|move|p1a: Greninja|Dark Pulse|p2a: Iron Crown\n|-supereffective|p2a: Iron Crown\n|-damage|p2a: Iron Crown|0 fnt\n|faint|p2a: Iron Crown\n|-end|p2a: Iron Crown|Quark Drive|[silent]\n|-damage|p1a: Greninja|81/100|[from] item: Life Orb\n|\n|upkeep\n|\n|t:|1771212599\n|switch|p2a: Great Tusk|Great Tusk|100/100\n|-enditem|p2a: Great Tusk|Booster Energy\n|-activate|p2a: Great Tusk|ability: Protosynthesis|[fromitem]\n|-start|p2a: Great Tusk|protosynthesisatk\n|turn|21\n|\n|t:|1771212604\n|move|p1a: Greninja|Grass Knot|p2a: Great Tusk\n|-supereffective|p2a: Great Tusk\n|-damage|p2a: Great Tusk|0 fnt\n|faint|p2a: Great Tusk\n|-end|p2a: Great Tusk|Protosynthesis|[silent]\n|-damage|p1a: Greninja|71/100|[from] item: Life Orb\n|\n|win|netskinate\n|raw|netskinate's rating: 1524 &rarr; <strong>1549</strong><br />(+25 for winning)\n|raw|secondchx's rating: 1605 &rarr; <strong>1580</strong><br />(-25 for losing)\n|l|☆secondchx\n|player|p2|\n|l|☆netskinate\n|player|p1|\n", "uploadtime": 1771212940, "views": 5, "formatid": "gen9nationaldex", "rating": 1549, "private": 0, "password": null}