{"id": "gen9nationaldex-2540626172", "format": "[Gen 9] National Dex", "players": ["frost12080000", "Az4k4"], "log": "|j|☆frost12080000\n|j|☆Az4k4\n|t:|1771229802\n|gametype|singles\n|player|p1|frost12080000|burglar|1636\n|player|p2|Az4k4|n|1514\n|gen|9\n|tier|[Gen 9] National Dex\n|rated|\n|rule|HP Percentage Mod: HP is shown in percentages\n|rule|Endless Battle Clause: Forcing endless battles is banned\n|rule|Species Clause: Limit one of each Pokémon\n|rule|OHKO Clause: OHKO moves are banned\n|rule|Evasion Clause: Evasion abilities, items, and moves are banned\n|rule|Evasion Abilities Clause: Evasion abilities are banned\n|rule|Evasion Items Clause: Evasion items are banned\n|rule|Evasion Moves Clause: Evasion moves are banned\n|rule|Sleep Clause Mod: Limit one foe put to sleep\n|rule|Terastal Clause: You cannot Terastallize\n|clearpoke\n|poke|p1|Chansey, F|\n|poke|p1|Gliscor, F|\n|poke|p1|Pecharunt|\n|poke|p1|Tapu Fini|\n|poke|p1|Zapdos|\n|poke|p1|Ogerpon-Cornerstone, F|\n|poke|p2|Hoopa-Unbound|\n|poke|p2|Charizard, M|\n|poke|p2|Raging Bolt|\n|poke|p2|Great Tusk|\n|poke|p2|Clodsire, M|\n|poke|p2|Victini|\n|teampreview\n|inactive|Battle timer is ON: inactive players will automatically lose when time's up. (requested by frost12080000)\n|\n|t:|1771229813\n|teamsize|p1|6\n|teamsize|p2|6\n|start\n|switch|p1a: Zapdos|Zapdos|100/100\n|switch|p2a: Hoopa|Hoopa-Unbound|100/100\n|turn|1\n|\n|t:|1771229816\n|move|p1a: Zapdos|Volt Switch|p2a: Hoopa\n|-damage|p2a: Hoopa|85/100\n|\n|t:|1771229820\n|switch|p1a: Tapu Fini|Tapu Fini, shiny|100/100|[from] Volt Switch\n|-fieldstart|move: Misty Terrain|[from] ability: Misty Surge|[of] p1a: Tapu Fini\n|move|p2a: Hoopa|Knock Off|p1a: Tapu Fini\n|-resisted|p1a: Tapu Fini\n|-damage|p1a: Tapu Fini|83/100\n|-enditem|p1a: Tapu Fini|Leftovers|[from] move: Knock Off|[of] p2a: Hoopa\n|\n|upkeep\n|turn|2\n|j| gymleader avery\n|\n|t:|1771229828\n|switch|p2a: Clodsire|Clodsire, M|100/100\n|move|p1a: Tapu Fini|Calm Mind|p1a: Tapu Fini\n|-boost|p1a: Tapu Fini|spa|1\n|-boost|p1a: Tapu Fini|spd|1\n|\n|upkeep\n|turn|3\n|\n|t:|1771229832\n|move|p1a: Tapu Fini|Surf|p2a: Clodsire\n|-supereffective|p2a: Clodsire\n|-damage|p2a: Clodsire|69/100\n|move|p2a: Clodsire|Stealth Rock|p1a: Tapu Fini\n|-sidestart|p1: frost12080000|move: Stealth Rock\n|\n|upkeep\n|turn|4\n|l| gymleader avery\n|\n|t:|1771229837\n|move|p1a: Tapu Fini|Surf|p2a: Clodsire\n|-supereffective|p2a: Clodsire\n|-damage|p2a: Clodsire|38/100\n|move|p2a: Clodsire|Recover|p2a: Clodsire\n|-heal|p2a: Clodsire|88/100\n|\n|upkeep\n|turn|5\n|\n|t:|1771229841\n|move|p1a: Tapu Fini|Surf|p2a: Clodsire\n|-supereffective|p2a: Clodsire\n|-damage|p2a: Clodsire|56/100\n|move|p2a: Clodsire|Recover|p2a: Clodsire\n|-heal|p2a: Clodsire|100/100\n|\n|-fieldend|Misty Terrain\n|upkeep\n|turn|6\n|\n|t:|1771229846\n|move|p1a: Tapu Fini|Taunt|p2a: Clodsire\n|-start|p2a: Clodsire|move: Taunt\n|move|p2a: Clodsire|Earthquake|p1a: Tapu Fini\n|-crit|p1a: Tapu Fini\n|-damage|p1a: Tapu Fini|57/100\n|\n|upkeep\n|turn|7\n|\n|t:|1771229857\n|switch|p2a: Raging Bolt|Raging Bolt|100/100\n|move|p1a: Tapu Fini|Surf|p2a: Raging Bolt\n|-resisted|p2a: Raging Bolt\n|-damage|p2a: Raging Bolt|78/100\n|\n|upkeep\n|turn|8\n|\n|t:|1771229861\n|move|p2a: Raging Bolt|Calm Mind|p2a: Raging Bolt\n|-boost|p2a: Raging Bolt|spa|1\n|-boost|p2a: Raging Bolt|spd|1\n|move|p1a: Tapu Fini|Draining Kiss|p2a: Raging Bolt\n|-supereffective|p2a: Raging Bolt\n|-damage|p2a: Raging Bolt|46/100\n|-heal|p1a: Tapu Fini|85/100|[from] drain|[of] p2a: Raging Bolt\n|\n|upkeep\n|turn|9\n|\n|t:|1771229865\n|move|p2a: Raging Bolt|Thunderclap|p1a: Tapu Fini\n|-supereffective|p1a: Tapu Fini\n|-damage|p1a: Tapu Fini|30/100\n|move|p1a: Tapu Fini|Draining Kiss|p2a: Raging Bolt\n|-supereffective|p2a: Raging Bolt\n|-damage|p2a: Raging Bolt|13/100\n|-heal|p1a: Tapu Fini|58/100|[from] drain|[of] p2a: Raging Bolt\n|\n|upkeep\n|turn|10\n|\n|t:|1771229873\n|move|p2a: Raging Bolt|Thunderclap|p1a: Tapu Fini\n|-supereffective|p1a: Tapu Fini\n|-damage|p1a: Tapu Fini|0 fnt\n|faint|p1a: Tapu Fini\n|\n|upkeep\n|\n|t:|1771229882\n|switch|p1a: Gliscor|Gliscor, F|100/100\n|-damage|p1a: Gliscor|88/100|[from] Stealth Rock\n|turn|11\n|\n|t:|1771229885\n|-zpower|p2a: Raging Bolt\n|move|p2a: Raging Bolt|Devastating Drake|p1a: Gliscor|[zeffect]\n|-damage|p1a: Gliscor|0 fnt\n|faint|p1a: Gliscor\n|\n|upkeep\n|\n|t:|1771229893\n|switch|p1a: Ogerpon|Ogerpon-Cornerstone, F|100/100\n|-damage|p1a: Ogerpon|88/100|[from] Stealth Rock\n|turn|12\n|\n|t:|1771229896\n|move|p2a: Raging Bolt|Thunderclap|p1a: Ogerpon\n|-resisted|p1a: Ogerpon\n|-damage|p1a: Ogerpon|57/100\n|move|p1a: Ogerpon|Ivy Cudgel|p2a: Raging Bolt|[anim] Ivy Cudgel Rock\n|-damage|p2a: Raging Bolt|0 fnt\n|faint|p2a: Raging Bolt\n|-end|p2a: Raging Bolt|Protosynthesis|[silent]\n|\n|upkeep\n|\n|t:|1771229904\n|switch|p2a: Great Tusk|Great Tusk|100/100\n|turn|13\n|\n|t:|1771229912\n|move|p2a: Great Tusk|Headlong Rush|p1a: Ogerpon\n|-damage|p1a: Ogerpon|0 fnt\n|-unboost|p2a: Great Tusk|def|1\n|-unboost|p2a: Great Tusk|spd|1\n|faint|p1a: Ogerpon\n|\n|upkeep\n|\n|t:|1771229917\n|switch|p1a: Pecharunt|Pecharunt|100/100\n|-damage|p1a: Pecharunt|88/100|[from] Stealth Rock\n|turn|14\n|\n|t:|1771229922\n|-end|p2a: Great Tusk|Protosynthesis|[silent]\n|switch|p2a: Hoopa|Hoopa-Unbound|85/100\n|move|p1a: Pecharunt|Malignant Chain|p2a: Hoopa\n|-damage|p2a: Hoopa|69/100\n|-status|p2a: Hoopa|tox\n|-start|p2a: Hoopa|confusion|[from] ability: Poison Puppeteer|[of] p1a: Pecharunt\n|\n|-damage|p2a: Hoopa|63/100 tox|[from] psn\n|upkeep\n|turn|15\n|\n|t:|1771229927\n|move|p1a: Pecharunt|Shadow Ball|p2a: Hoopa\n|-damage|p2a: Hoopa|50/100 tox\n|-activate|p2a: Hoopa|confusion\n|move|p2a: Hoopa|Knock Off|p1a: Pecharunt\n|-supereffective|p1a: Pecharunt\n|-damage|p1a: Pecharunt|45/100\n|-damage|p2a: Hoopa|34/100 tox|[from] item: Rocky Helmet|[of] p1a: Pecharunt\n|-enditem|p1a: Pecharunt|Rocky Helmet|[from] move: Knock Off|[of] p2a: Hoopa\n|\n|-damage|p2a: Hoopa|22/100 tox|[from] psn\n|upkeep\n|turn|16\n|\n|t:|1771229933\n|move|p1a: Pecharunt|Recover|p1a: Pecharunt\n|-heal|p1a: Pecharunt|95/100\n|-end|p2a: Hoopa|confusion\n|move|p2a: Hoopa|Psychic Noise|p1a: Pecharunt\n|-supereffective|p1a: Pecharunt\n|-damage|p1a: Pecharunt|5/100\n|-start|p1a: Pecharunt|move: Heal Block\n|\n|-damage|p2a: Hoopa|4/100 tox|[from] psn\n|upkeep\n|turn|17\n|\n|t:|1771229941\n|move|p1a: Pecharunt|Malignant Chain|p2a: Hoopa\n|-damage|p2a: Hoopa|0 fnt\n|faint|p2a: Hoopa\n|\n|-end|p1a: Pecharunt|move: Heal Block\n|upkeep\n|\n|t:|1771229943\n|switch|p2a: Charizard|Charizard, M|100/100\n|turn|18\n|\n|t:|1771229950\n|switch|p1a: Chansey|Chansey, F|100/100\n|-damage|p1a: Chansey|88/100|[from] Stealth Rock\n|detailschange|p2a: Charizard|Charizard-Mega-Y, M\n|-mega|p2a: Charizard|Charizard|Charizardite Y\n|-weather|SunnyDay|[from] ability: Drought|[of] p2a: Charizard\n|move|p2a: Charizard|Weather Ball|p1a: Chansey\n|-damage|p1a: Chansey|64/100\n|\n|-weather|SunnyDay|[upkeep]\n|upkeep\n|turn|19\n|\n|t:|1771229953\n|switch|p2a: Victini|Victini|100/100\n|move|p1a: Chansey|Toxic|p2a: Victini\n|-status|p2a: Victini|tox\n|\n|-weather|SunnyDay|[upkeep]\n|-damage|p2a: Victini|94/100 tox|[from] psn\n|upkeep\n|turn|20\n|\n|t:|1771229956\n|switch|p1a: Pecharunt|Pecharunt|5/100\n|-damage|p1a: Pecharunt|0 fnt|[from] Stealth Rock\n|faint|p1a: Pecharunt\n|move|p2a: Victini|V-create|p1: Pecharunt|[notarget]\n|-fail|p2a: Victini\n|\n|-weather|SunnyDay|[upkeep]\n|-damage|p2a: Victini|82/100 tox|[from] psn\n|upkeep\n|\n|t:|1771229959\n|switch|p1a: Zapdos|Zapdos|100/100\n|turn|21\n|\n|t:|1771229961\n|move|p2a: Victini|V-create|p1a: Zapdos\n|-damage|p1a: Zapdos|0 fnt\n|-unboost|p2a: Victini|spe|1\n|-unboost|p2a: Victini|def|1\n|-unboost|p2a: Victini|spd|1\n|faint|p1a: Zapdos\n|\n|-weather|SunnyDay|[upkeep]\n|-damage|p2a: Victini|64/100 tox|[from] psn\n|upkeep\n|-message|frost12080000 forfeited.\n|\n|win|Az4k4\n|raw|frost12080000's rating: 1636 &rarr; <strong>1609</strong><br />(-27 for losing)\n|raw|Az4k4's rating: 1514 &rarr; <strong>1541</strong><br />(+27 for winning)\n|l|☆frost12080000\n|player|p1|\n|l|☆Az4k4\n|player|p2|\n", "uploadtime": 1771230272, "views": 10, "formatid": "gen9nationaldex", "rating": 1541, "private": 0, "password": null}