{"id": "gen9nationaldex-2540789570", "format": "[Gen 9] National Dex", "players": ["e6e", "Domin0999"], "log": "|j|☆e6e\n|j|☆Domin0999\n|t:|1771254220\n|gametype|singles\n|player|p1|e6e|mallow|1598\n|player|p2|Domin0999|unknown|1644\n|gen|9\n|tier|[Gen 9] National Dex\n|rated|\n|rule|HP Percentage Mod: HP is shown in percentages\n|rule|Endless Battle Clause: Forcing endless battles is banned\n|rule|Species Clause: Limit one of each Pokémon\n|rule|OHKO Clause: OHKO moves are banned\n|rule|Evasion Clause: Evasion abilities, items, and moves are banned\n|rule|Evasion Abilities Clause: Evasion abilities are banned\n|rule|Evasion Items Clause: Evasion items are banned\n|rule|Evasion Moves Clause: Evasion moves are banned\n|rule|Sleep Clause Mod: Limit one foe put to sleep\n|rule|Terastal Clause: You cannot Terastallize\n|clearpoke\n|poke|p1|Tornadus-Therian, M|\n|poke|p1|Grimmsnarl, M|\n|poke|p1|Raging Bolt|\n|poke|p1|Ogerpon-Wellspring, F|\n|poke|p1|Iron Crown|\n|poke|p1|Great Tusk|\n|poke|p2|Landorus-Therian, M|\n|poke|p2|Tyranitar, M|\n|poke|p2|Ferrothorn, M|\n|poke|p2|Iron Valiant|\n|poke|p2|Tapu Koko|\n|poke|p2|Alomomola, F|\n|teampreview\n|\n|t:|1771254234\n|teamsize|p1|6\n|teamsize|p2|6\n|start\n|switch|p1a: Grimmsnarl|Grimmsnarl, M|100/100\n|switch|p2a: Val|Iron Valiant|100/100\n|turn|1\n|\n|t:|1771254243\n|move|p1a: Grimmsnarl|Light Screen|p1a: Grimmsnarl\n|-sidestart|p1: e6e|move: Light Screen\n|move|p2a: Val|Moonblast|p1a: Grimmsnarl\n|-supereffective|p1a: Grimmsnarl\n|-damage|p1a: Grimmsnarl|10/100\n|\n|upkeep\n|turn|2\n|inactive|Battle timer is ON: inactive players will automatically lose when time's up. (requested by Domin0999)\n|\n|t:|1771254255\n|-end|p2a: Val|Quark Drive|[silent]\n|switch|p2a: Tyranitar|Tyranitar, M|100/100\n|-weather|Sandstorm|[from] ability: Sand Stream|[of] p2a: Tyranitar\n|move|p1a: Grimmsnarl|Parting Shot|p2a: Tyranitar\n|-hint|Since gen 7, Dark is immune to Prankster moves.\n|-immune|p2a: Tyranitar\n|\n|-weather|Sandstorm|[upkeep]\n|-damage|p1a: Grimmsnarl|4/100|[from] Sandstorm\n|upkeep\n|turn|3\n|\n|t:|1771254266\n|move|p1a: Grimmsnarl|Reflect|p1a: Grimmsnarl\n|-sidestart|p1: e6e|Reflect\n|move|p2a: Tyranitar|Pursuit|p1a: Grimmsnarl\n|-resisted|p1a: Grimmsnarl\n|-damage|p1a: Grimmsnarl|2/100\n|\n|-weather|Sandstorm|[upkeep]\n|-damage|p1a: Grimmsnarl|0 fnt|[from] Sandstorm\n|faint|p1a: Grimmsnarl\n|upkeep\n|\n|t:|1771254272\n|switch|p1a: Ogerpon|Ogerpon-Wellspring, F|100/100\n|turn|4\n|\n|t:|1771254288\n|switch|p2a: Lando Tee|Landorus-Therian, M|100/100\n|-ability|p2a: Lando Tee|Intimidate|boost\n|-unboost|p1a: Ogerpon|atk|1\n|move|p1a: Ogerpon|Swords Dance|p1a: Ogerpon\n|-boost|p1a: Ogerpon|atk|2\n|\n|-weather|Sandstorm|[upkeep]\n|-damage|p1a: Ogerpon|95/100|[from] Sandstorm\n|upkeep\n|turn|5\n|\n|t:|1771254299\n|switch|p2a: Nanomachines|Ferrothorn, M|100/100\n|move|p1a: Ogerpon|Ivy Cudgel|p2a: Nanomachines|[anim] Ivy Cudgel Water\n|-resisted|p2a: Nanomachines\n|-damage|p2a: Nanomachines|72/100\n|\n|-weather|Sandstorm|[upkeep]\n|-damage|p1a: Ogerpon|89/100|[from] Sandstorm\n|-heal|p2a: Nanomachines|78/100|[from] item: Leftovers\n|upkeep\n|turn|6\n|\n|t:|1771254309\n|switch|p1a: Iron Crown|Iron Crown|100/100\n|-enditem|p1a: Iron Crown|Booster Energy\n|-activate|p1a: Iron Crown|ability: Quark Drive|[fromitem]\n|-start|p1a: Iron Crown|quarkdrivespe\n|move|p2a: Nanomachines|Power Whip|p1a: Iron Crown\n|-resisted|p1a: Iron Crown\n|-damage|p1a: Iron Crown|90/100\n|\n|-weather|none\n|-heal|p2a: Nanomachines|84/100|[from] item: Leftovers\n|upkeep\n|turn|7\n|\n|t:|1771254314\n|switch|p2a: Fih|Alomomola, F|100/100\n|move|p1a: Iron Crown|Calm Mind|p1a: Iron Crown\n|-boost|p1a: Iron Crown|spa|1\n|-boost|p1a: Iron Crown|spd|1\n|\n|upkeep\n|turn|8\n|\n|t:|1771254325\n|move|p1a: Iron Crown|Calm Mind|p1a: Iron Crown\n|-boost|p1a: Iron Crown|spa|1\n|-boost|p1a: Iron Crown|spd|1\n|move|p2a: Fih|Flip Turn|p1a: Iron Crown\n|-damage|p1a: Iron Crown|82/100\n|inactive|Domin0999 has 120 seconds left.\n|\n|t:|1771254353\n|switch|p2a: Nanomachines|Ferrothorn, M|84/100|[from] Flip Turn\n|\n|-heal|p2a: Nanomachines|90/100|[from] item: Leftovers\n|-sideend|p1: e6e|move: Light Screen\n|upkeep\n|turn|9\n|\n|t:|1771254357\n|move|p1a: Iron Crown|Focus Blast|p2a: Nanomachines|[miss]\n|-miss|p1a: Iron Crown|p2a: Nanomachines\n|move|p2a: Nanomachines|Leech Seed|p1a: Iron Crown\n|-start|p1a: Iron Crown|move: Leech Seed\n|\n|-heal|p2a: Nanomachines|97/100|[from] item: Leftovers\n|-damage|p1a: Iron Crown|70/100|[from] Leech Seed|[of] p2a: Nanomachines\n|-heal|p2a: Nanomachines|100/100|[silent]\n|upkeep\n|turn|10\n|\n|t:|1771254362\n|switch|p2a: Fih|Alomomola, F|100/100\n|move|p1a: Iron Crown|Focus Blast|p2a: Fih\n|-damage|p2a: Fih|63/100\n|\n|-damage|p1a: Iron Crown|58/100|[from] Leech Seed|[of] p2a: Fih\n|-heal|p2a: Fih|71/100|[silent]\n|-sideend|p1: e6e|Reflect\n|upkeep\n|turn|11\n|\n|t:|1771254369\n|move|p1a: Iron Crown|Psyshock|p2a: Fih\n|-damage|p2a: Fih|19/100\n|move|p2a: Fih|Knock Off|p1a: Iron Crown\n|-supereffective|p1a: Iron Crown\n|-damage|p1a: Iron Crown|35/100\n|\n|-damage|p1a: Iron Crown|22/100|[from] Leech Seed|[of] p2a: Fih\n|-heal|p2a: Fih|26/100|[silent]\n|upkeep\n|turn|12\n|\n|t:|1771254377\n|switch|p2a: Nanomachines|Ferrothorn, M|100/100\n|move|p1a: Iron Crown|Psyshock|p2a: Nanomachines\n|-resisted|p2a: Nanomachines\n|-damage|p2a: Nanomachines|78/100\n|\n|-heal|p2a: Nanomachines|84/100|[from] item: Leftovers\n|-damage|p1a: Iron Crown|10/100|[from] Leech Seed|[of] p2a: Nanomachines\n|-heal|p2a: Nanomachines|96/100|[silent]\n|upkeep\n|turn|13\n|c|☆e6e|actually annoying hax\n|\n|t:|1771254395\n|switch|p2a: Fih|Alomomola, F|60/100\n|move|p1a: Iron Crown|Focus Blast|p2a: Fih\n|-damage|p2a: Fih|25/100\n|\n|-damage|p1a: Iron Crown|0 fnt|[from] Leech Seed|[of] p2a: Fih\n|-heal|p2a: Fih|32/100|[silent]\n|faint|p1a: Iron Crown\n|-end|p1a: Iron Crown|Quark Drive|[silent]\n|upkeep\n|\n|t:|1771254400\n|switch|p1a: Raging Bolt|Raging Bolt|100/100\n|-enditem|p1a: Raging Bolt|Booster Energy\n|-activate|p1a: Raging Bolt|ability: Protosynthesis|[fromitem]\n|-start|p1a: Raging Bolt|protosynthesisspa\n|turn|14\n|\n|t:|1771254408\n|switch|p2a: Nanomachines|Ferrothorn, M|96/100\n|move|p1a: Raging Bolt|Dragon Pulse|p2a: Nanomachines\n|-resisted|p2a: Nanomachines\n|-damage|p2a: Nanomachines|72/100\n|\n|-heal|p2a: Nanomachines|79/100|[from] item: Leftovers\n|upkeep\n|turn|15\n|\n|t:|1771254411\n|move|p1a: Raging Bolt|Calm Mind|p1a: Raging Bolt\n|-boost|p1a: Raging Bolt|spa|1\n|-boost|p1a: Raging Bolt|spd|1\n|move|p2a: Nanomachines|Leech Seed|p1a: Raging Bolt\n|-start|p1a: Raging Bolt|move: Leech Seed\n|\n|-heal|p2a: Nanomachines|85/100|[from] item: Leftovers\n|-damage|p1a: Raging Bolt|88/100|[from] Leech Seed|[of] p2a: Nanomachines\n|-heal|p2a: Nanomachines|99/100|[silent]\n|upkeep\n|turn|16\n|\n|t:|1771254420\n|move|p1a: Raging Bolt|Dragon Pulse|p2a: Nanomachines\n|-resisted|p2a: Nanomachines\n|-damage|p2a: Nanomachines|63/100\n|move|p2a: Nanomachines|Stealth Rock|p1a: Raging Bolt\n|-sidestart|p1: e6e|move: Stealth Rock\n|\n|-heal|p2a: Nanomachines|69/100|[from] item: Leftovers\n|-damage|p1a: Raging Bolt|75/100|[from] Leech Seed|[of] p2a: Nanomachines\n|-heal|p2a: Nanomachines|83/100|[silent]\n|upkeep\n|turn|17\n|\n|t:|1771254425\n|move|p1a: Raging Bolt|Calm Mind|p1a: Raging Bolt\n|-boost|p1a: Raging Bolt|spa|1\n|-boost|p1a: Raging Bolt|spd|1\n|move|p2a: Nanomachines|Gyro Ball|p1a: Raging Bolt\n|-resisted|p1a: Raging Bolt\n|-crit|p1a: Raging Bolt\n|-damage|p1a: Raging Bolt|38/100\n|\n|-heal|p2a: Nanomachines|89/100|[from] item: Leftovers\n|-damage|p1a: Raging Bolt|25/100|[from] Leech Seed|[of] p2a: Nanomachines\n|-heal|p2a: Nanomachines|100/100|[silent]\n|upkeep\n|turn|18\n|c|☆e6e|🫩\n|\n|t:|1771254436\n|move|p1a: Raging Bolt|Dragon Pulse|p2a: Nanomachines\n|-resisted|p2a: Nanomachines\n|-damage|p2a: Nanomachines|52/100\n|move|p2a: Nanomachines|Gyro Ball|p1a: Raging Bolt\n|-resisted|p1a: Raging Bolt\n|-damage|p1a: Raging Bolt|3/100\n|\n|-heal|p2a: Nanomachines|58/100|[from] item: Leftovers\n|-damage|p1a: Raging Bolt|0 fnt|[from] Leech Seed|[of] p2a: Nanomachines\n|-heal|p2a: Nanomachines|60/100|[silent]\n|faint|p1a: Raging Bolt\n|-end|p1a: Raging Bolt|Protosynthesis|[silent]\n|upkeep\n|\n|t:|1771254439\n|switch|p1a: Tornadus|Tornadus-Therian, M|100/100\n|-damage|p1a: Tornadus|76/100|[from] Stealth Rock\n|turn|19\n|\n|t:|1771254447\n|switch|p2a: Tyranitar|Tyranitar, M|100/100\n|-weather|Sandstorm|[from] ability: Sand Stream|[of] p2a: Tyranitar\n|move|p1a: Tornadus|Heat Wave|p2a: Tyranitar\n|-resisted|p2a: Tyranitar\n|-damage|p2a: Tyranitar|92/100\n|\n|-weather|Sandstorm|[upkeep]\n|-damage|p1a: Tornadus|70/100|[from] Sandstorm\n|upkeep\n|turn|20\n|\n|t:|1771254451\n|detailschange|p2a: Tyranitar|Tyranitar-Mega, M\n|-mega|p2a: Tyranitar|Tyranitar|Tyranitarite\n|move|p1a: Tornadus|Focus Blast|p2a: Tyranitar\n|-supereffective|p2a: Tyranitar\n|-damage|p2a: Tyranitar|14/100\n|move|p2a: Tyranitar|Knock Off|p1a: Tornadus\n|-damage|p1a: Tornadus|0 fnt\n|-enditem|p1a: Tornadus|Red Card|[from] move: Knock Off|[of] p2a: Tyranitar\n|faint|p1a: Tornadus\n|\n|-weather|Sandstorm|[upkeep]\n|upkeep\n|\n|t:|1771254462\n|switch|p1a: Great Tusk|Great Tusk|100/100\n|-damage|p1a: Great Tusk|98/100|[from] Stealth Rock\n|-enditem|p1a: Great Tusk|Booster Energy\n|-activate|p1a: Great Tusk|ability: Protosynthesis|[fromitem]\n|-start|p1a: Great Tusk|protosynthesisspe\n|turn|21\n|\n|t:|1771254466\n|switch|p2a: Lando Tee|Landorus-Therian, M|100/100\n|-ability|p2a: Lando Tee|Intimidate|boost\n|-unboost|p1a: Great Tusk|atk|1\n|move|p1a: Great Tusk|Bulk Up|p1a: Great Tusk\n|-boost|p1a: Great Tusk|atk|1\n|-boost|p1a: Great Tusk|def|1\n|\n|-weather|Sandstorm|[upkeep]\n|upkeep\n|turn|22\n|\n|t:|1771254469\n|move|p1a: Great Tusk|Bulk Up|p1a: Great Tusk\n|-boost|p1a: Great Tusk|atk|1\n|-boost|p1a: Great Tusk|def|1\n|move|p2a: Lando Tee|Toxic|p1a: Great Tusk\n|-status|p1a: Great Tusk|tox\n|\n|-weather|Sandstorm|[upkeep]\n|-damage|p1a: Great Tusk|91/100 tox|[from] psn\n|upkeep\n|turn|23\n|\n|t:|1771254474\n|move|p1a: Great Tusk|Bulk Up|p1a: Great Tusk\n|-boost|p1a: Great Tusk|atk|1\n|-boost|p1a: Great Tusk|def|1\n|move|p2a: Lando Tee|U-turn|p1a: Great Tusk\n|-resisted|p1a: Great Tusk\n|-damage|p1a: Great Tusk|89/100 tox\n|\n|t:|1771254486\n|switch|p2a: Fih|Alomomola, F|65/100|[from] U-turn\n|\n|-weather|none\n|-damage|p1a: Great Tusk|76/100 tox|[from] psn\n|upkeep\n|turn|24\n|\n|t:|1771254492\n|move|p2a: Fih|Aqua Jet|p1a: Great Tusk\n|-supereffective|p1a: Great Tusk\n|-damage|p1a: Great Tusk|71/100 tox\n|move|p1a: Great Tusk|Headlong Rush|p2a: Fih\n|-damage|p2a: Fih|0 fnt\n|-unboost|p1a: Great Tusk|def|1\n|-unboost|p1a: Great Tusk|spd|1\n|faint|p2a: Fih\n|\n|-damage|p1a: Great Tusk|52/100 tox|[from] psn\n|upkeep\n|\n|t:|1771254503\n|switch|p2a: Val|Iron Valiant|100/100\n|turn|25\n|\n|t:|1771254512\n|move|p2a: Val|Vacuum Wave|p1a: Great Tusk\n|-damage|p1a: Great Tusk|0 fnt\n|faint|p1a: Great Tusk\n|-end|p1a: Great Tusk|Protosynthesis|[silent]\n|\n|upkeep\n|-message|e6e forfeited.\n|\n|win|Domin0999\n|raw|e6e's rating: 1598 &rarr; <strong>1581</strong><br />(-17 for losing)\n|raw|Domin0999's rating: 1644 &rarr; <strong>1661</strong><br />(+17 for winning)\n|l|☆e6e\n|player|p1|\n|l|☆Domin0999\n|player|p2|\n", "uploadtime": 1771254773, "views": 4, "formatid": "gen9nationaldex", "rating": 1581, "private": 0, "password": null}