{"id": "gen9nationaldex-2540948044", "format": "[Gen 9] National Dex", "players": ["jerseyiteMa", "Astroditis"], "log": "|j|☆jerseyiteMa\n|j|☆Astroditis\n|t:|1771269901\n|gametype|singles\n|player|p1|jerseyiteMa|shelly|1599\n|player|p2|Astroditis|pryce|1574\n|gen|9\n|tier|[Gen 9] National Dex\n|rated|\n|rule|HP Percentage Mod: HP is shown in percentages\n|rule|Endless Battle Clause: Forcing endless battles is banned\n|rule|Species Clause: Limit one of each Pokémon\n|rule|OHKO Clause: OHKO moves are banned\n|rule|Evasion Clause: Evasion abilities, items, and moves are banned\n|rule|Evasion Abilities Clause: Evasion abilities are banned\n|rule|Evasion Items Clause: Evasion items are banned\n|rule|Evasion Moves Clause: Evasion moves are banned\n|rule|Sleep Clause Mod: Limit one foe put to sleep\n|rule|Terastal Clause: You cannot Terastallize\n|clearpoke\n|poke|p1|Mawile, M|\n|poke|p1|Zapdos|\n|poke|p1|Ting-Lu|\n|poke|p1|Alomomola, F|\n|poke|p1|Gholdengo|\n|poke|p1|Buzzwole|\n|poke|p2|Ting-Lu|\n|poke|p2|Toxapex, F|\n|poke|p2|Tapu Lele|\n|poke|p2|Xurkitree|\n|poke|p2|Hawlucha, M|\n|poke|p2|Moltres|\n|teampreview\n|inactive|Battle timer is ON: inactive players will automatically lose when time's up. (requested by Astroditis)\n|l|☆jerseyiteMa\n|inactive|jerseyiteMa disconnected and has a minute to reconnect!\n|player|p1|\n|j|☆jerseyiteMa\n|inactive|jerseyiteMa reconnected and has 135 seconds left.\n|player|p1|jerseyiteMa|shelly|\n|inactive|jerseyiteMa has 120 seconds left.\n|l|☆jerseyiteMa\n|inactive|jerseyiteMa disconnected and has a minute to reconnect!\n|player|p1|\n|j|☆jerseyiteMa\n|inactive|jerseyiteMa reconnected and has 90 seconds left.\n|player|p1|jerseyiteMa|shelly|\n|inactive|jerseyiteMa has 60 seconds left.\n|\n|t:|1771269993\n|teamsize|p1|6\n|teamsize|p2|6\n|start\n|switch|p1a: Gholdengo|Gholdengo|100/100\n|switch|p2a: Tapu Lele|Tapu Lele|100/100\n|-fieldstart|move: Psychic Terrain|[from] ability: Psychic Surge|[of] p2a: Tapu Lele\n|turn|1\n|\n|t:|1771270001\n|switch|p2a: Ting-Lu|Ting-Lu|100/100\n|-ability|p2a: Ting-Lu|Vessel of Ruin\n|move|p1a: Gholdengo|Make It Rain|p2a: Ting-Lu\n|-damage|p2a: Ting-Lu|72/100\n|-unboost|p1a: Gholdengo|spa|1\n|\n|-heal|p2a: Ting-Lu|78/100|[from] item: Leftovers\n|upkeep\n|turn|2\n|\n|t:|1771270010\n|switch|p1a: Alomomola|Alomomola, F|100/100\n|move|p2a: Ting-Lu|Stealth Rock|p1a: Alomomola\n|-sidestart|p1: jerseyiteMa|move: Stealth Rock\n|\n|-heal|p2a: Ting-Lu|84/100|[from] item: Leftovers\n|upkeep\n|turn|3\n|\n|t:|1771270035\n|switch|p2a: Toxapex|Toxapex, F|100/100\n|move|p1a: Alomomola|Flip Turn|p2a: Toxapex\n|-resisted|p2a: Toxapex\n|-crit|p2a: Toxapex\n|-damage|p2a: Toxapex|94/100\n|\n|t:|1771270041\n|switch|p1a: Gholdengo|Gholdengo|100/100|[from] Flip Turn\n|-damage|p1a: Gholdengo|94/100|[from] Stealth Rock\n|\n|-heal|p2a: Toxapex|99/100|[from] item: Black Sludge\n|upkeep\n|turn|4\n|\n|t:|1771270044\n|switch|p2a: Ting-Lu|Ting-Lu|84/100\n|-ability|p2a: Ting-Lu|Vessel of Ruin\n|move|p1a: Gholdengo|Trick|p2a: Ting-Lu\n|-activate|p1a: Gholdengo|move: Trick|[of] p2a: Ting-Lu\n|-item|p2a: Ting-Lu|Choice Scarf|[from] move: Trick\n|-item|p1a: Gholdengo|Leftovers|[from] move: Trick\n|\n|-heal|p1a: Gholdengo|100/100|[from] item: Leftovers\n|upkeep\n|turn|5\n|\n|t:|1771270050\n|switch|p1a: Zapdos|Zapdos|100/100\n|move|p2a: Ting-Lu|Earthquake|p1a: Zapdos\n|-immune|p1a: Zapdos\n|\n|-fieldend|move: Psychic Terrain\n|upkeep\n|turn|6\n|\n|t:|1771270061\n|switch|p2a: Xurkitree|Xurkitree|100/100\n|move|p1a: Zapdos|Defog|p2a: Xurkitree\n|-unboost|p2a: Xurkitree|evasion|1\n|-sideend|p1: jerseyiteMa|Stealth Rock|[from] move: Defog|[of] p1a: Zapdos\n|\n|upkeep\n|turn|7\n|\n|t:|1771270075\n|switch|p2a: Tapu Lele|Tapu Lele|100/100\n|-fieldstart|move: Psychic Terrain|[from] ability: Psychic Surge|[of] p2a: Tapu Lele\n|switch|p1a: Ting-Lu|Ting-Lu|100/100\n|-ability|p1a: Ting-Lu|Vessel of Ruin\n|\n|upkeep\n|turn|8\n|inactive|jerseyiteMa has 120 seconds left.\n|\n|t:|1771270123\n|move|p2a: Tapu Lele|Moonblast|p1a: Ting-Lu\n|-supereffective|p1a: Ting-Lu\n|-damage|p1a: Ting-Lu|46/100\n|-unboost|p1a: Ting-Lu|spa|1\n|-damage|p2a: Tapu Lele|91/100|[from] item: Life Orb\n|move|p1a: Ting-Lu|Stealth Rock|p2a: Tapu Lele\n|-sidestart|p2: Astroditis|move: Stealth Rock\n|\n|-heal|p1a: Ting-Lu|52/100|[from] item: Leftovers\n|upkeep\n|turn|9\n|\n|t:|1771270145\n|switch|p1a: Gholdengo|Gholdengo|100/100\n|move|p2a: Tapu Lele|Moonblast|p1a: Gholdengo\n|-resisted|p1a: Gholdengo\n|-damage|p1a: Gholdengo|62/100\n|-unboost|p1a: Gholdengo|spa|1\n|-damage|p2a: Tapu Lele|81/100|[from] item: Life Orb\n|\n|-heal|p1a: Gholdengo|68/100|[from] item: Leftovers\n|upkeep\n|turn|10\n|\n|t:|1771270158\n|switch|p2a: Ting-Lu|Ting-Lu|84/100\n|-damage|p2a: Ting-Lu|78/100|[from] Stealth Rock\n|-ability|p2a: Ting-Lu|Vessel of Ruin\n|move|p1a: Gholdengo|Make It Rain|p2a: Ting-Lu\n|-damage|p2a: Ting-Lu|59/100\n|-unboost|p1a: Gholdengo|spa|1\n|\n|-heal|p1a: Gholdengo|74/100|[from] item: Leftovers\n|upkeep\n|turn|11\n|\n|t:|1771270164\n|switch|p1a: Zapdos|Zapdos|100/100\n|move|p2a: Ting-Lu|Stealth Rock|p1a: Zapdos\n|-sidestart|p1: jerseyiteMa|move: Stealth Rock\n|\n|-fieldend|move: Psychic Terrain\n|upkeep\n|turn|12\n|\n|t:|1771270171\n|switch|p2a: Xurkitree|Xurkitree|100/100\n|-damage|p2a: Xurkitree|88/100|[from] Stealth Rock\n|move|p1a: Zapdos|Volt Switch|p2a: Xurkitree\n|-resisted|p2a: Xurkitree\n|-damage|p2a: Xurkitree|67/100\n|inactive|jerseyiteMa has 120 seconds left.\n|\n|t:|1771270185\n|switch|p1a: Ting-Lu|Ting-Lu|52/100|[from] Volt Switch\n|-damage|p1a: Ting-Lu|46/100|[from] Stealth Rock\n|-ability|p1a: Ting-Lu|Vessel of Ruin\n|\n|-heal|p1a: Ting-Lu|52/100|[from] item: Leftovers\n|upkeep\n|turn|13\n|\n|t:|1771270191\n|switch|p2a: Hawlucha|Hawlucha, M|100/100\n|-damage|p2a: Hawlucha|88/100|[from] Stealth Rock\n|move|p1a: Ting-Lu|Earthquake|p2a: Hawlucha\n|-immune|p2a: Hawlucha\n|\n|-heal|p1a: Ting-Lu|58/100|[from] item: Leftovers\n|upkeep\n|turn|14\n|\n|t:|1771270196\n|switch|p1a: Mawile|Mawile, M|100/100\n|-damage|p1a: Mawile|95/100|[from] Stealth Rock\n|-ability|p1a: Mawile|Intimidate|boost\n|-unboost|p2a: Hawlucha|atk|1\n|move|p2a: Hawlucha|Swords Dance|p2a: Hawlucha\n|-boost|p2a: Hawlucha|atk|2\n|\n|upkeep\n|turn|15\n|\n|t:|1771270209\n|detailschange|p1a: Mawile|Mawile-Mega, M\n|-mega|p1a: Mawile|Mawile|Mawilite\n|move|p2a: Hawlucha|Close Combat|p1a: Mawile\n|-damage|p1a: Mawile|19/100\n|-unboost|p2a: Hawlucha|def|1\n|-unboost|p2a: Hawlucha|spd|1\n|move|p1a: Mawile|Play Rough|p2a: Hawlucha\n|-supereffective|p2a: Hawlucha\n|-damage|p2a: Hawlucha|0 fnt\n|faint|p2a: Hawlucha\n|\n|upkeep\n|\n|t:|1771270214\n|switch|p2a: Tapu Lele|Tapu Lele|81/100\n|-damage|p2a: Tapu Lele|68/100|[from] Stealth Rock\n|-fieldstart|move: Psychic Terrain|[from] ability: Psychic Surge|[of] p2a: Tapu Lele\n|turn|16\n|\n|t:|1771270224\n|switch|p1a: Gholdengo|Gholdengo|74/100\n|-damage|p1a: Gholdengo|68/100|[from] Stealth Rock\n|move|p2a: Tapu Lele|Moonblast|p1a: Gholdengo\n|-resisted|p1a: Gholdengo\n|-damage|p1a: Gholdengo|31/100\n|-damage|p2a: Tapu Lele|58/100|[from] item: Life Orb\n|\n|-heal|p1a: Gholdengo|37/100|[from] item: Leftovers\n|upkeep\n|turn|17\n|inactive|jerseyiteMa has 120 seconds left.\n|\n|t:|1771270256\n|move|p2a: Tapu Lele|Hidden Power|p1a: Gholdengo\n|-supereffective|p1a: Gholdengo\n|-damage|p1a: Gholdengo|0 fnt\n|faint|p1a: Gholdengo\n|-damage|p2a: Tapu Lele|48/100|[from] item: Life Orb\n|\n|upkeep\n|inactive|jerseyiteMa has 120 seconds left.\n|\n|t:|1771270264\n|switch|p1a: Ting-Lu|Ting-Lu|58/100\n|-damage|p1a: Ting-Lu|52/100|[from] Stealth Rock\n|-ability|p1a: Ting-Lu|Vessel of Ruin\n|turn|18\n|\n|t:|1771270269\n|switch|p2a: Toxapex|Toxapex, F|100/100\n|-damage|p2a: Toxapex|88/100|[from] Stealth Rock\n|move|p1a: Ting-Lu|Earthquake|p2a: Toxapex\n|-supereffective|p2a: Toxapex\n|-damage|p2a: Toxapex|41/100\n|\n|-heal|p1a: Ting-Lu|58/100|[from] item: Leftovers\n|-heal|p2a: Toxapex|47/100|[from] item: Black Sludge\n|upkeep\n|turn|19\n|\n|t:|1771270276\n|move|p1a: Ting-Lu|Earthquake|p2a: Toxapex\n|-supereffective|p2a: Toxapex\n|-damage|p2a: Toxapex|5/100\n|move|p2a: Toxapex|Toxic|p1a: Ting-Lu\n|-status|p1a: Ting-Lu|tox\n|\n|-heal|p1a: Ting-Lu|65/100 tox|[from] item: Leftovers\n|-heal|p2a: Toxapex|12/100|[from] item: Black Sludge\n|-damage|p1a: Ting-Lu|58/100 tox|[from] psn\n|upkeep\n|turn|20\n|\n|t:|1771270280\n|move|p1a: Ting-Lu|Earthquake|p2a: Toxapex\n|-supereffective|p2a: Toxapex\n|-crit|p2a: Toxapex\n|-damage|p2a: Toxapex|0 fnt\n|faint|p2a: Toxapex\n|\n|-heal|p1a: Ting-Lu|65/100 tox|[from] item: Leftovers\n|-damage|p1a: Ting-Lu|52/100 tox|[from] psn\n|-fieldend|move: Psychic Terrain\n|upkeep\n|\n|t:|1771270282\n|switch|p2a: Moltres|Moltres|100/100\n|turn|21\n|\n|t:|1771270285\n|switch|p1a: Alomomola|Alomomola, F|100/100\n|move|p2a: Moltres|Defog|p1a: Alomomola\n|-unboost|p1a: Alomomola|evasion|1\n|-sideend|p1: jerseyiteMa|Stealth Rock|[from] move: Defog|[of] p2a: Moltres\n|-sideend|p2: Astroditis|Stealth Rock|[from] move: Defog|[of] p2a: Moltres\n|\n|upkeep\n|turn|22\n|\n|t:|1771270290\n|move|p2a: Moltres|Toxic|p1a: Alomomola\n|-status|p1a: Alomomola|tox\n|move|p1a: Alomomola|Toxic|p2a: Moltres\n|-status|p2a: Moltres|tox\n|\n|-damage|p2a: Moltres|94/100 tox|[from] psn\n|-damage|p1a: Alomomola|94/100 tox|[from] psn\n|upkeep\n|turn|23\n|\n|t:|1771270299\n|switch|p2a: Xurkitree|Xurkitree|67/100\n|move|p1a: Alomomola|Flip Turn|p2a: Xurkitree\n|-damage|p2a: Xurkitree|42/100\n|\n|t:|1771270308\n|switch|p1a: Mawile|Mawile-Mega, M|19/100|[from] Flip Turn\n|\n|upkeep\n|turn|24\n|\n|t:|1771270313\n|switch|p2a: Moltres|Moltres|94/100 tox\n|move|p1a: Mawile|Sucker Punch||[still]\n|-fail|p1a: Mawile\n|\n|-damage|p2a: Moltres|88/100 tox|[from] psn\n|upkeep\n|turn|25\n|\n|t:|1771270318\n|switch|p1a: Alomomola|Alomomola, F|100/100 tox\n|move|p2a: Moltres|Flamethrower|p1a: Alomomola\n|-resisted|p1a: Alomomola\n|-damage|p1a: Alomomola|84/100 tox\n|\n|-damage|p2a: Moltres|76/100 tox|[from] psn\n|-damage|p1a: Alomomola|77/100 tox|[from] psn\n|upkeep\n|turn|26\n|\n|t:|1771270323\n|switch|p2a: Xurkitree|Xurkitree|42/100\n|move|p1a: Alomomola|Wish|p1a: Alomomola\n|\n|-damage|p1a: Alomomola|65/100 tox|[from] psn\n|upkeep\n|turn|27\n|\n|t:|1771270328\n|switch|p1a: Ting-Lu|Ting-Lu|52/100 tox\n|-ability|p1a: Ting-Lu|Vessel of Ruin\n|move|p2a: Xurkitree|Energy Ball|p1a: Ting-Lu\n|-supereffective|p1a: Ting-Lu\n|-damage|p1a: Ting-Lu|20/100 tox\n|\n|-heal|p1a: Ting-Lu|66/100 tox|[from] move: Wish|[wisher] Alomomola\n|-heal|p1a: Ting-Lu|72/100 tox|[from] item: Leftovers\n|-damage|p1a: Ting-Lu|66/100 tox|[from] psn\n|upkeep\n|turn|28\n|\n|t:|1771270341\n|switch|p1a: Alomomola|Alomomola, F|98/100 tox\n|move|p2a: Xurkitree|Energy Ball|p1a: Alomomola\n|-supereffective|p1a: Alomomola\n|-crit|p1a: Alomomola\n|-damage|p1a: Alomomola|0 fnt\n|faint|p1a: Alomomola\n|-ability|p2a: Xurkitree|Beast Boost|boost\n|-boost|p2a: Xurkitree|spa|1\n|\n|upkeep\n|\n|t:|1771270347\n|switch|p1a: Buzzwole|Buzzwole|100/100\n|turn|29\n|\n|t:|1771270350\n|switch|p2a: Moltres|Moltres|76/100 tox\n|move|p1a: Buzzwole|Stone Edge|p2a: Moltres\n|-supereffective|p2a: Moltres\n|-damage|p2a: Moltres|0 fnt\n|faint|p2a: Moltres\n|-ability|p1a: Buzzwole|Beast Boost|boost\n|-boost|p1a: Buzzwole|atk|1\n|\n|upkeep\n|\n|t:|1771270357\n|switch|p2a: Tapu Lele|Tapu Lele|48/100\n|-fieldstart|move: Psychic Terrain|[from] ability: Psychic Surge|[of] p2a: Tapu Lele\n|turn|30\n|\n|t:|1771270366\n|switch|p1a: Zapdos|Zapdos|100/100\n|move|p2a: Tapu Lele|Moonblast|p1a: Zapdos\n|-damage|p1a: Zapdos|43/100\n|-damage|p2a: Tapu Lele|38/100|[from] item: Life Orb\n|\n|upkeep\n|turn|31\n|inactive|Astroditis has 120 seconds left.\n|\n|t:|1771270399\n|move|p2a: Tapu Lele|Moonblast|p1a: Zapdos\n|-damage|p1a: Zapdos|0 fnt\n|faint|p1a: Zapdos\n|-damage|p2a: Tapu Lele|28/100|[from] item: Life Orb\n|\n|upkeep\n|\n|t:|1771270406\n|switch|p1a: Buzzwole|Buzzwole|100/100\n|turn|32\n|\n|t:|1771270410\n|move|p1a: Buzzwole|Leech Life|p2a: Tapu Lele\n|-damage|p2a: Tapu Lele|0 fnt\n|faint|p2a: Tapu Lele\n|-ability|p1a: Buzzwole|Beast Boost|boost\n|-boost|p1a: Buzzwole|atk|1\n|\n|upkeep\n|\n|t:|1771270422\n|switch|p2a: Xurkitree|Xurkitree|42/100\n|turn|33\n|\n|t:|1771270427\n|move|p2a: Xurkitree|Thunderbolt|p1a: Buzzwole\n|-damage|p1a: Buzzwole|16/100\n|move|p1a: Buzzwole|Leech Life|p2a: Xurkitree\n|-damage|p2a: Xurkitree|0 fnt\n|-heal|p1a: Buzzwole|34/100|[from] drain|[of] p2a: Xurkitree\n|faint|p2a: Xurkitree\n|-ability|p1a: Buzzwole|Beast Boost|boost\n|-boost|p1a: Buzzwole|atk|1\n|\n|upkeep\n|c|☆Astroditis|gg\n|-message|Astroditis forfeited.\n|\n|win|jerseyiteMa\n|raw|jerseyiteMa's rating: 1599 &rarr; <strong>1618</strong><br />(+19 for winning)\n|raw|Astroditis's rating: 1574 &rarr; <strong>1555</strong><br />(-19 for losing)\n|l|☆Astroditis\n|player|p2|\n|c|☆jerseyiteMa|gg\n|l|☆jerseyiteMa\n|player|p1|\n", "uploadtime": 1771270572, "views": 0, "formatid": "gen9nationaldex", "rating": 1555, "private": 0, "password": null}