{"id": "gen9nationaldex-2540662889", "format": "[Gen 9] National Dex", "players": ["leason", "shierrr"], "log": "|j|☆leason\n|j|☆shierrr\n|t:|1771236306\n|gametype|singles\n|player|p1|leason|clerkf|1621\n|player|p2|shierrr|maid|1589\n|gen|9\n|tier|[Gen 9] National Dex\n|rated|\n|rule|HP Percentage Mod: HP is shown in percentages\n|rule|Endless Battle Clause: Forcing endless battles is banned\n|rule|Species Clause: Limit one of each Pokémon\n|rule|OHKO Clause: OHKO moves are banned\n|rule|Evasion Clause: Evasion abilities, items, and moves are banned\n|rule|Evasion Abilities Clause: Evasion abilities are banned\n|rule|Evasion Items Clause: Evasion items are banned\n|rule|Evasion Moves Clause: Evasion moves are banned\n|rule|Sleep Clause Mod: Limit one foe put to sleep\n|rule|Terastal Clause: You cannot Terastallize\n|clearpoke\n|poke|p1|Ceruledge, F|\n|poke|p1|Latios, M|\n|poke|p1|Landorus-Therian, M|\n|poke|p1|Alomomola, F|\n|poke|p1|Iron Valiant|\n|poke|p1|Kingambit, M|\n|poke|p2|Glimmora, M|\n|poke|p2|Sinistcha-Masterpiece|\n|poke|p2|Terapagos, M|\n|poke|p2|Zamazenta-*|\n|poke|p2|Kingambit, F|\n|poke|p2|Charizard, M|\n|teampreview\n|inactive|Battle timer is ON: inactive players will automatically lose when time's up. (requested by leason)\n|\n|t:|1771236318\n|teamsize|p1|6\n|teamsize|p2|6\n|start\n|switch|p1a: Latios|Latios, M, shiny|100/100\n|switch|p2a: Glimmora|Glimmora, M|100/100\n|turn|1\n|\n|t:|1771236323\n|detailschange|p1a: Latios|Latios-Mega, M, shiny\n|-mega|p1a: Latios|Latios|Latiosite\n|move|p1a: Latios|Luster Purge|p2a: Glimmora\n|-supereffective|p2a: Glimmora\n|-enditem|p2a: Glimmora|Focus Sash\n|-damage|p2a: Glimmora|1/100\n|move|p2a: Glimmora|Stealth Rock|p1a: Latios\n|-sidestart|p1: leason|move: Stealth Rock\n|\n|upkeep\n|turn|2\n|\n|t:|1771236332\n|switch|p2a: Charizard|Charizard, M|100/100\n|move|p1a: Latios|Mystical Fire|p2a: Charizard\n|-resisted|p2a: Charizard\n|-damage|p2a: Charizard|82/100\n|-unboost|p2a: Charizard|spa|1\n|\n|upkeep\n|turn|3\n|\n|t:|1771236340\n|switch|p2a: Sinistcha|Sinistcha-Masterpiece|100/100\n|move|p1a: Latios|Draco Meteor|p2a: Sinistcha\n|-damage|p2a: Sinistcha|14/100\n|-unboost|p1a: Latios|spa|2\n|\n|-heal|p2a: Sinistcha|20/100|[from] item: Leftovers\n|upkeep\n|turn|4\n|\n|t:|1771236347\n|move|p1a: Latios|Mystical Fire|p2a: Sinistcha\n|-supereffective|p2a: Sinistcha\n|-crit|p2a: Sinistcha\n|-damage|p2a: Sinistcha|0 fnt\n|faint|p2a: Sinistcha\n|\n|upkeep\n|\n|t:|1771236351\n|switch|p2a: Kingambit|Kingambit, F|100/100\n|turn|5\n|\n|t:|1771236353\n|move|p1a: Latios|Flip Turn|p2a: Kingambit\n|-damage|p2a: Kingambit|90/100\n|-activate|p1a: Latios|move: Pursuit\n|move|p2a: Kingambit|Pursuit|p1a: Latios|[from] Pursuit\n|-supereffective|p1a: Latios\n|-crit|p1a: Latios\n|-damage|p1a: Latios|0 fnt\n|faint|p1a: Latios\n|detailschange|p1: Latios|Latios, M, shiny|[silent]\n|\n|upkeep\n|\n|t:|1771236365\n|switch|p1a: Landorus|Landorus-Therian, M, shiny|100/100\n|-damage|p1a: Landorus|88/100|[from] Stealth Rock\n|-ability|p1a: Landorus|Intimidate|boost\n|-unboost|p2a: Kingambit|atk|1\n|-ability|p2a: Kingambit|Defiant|boost\n|-boost|p2a: Kingambit|atk|2\n|turn|6\n|\n|t:|1771236368\n|move|p1a: Landorus|Earthquake|p2a: Kingambit\n|-supereffective|p2a: Kingambit\n|-damage|p2a: Kingambit|21/100\n|move|p2a: Kingambit|Knock Off|p1a: Landorus\n|-damage|p1a: Landorus|11/100\n|-enditem|p1a: Landorus|Sitrus Berry|[from] move: Knock Off|[of] p2a: Kingambit\n|\n|upkeep\n|turn|7\n|\n|t:|1771236372\n|move|p2a: Kingambit|Sucker Punch||[still]\n|-fail|p2a: Kingambit\n|move|p1a: Landorus|Stealth Rock|p2a: Kingambit\n|-sidestart|p2: shierrr|move: Stealth Rock\n|\n|upkeep\n|turn|8\n|\n|t:|1771236376\n|move|p2a: Kingambit|Sucker Punch|p1a: Landorus\n|-damage|p1a: Landorus|0 fnt\n|faint|p1a: Landorus\n|\n|upkeep\n|\n|t:|1771236385\n|switch|p1a: Kingambit|Kingambit, M, shiny|100/100\n|-damage|p1a: Kingambit|94/100|[from] Stealth Rock\n|-activate|p1a: Kingambit|ability: Supreme Overlord\n|-start|p1a: Kingambit|fallen2|[silent]\n|turn|9\n|\n|t:|1771236406\n|switch|p2a: Zamazenta|Zamazenta|100/100\n|-damage|p2a: Zamazenta|94/100|[from] Stealth Rock\n|-ability|p2a: Zamazenta|Dauntless Shield|boost\n|-boost|p2a: Zamazenta|def|1\n|move|p1a: Kingambit|Knock Off|p2a: Zamazenta\n|-resisted|p2a: Zamazenta\n|-damage|p2a: Zamazenta|74/100\n|-enditem|p2a: Zamazenta|Leftovers|[from] move: Knock Off|[of] p1a: Kingambit\n|\n|upkeep\n|turn|10\n|\n|t:|1771236414\n|switch|p2a: Terapagos|Terapagos, M|100/100\n|-activate|p2a: Terapagos|ability: Tera Shift\n|detailschange|p2a: Terapagos|Terapagos-Terastal, M\n|-heal|p2a: Terapagos|100/100|[silent]\n|-end|p1a: Kingambit|fallen2|[silent]\n|switch|p1a: Alomomola|Alomomola, F|100/100\n|-damage|p1a: Alomomola|88/100|[from] Stealth Rock\n|\n|upkeep\n|turn|11\n|\n|t:|1771236423\n|move|p2a: Terapagos|Rapid Spin|p1a: Alomomola\n|-damage|p1a: Alomomola|80/100\n|-boost|p2a: Terapagos|spe|1\n|-damage|p2a: Terapagos|84/100|[from] item: Rocky Helmet|[of] p1a: Alomomola\n|-sideend|p2: shierrr|Stealth Rock|[from] move: Rapid Spin|[of] p2a: Terapagos\n|move|p1a: Alomomola|Flip Turn|p2a: Terapagos\n|-crit|p2a: Terapagos\n|-damage|p2a: Terapagos|62/100\n|\n|t:|1771236426\n|switch|p1a: Iron Valiant|Iron Valiant, shiny|100/100|[from] Flip Turn\n|-damage|p1a: Iron Valiant|94/100|[from] Stealth Rock\n|\n|upkeep\n|turn|12\n|\n|t:|1771236432\n|move|p1a: Iron Valiant|Close Combat|p2a: Terapagos\n|-supereffective|p2a: Terapagos\n|-damage|p2a: Terapagos|0 fnt\n|-unboost|p1a: Iron Valiant|def|1\n|-unboost|p1a: Iron Valiant|spd|1\n|faint|p2a: Terapagos\n|\n|upkeep\n|\n|t:|1771236440\n|switch|p2a: Glimmora|Glimmora, M|1/100\n|turn|13\n|\n|t:|1771236448\n|move|p1a: Iron Valiant|Close Combat|p2a: Glimmora\n|-damage|p2a: Glimmora|0 fnt\n|-unboost|p1a: Iron Valiant|def|1\n|-unboost|p1a: Iron Valiant|spd|1\n|-activate|p2a: Glimmora|ability: Toxic Debris\n|-sidestart|p1: leason|move: Toxic Spikes\n|faint|p2a: Glimmora\n|\n|upkeep\n|\n|t:|1771236451\n|switch|p2a: Charizard|Charizard, M|82/100\n|turn|14\n|\n|t:|1771236455\n|-end|p1a: Iron Valiant|Quark Drive|[silent]\n|switch|p1a: Ceruledge|Ceruledge, F, shiny|100/100\n|-damage|p1a: Ceruledge|76/100|[from] Stealth Rock\n|-status|p1a: Ceruledge|psn\n|detailschange|p2a: Charizard|Charizard-Mega-Y, M\n|-mega|p2a: Charizard|Charizard|Charizardite Y\n|-weather|SunnyDay|[from] ability: Drought|[of] p2a: Charizard\n|move|p2a: Charizard|Scorching Sands|p1a: Ceruledge\n|-supereffective|p1a: Ceruledge\n|-damage|p1a: Ceruledge|11/100 psn\n|-enditem|p1a: Ceruledge|Weakness Policy\n|-boost|p1a: Ceruledge|atk|2|[from] item: Weakness Policy\n|-boost|p1a: Ceruledge|spa|2|[from] item: Weakness Policy\n|\n|-weather|SunnyDay|[upkeep]\n|-damage|p1a: Ceruledge|0 fnt|[from] psn\n|faint|p1a: Ceruledge\n|upkeep\n|\n|t:|1771236460\n|switch|p1a: Kingambit|Kingambit, M, shiny|94/100\n|-damage|p1a: Kingambit|88/100|[from] Stealth Rock\n|-activate|p1a: Kingambit|ability: Supreme Overlord\n|-start|p1a: Kingambit|fallen3|[silent]\n|turn|15\n|\n|t:|1771236467\n|move|p1a: Kingambit|Sucker Punch|p2a: Charizard\n|-damage|p2a: Charizard|0 fnt\n|faint|p2a: Charizard\n|detailschange|p2: Charizard|Charizard, M|[silent]\n|\n|-weather|SunnyDay|[upkeep]\n|upkeep\n|\n|t:|1771236471\n|switch|p2a: Zamazenta|Zamazenta|74/100\n|turn|16\n|\n|t:|1771236474\n|-end|p1a: Kingambit|fallen3|[silent]\n|switch|p1a: Alomomola|Alomomola, F|100/100\n|-damage|p1a: Alomomola|88/100|[from] Stealth Rock\n|-status|p1a: Alomomola|psn\n|move|p2a: Zamazenta|Iron Defense|p2a: Zamazenta\n|-boost|p2a: Zamazenta|def|2\n|\n|-weather|SunnyDay|[upkeep]\n|-damage|p1a: Alomomola|76/100 psn|[from] psn\n|upkeep\n|turn|17\n|\n|t:|1771236477\n|move|p2a: Zamazenta|Substitute|p2a: Zamazenta\n|-start|p2a: Zamazenta|Substitute\n|-damage|p2a: Zamazenta|49/100\n|move|p1a: Alomomola|Flip Turn|p2a: Zamazenta\n|-activate|p2a: Zamazenta|move: Substitute|[damage]\n|\n|t:|1771236480\n|switch|p1a: Iron Valiant|Iron Valiant, shiny|94/100|[from] Flip Turn\n|-damage|p1a: Iron Valiant|88/100|[from] Stealth Rock\n|-status|p1a: Iron Valiant|psn\n|\n|-weather|SunnyDay|[upkeep]\n|-damage|p1a: Iron Valiant|76/100 psn|[from] psn\n|upkeep\n|turn|18\n|\n|t:|1771236489\n|move|p1a: Iron Valiant|Moonblast|p2a: Zamazenta\n|-supereffective|p2a: Zamazenta\n|-end|p2a: Zamazenta|Substitute\n|move|p2a: Zamazenta|Substitute|p2a: Zamazenta\n|-start|p2a: Zamazenta|Substitute\n|-damage|p2a: Zamazenta|25/100\n|\n|-weather|none\n|-damage|p1a: Iron Valiant|63/100 psn|[from] psn\n|upkeep\n|turn|19\n|\n|t:|1771236495\n|move|p1a: Iron Valiant|Moonblast|p2a: Zamazenta\n|-supereffective|p2a: Zamazenta\n|-end|p2a: Zamazenta|Substitute\n|move|p2a: Zamazenta|Body Press|p1a: Iron Valiant\n|-resisted|p1a: Iron Valiant\n|-damage|p1a: Iron Valiant|26/100 psn\n|\n|-damage|p1a: Iron Valiant|13/100 psn|[from] psn\n|upkeep\n|turn|20\n|\n|t:|1771236500\n|switch|p2a: Kingambit|Kingambit, F|21/100\n|move|p1a: Iron Valiant|Moonblast|p2a: Kingambit\n|-damage|p2a: Kingambit|0 fnt\n|faint|p2a: Kingambit\n|\n|-damage|p1a: Iron Valiant|1/100 psn|[from] psn\n|upkeep\n|\n|t:|1771236502\n|switch|p2a: Zamazenta|Zamazenta|25/100\n|turn|21\n|-message|shierrr forfeited.\n|\n|win|leason\n|raw|leason's rating: 1621 &rarr; <strong>1640</strong><br />(+19 for winning)\n|raw|shierrr's rating: 1612 &rarr; <strong>1593</strong><br />(-19 for losing)\n|l|☆shierrr\n|player|p2|\n|l|☆leason\n|player|p1|\n", "uploadtime": 1771236768, "views": 10, "formatid": "gen9nationaldex", "rating": 1593, "private": 0, "password": null}