{"id": "gen9nationaldex-2540297055", "format": "[Gen 9] National Dex", "players": ["Fatmexican1", "iammistagrinch"], "log": "|j|☆Fatmexican1\n|j|☆iammistagrinch\n|t:|1771185890\n|gametype|singles\n|player|p1|Fatmexican1|1|1695\n|player|p2|iammistagrinch|102|1635\n|gen|9\n|tier|[Gen 9] National Dex\n|rated|\n|rule|HP Percentage Mod: HP is shown in percentages\n|rule|Endless Battle Clause: Forcing endless battles is banned\n|rule|Species Clause: Limit one of each Pokémon\n|rule|OHKO Clause: OHKO moves are banned\n|rule|Evasion Clause: Evasion abilities, items, and moves are banned\n|rule|Evasion Abilities Clause: Evasion abilities are banned\n|rule|Evasion Items Clause: Evasion items are banned\n|rule|Evasion Moves Clause: Evasion moves are banned\n|rule|Sleep Clause Mod: Limit one foe put to sleep\n|rule|Terastal Clause: You cannot Terastallize\n|clearpoke\n|poke|p1|Heatran, M|\n|poke|p1|Mawile, M|\n|poke|p1|Serperior, F|\n|poke|p1|Azumarill, F|\n|poke|p1|Zapdos-Galar|\n|poke|p1|Latios, M|\n|poke|p2|Clefable, M|\n|poke|p2|Slowking-Galar, F|\n|poke|p2|Skarmory, M|\n|poke|p2|Latios, M|\n|poke|p2|Ting-Lu|\n|poke|p2|Gholdengo|\n|teampreview\n|inactive|Battle timer is ON: inactive players will automatically lose when time's up. (requested by iammistagrinch)\n|\n|t:|1771185898\n|teamsize|p1|6\n|teamsize|p2|6\n|start\n|switch|p1a: Latios|Latios, M|100/100\n|switch|p2a: Ting-Lu|Ting-Lu|100/100\n|-ability|p2a: Ting-Lu|Vessel of Ruin\n|turn|1\n|\n|t:|1771185905\n|move|p1a: Latios|Surf|p2a: Ting-Lu\n|-supereffective|p2a: Ting-Lu\n|-damage|p2a: Ting-Lu|61/100\n|move|p2a: Ting-Lu|Ruination|p1a: Latios\n|-damage|p1a: Latios|51/100\n|\n|-heal|p2a: Ting-Lu|67/100|[from] item: Leftovers\n|upkeep\n|turn|2\n|\n|t:|1771185912\n|switch|p2a: Slowking|Slowking-Galar, F|100/100\n|move|p1a: Latios|Surf|p2a: Slowking\n|-damage|p2a: Slowking|66/100\n|\n|upkeep\n|turn|3\n|\n|t:|1771185918\n|switch|p1a: Heatran|Heatran, M|100/100\n|move|p2a: Slowking|Future Sight|p1a: Heatran\n|-start|p2a: Slowking|move: Future Sight\n|\n|upkeep\n|turn|4\n|\n|t:|1771185926\n|switch|p2a: Ting-Lu|Ting-Lu|67/100\n|-ability|p2a: Ting-Lu|Vessel of Ruin\n|move|p1a: Heatran|Magma Storm|p2a: Ting-Lu\n|-damage|p2a: Ting-Lu|45/100\n|-activate|p2a: Ting-Lu|move: Magma Storm|[of] p1a: Heatran\n|\n|-heal|p2a: Ting-Lu|51/100|[from] item: Leftovers\n|-damage|p2a: Ting-Lu|39/100|[from] move: Magma Storm|[partiallytrapped]\n|upkeep\n|turn|5\n|\n|t:|1771185936\n|move|p1a: Heatran|Protect|p1a: Heatran\n|-singleturn|p1a: Heatran|Protect\n|move|p2a: Ting-Lu|Ruination|p1a: Heatran\n|-activate|p1a: Heatran|move: Protect\n|\n|-end|p1a: Heatran|move: Future Sight\n|-resisted|p1a: Heatran\n|-damage|p1a: Heatran|86/100\n|-heal|p1a: Heatran|92/100|[from] item: Leftovers\n|-heal|p2a: Ting-Lu|45/100|[from] item: Leftovers\n|-damage|p2a: Ting-Lu|32/100|[from] move: Magma Storm|[partiallytrapped]\n|upkeep\n|turn|6\n|\n|t:|1771185951\n|move|p1a: Heatran|Stealth Rock|p2a: Ting-Lu\n|-sidestart|p2: iammistagrinch|move: Stealth Rock\n|move|p2a: Ting-Lu|Ruination|p1a: Heatran\n|-damage|p1a: Heatran|46/100\n|\n|-heal|p1a: Heatran|52/100|[from] item: Leftovers\n|-heal|p2a: Ting-Lu|39/100|[from] item: Leftovers\n|-damage|p2a: Ting-Lu|26/100|[from] move: Magma Storm|[partiallytrapped]\n|upkeep\n|turn|7\n|\n|t:|1771185960\n|move|p1a: Heatran|Protect|p1a: Heatran\n|-singleturn|p1a: Heatran|Protect\n|move|p2a: Ting-Lu|Stealth Rock|p1a: Heatran\n|-sidestart|p1: Fatmexican1|move: Stealth Rock\n|\n|-heal|p1a: Heatran|58/100|[from] item: Leftovers\n|-heal|p2a: Ting-Lu|32/100|[from] item: Leftovers\n|-damage|p2a: Ting-Lu|20/100|[from] move: Magma Storm|[partiallytrapped]\n|upkeep\n|turn|8\n|\n|t:|1771185972\n|move|p1a: Heatran|Magma Storm|p2a: Ting-Lu\n|-damage|p2a: Ting-Lu|0 fnt\n|faint|p2a: Ting-Lu\n|\n|-heal|p1a: Heatran|64/100|[from] item: Leftovers\n|upkeep\n|\n|t:|1771186001\n|switch|p2a: Skarmory|Skarmory, M|100/100\n|-damage|p2a: Skarmory|88/100|[from] Stealth Rock\n|turn|9\n|\n|t:|1771186005\n|move|p2a: Skarmory|Body Press|p1a: Heatran\n|-supereffective|p1a: Heatran\n|-damage|p1a: Heatran|13/100\n|move|p1a: Heatran|Magma Storm|p2a: Skarmory\n|-supereffective|p2a: Skarmory\n|-damage|p2a: Skarmory|0 fnt\n|faint|p2a: Skarmory\n|\n|-heal|p1a: Heatran|19/100|[from] item: Leftovers\n|upkeep\n|\n|t:|1771186017\n|switch|p2a: Gholdengo|Gholdengo|100/100\n|-damage|p2a: Gholdengo|94/100|[from] Stealth Rock\n|turn|10\n|\n|t:|1771186021\n|move|p1a: Heatran|Protect|p1a: Heatran\n|-singleturn|p1a: Heatran|Protect\n|move|p2a: Gholdengo|Shadow Ball|p1a: Heatran\n|-activate|p1a: Heatran|move: Protect\n|\n|-heal|p1a: Heatran|25/100|[from] item: Leftovers\n|upkeep\n|turn|11\n|\n|t:|1771186029\n|move|p2a: Gholdengo|Shadow Ball|p1a: Heatran\n|-damage|p1a: Heatran|0 fnt\n|faint|p1a: Heatran\n|\n|upkeep\n|\n|t:|1771186035\n|switch|p1a: Mawile|Mawile, M|100/100\n|-damage|p1a: Mawile|95/100|[from] Stealth Rock\n|-ability|p1a: Mawile|Intimidate|boost\n|-unboost|p2a: Gholdengo|atk|1\n|turn|12\n|\n|t:|1771186062\n|switch|p2a: Latios|Latios, M|100/100\n|-damage|p2a: Latios|88/100|[from] Stealth Rock\n|detailschange|p1a: Mawile|Mawile-Mega, M\n|-mega|p1a: Mawile|Mawile|Mawilite\n|move|p1a: Mawile|Knock Off|p2a: Latios\n|-supereffective|p2a: Latios\n|-damage|p2a: Latios|0 fnt\n|faint|p2a: Latios\n|\n|upkeep\n|inactive|iammistagrinch has 120 seconds left.\n|-message|iammistagrinch forfeited.\n|\n|win|Fatmexican1\n|raw|Fatmexican1's rating: 1695 &rarr; <strong>1712</strong><br />(+17 for winning)\n|raw|iammistagrinch's rating: 1635 &rarr; <strong>1618</strong><br />(-17 for losing)\n|l|☆iammistagrinch\n|player|p2|\n|l|☆Fatmexican1\n|player|p1|\n", "uploadtime": 1771186270, "views": 10, "formatid": "gen9nationaldex", "rating": 1618, "private": 0, "password": null}