{"id": "gen9nationaldex-2540592618", "format": "[Gen 9] National Dex", "players": ["ezclapperez89", "snakadactyl"], "log": "|j|☆ezclapperez89\n|j|☆snakadactyl\n|t:|1771223470\n|gametype|singles\n|player|p1|ezclapperez89|1|1576\n|player|p2|snakadactyl|101|1559\n|gen|9\n|tier|[Gen 9] National Dex\n|rated|\n|rule|HP Percentage Mod: HP is shown in percentages\n|rule|Endless Battle Clause: Forcing endless battles is banned\n|rule|Species Clause: Limit one of each Pokémon\n|rule|OHKO Clause: OHKO moves are banned\n|rule|Evasion Clause: Evasion abilities, items, and moves are banned\n|rule|Evasion Abilities Clause: Evasion abilities are banned\n|rule|Evasion Items Clause: Evasion items are banned\n|rule|Evasion Moves Clause: Evasion moves are banned\n|rule|Sleep Clause Mod: Limit one foe put to sleep\n|rule|Terastal Clause: You cannot Terastallize\n|clearpoke\n|poke|p1|Grimmsnarl, M|\n|poke|p1|Volcarona, F|\n|poke|p1|Garchomp, F|\n|poke|p1|Maushold|\n|poke|p1|Iron Valiant|\n|poke|p1|Gyarados, M|\n|poke|p2|Kommo-o, F|\n|poke|p2|Altaria, M|\n|poke|p2|Kyurem|\n|poke|p2|Salamence, F|\n|poke|p2|Goodra-Hisui, M|\n|poke|p2|Haxorus, F|\n|teampreview\n|inactive|Battle timer is ON: inactive players will automatically lose when time's up. (requested by ezclapperez89)\n|\n|t:|1771223479\n|teamsize|p1|6\n|teamsize|p2|6\n|start\n|switch|p1a: Garchomp|Garchomp, F|100/100\n|switch|p2a: Haxorus|Haxorus, F|100/100\n|-ability|p2a: Haxorus|Mold Breaker\n|turn|1\n|\n|t:|1771223486\n|move|p1a: Garchomp|Scale Shot|p2a: Haxorus\n|-supereffective|p2a: Haxorus\n|-damage|p2a: Haxorus|67/100\n|-supereffective|p2a: Haxorus\n|-damage|p2a: Haxorus|37/100\n|-supereffective|p2a: Haxorus\n|-damage|p2a: Haxorus|6/100\n|-supereffective|p2a: Haxorus\n|-damage|p2a: Haxorus|0 fnt\n|faint|p2a: Haxorus\n|-hitcount|p2: Haxorus|4\n|-unboost|p1a: Garchomp|def|1\n|-boost|p1a: Garchomp|spe|1\n|\n|upkeep\n|\n|t:|1771223488\n|switch|p2a: Altaria|Altaria, M|100/100\n|turn|2\n|\n|t:|1771223490\n|switch|p1a: Grimmsnarl|Grimmsnarl, M|100/100\n|detailschange|p2a: Altaria|Altaria-Mega, M\n|-mega|p2a: Altaria|Altaria|Altarianite\n|move|p2a: Altaria|Return|p1a: Grimmsnarl\n|-supereffective|p1a: Grimmsnarl\n|-damage|p1a: Grimmsnarl|0 fnt\n|faint|p1a: Grimmsnarl\n|\n|upkeep\n|\n|t:|1771223496\n|switch|p1a: Gyarados|Gyarados, M|100/100\n|-ability|p1a: Gyarados|Intimidate|boost\n|-unboost|p2a: Altaria|atk|1\n|turn|3\n|\n|t:|1771223503\n|switch|p2a: Salamence|Salamence, F|100/100\n|-ability|p2a: Salamence|Intimidate|boost\n|-unboost|p1a: Gyarados|atk|1\n|move|p1a: Gyarados|Dragon Dance|p1a: Gyarados\n|-boost|p1a: Gyarados|atk|1\n|-boost|p1a: Gyarados|spe|1\n|\n|upkeep\n|turn|4\n|j| corvipelon\n|\n|t:|1771223509\n|move|p1a: Gyarados|Taunt|p2a: Salamence\n|-start|p2a: Salamence|move: Taunt\n|move|p2a: Salamence|Hurricane|p1a: Gyarados\n|-damage|p1a: Gyarados|45/100\n|\n|upkeep\n|turn|5\n|\n|t:|1771223526\n|detailschange|p1a: Gyarados|Gyarados-Mega, M\n|-mega|p1a: Gyarados|Gyarados|Gyaradosite\n|-ability|p1a: Gyarados|Mold Breaker\n|move|p1a: Gyarados|Crunch|p2a: Salamence\n|-damage|p2a: Salamence|36/100\n|move|p2a: Salamence|Hurricane|p1a: Gyarados\n|-damage|p1a: Gyarados|3/100\n|\n|upkeep\n|turn|6\n|\n|t:|1771223534\n|move|p1a: Gyarados|Crunch|p2a: Salamence\n|-damage|p2a: Salamence|0 fnt\n|faint|p2a: Salamence\n|\n|upkeep\n|\n|t:|1771223538\n|switch|p2a: Kommo-o|Kommo-o, F|100/100\n|turn|7\n|\n|t:|1771223543\n|switch|p1a: Iron Valiant|Iron Valiant|100/100\n|-enditem|p1a: Iron Valiant|Booster Energy\n|-activate|p1a: Iron Valiant|ability: Quark Drive|[fromitem]\n|-start|p1a: Iron Valiant|quarkdrivespe\n|move|p2a: Kommo-o|Iron Head|p1a: Iron Valiant\n|-supereffective|p1a: Iron Valiant\n|-damage|p1a: Iron Valiant|31/100\n|\n|upkeep\n|turn|8\n|\n|t:|1771223555\n|move|p1a: Iron Valiant|Close Combat|p2a: Kommo-o\n|-damage|p2a: Kommo-o|38/100\n|-unboost|p1a: Iron Valiant|def|1\n|-unboost|p1a: Iron Valiant|spd|1\n|move|p2a: Kommo-o|Iron Head|p1a: Iron Valiant\n|-supereffective|p1a: Iron Valiant\n|-damage|p1a: Iron Valiant|0 fnt\n|faint|p1a: Iron Valiant\n|-end|p1a: Iron Valiant|Quark Drive|[silent]\n|\n|upkeep\n|\n|t:|1771223559\n|switch|p1a: Garchomp|Garchomp, F|100/100\n|turn|9\n|\n|t:|1771223574\n|switch|p2a: Altaria|Altaria-Mega, M|100/100\n|move|p1a: Garchomp|Earthquake|p2a: Altaria\n|-damage|p2a: Altaria|41/100\n|\n|upkeep\n|turn|10\n|\n|t:|1771223579\n|switch|p2a: Kommo-o|Kommo-o, F|38/100\n|move|p1a: Garchomp|Earthquake|p2a: Kommo-o\n|-damage|p2a: Kommo-o|0 fnt\n|faint|p2a: Kommo-o\n|\n|upkeep\n|\n|t:|1771223580\n|switch|p2a: Kyurem|Kyurem|100/100\n|-ability|p2a: Kyurem|Pressure\n|turn|11\n|\n|t:|1771223583\n|switch|p1a: Gyarados|Gyarados-Mega, M|3/100\n|-ability|p1a: Gyarados|Mold Breaker\n|move|p2a: Kyurem|Freeze-Dry|p1a: Gyarados\n|-supereffective|p1a: Gyarados\n|-damage|p1a: Gyarados|0 fnt\n|faint|p1a: Gyarados\n|detailschange|p1: Gyarados|Gyarados, M|[silent]\n|\n|upkeep\n|\n|t:|1771223591\n|switch|p1a: Maushold|Maushold|100/100\n|turn|12\n|\n|t:|1771223594\n|move|p1a: Maushold|Population Bomb|p2a: Kyurem\n|-damage|p2a: Kyurem|90/100\n|-damage|p2a: Kyurem|80/100\n|-damage|p2a: Kyurem|69/100\n|-damage|p2a: Kyurem|59/100\n|-damage|p2a: Kyurem|48/100\n|-damage|p2a: Kyurem|38/100\n|-damage|p2a: Kyurem|26/100\n|-damage|p2a: Kyurem|16/100\n|-damage|p2a: Kyurem|6/100\n|-damage|p2a: Kyurem|0 fnt\n|faint|p2a: Kyurem\n|-hitcount|p2: Kyurem|10\n|\n|upkeep\n|\n|t:|1771223596\n|switch|p2a: Goodra|Goodra-Hisui, M|100/100\n|turn|13\n|\n|t:|1771223602\n|move|p1a: Maushold|Population Bomb|p2a: Goodra\n|-resisted|p2a: Goodra\n|-damage|p2a: Goodra|95/100\n|-resisted|p2a: Goodra\n|-damage|p2a: Goodra|90/100\n|-resisted|p2a: Goodra\n|-damage|p2a: Goodra|85/100\n|-resisted|p2a: Goodra\n|-damage|p2a: Goodra|79/100\n|-resisted|p2a: Goodra\n|-damage|p2a: Goodra|74/100\n|-resisted|p2a: Goodra\n|-damage|p2a: Goodra|69/100\n|-resisted|p2a: Goodra\n|-damage|p2a: Goodra|65/100\n|-resisted|p2a: Goodra\n|-damage|p2a: Goodra|59/100\n|-resisted|p2a: Goodra\n|-damage|p2a: Goodra|54/100\n|-resisted|p2a: Goodra\n|-damage|p2a: Goodra|49/100\n|-hitcount|p2a: Goodra|10\n|move|p2a: Goodra|Draco Meteor|p1a: Maushold\n|-damage|p1a: Maushold|0 fnt\n|-unboost|p2a: Goodra|spa|2\n|faint|p1a: Maushold\n|\n|upkeep\n|\n|t:|1771223604\n|switch|p1a: Garchomp|Garchomp, F|100/100\n|turn|14\n|\n|t:|1771223607\n|move|p1a: Garchomp|Earthquake|p2a: Goodra\n|-supereffective|p2a: Goodra\n|-damage|p2a: Goodra|0 fnt\n|faint|p2a: Goodra\n|\n|upkeep\n|-message|snakadactyl forfeited.\n|\n|win|ezclapperez89\n|raw|ezclapperez89's rating: 1576 &rarr; <strong>1594</strong><br />(+18 for winning)\n|raw|snakadactyl's rating: 1546 &rarr; <strong>1528</strong><br />(-18 for losing)\n|l|☆snakadactyl\n|player|p2|\n", "uploadtime": 1771223618, "views": 15, "formatid": "gen9nationaldex", "rating": 1528, "private": 0, "password": null}