{"id": "gen9nationaldex-2540783128", "format": "[Gen 9] National Dex", "players": ["testeo0014", "Oddalex"], "log": "|j|☆testeo0014\n|j|‽Oddalex\n|t:|1771253500\n|gametype|singles\n|player|p1|testeo0014|waiter|1548\n|player|p2|Oddalex|102|1668\n|gen|9\n|tier|[Gen 9] National Dex\n|rated|\n|rule|HP Percentage Mod: HP is shown in percentages\n|rule|Endless Battle Clause: Forcing endless battles is banned\n|rule|Species Clause: Limit one of each Pokémon\n|rule|OHKO Clause: OHKO moves are banned\n|rule|Evasion Clause: Evasion abilities, items, and moves are banned\n|rule|Evasion Abilities Clause: Evasion abilities are banned\n|rule|Evasion Items Clause: Evasion items are banned\n|rule|Evasion Moves Clause: Evasion moves are banned\n|rule|Sleep Clause Mod: Limit one foe put to sleep\n|rule|Terastal Clause: You cannot Terastallize\n|clearpoke\n|poke|p1|Diggersby, F|\n|poke|p1|Kingambit, M|\n|poke|p1|Alomomola, M|\n|poke|p1|Great Tusk|\n|poke|p1|Gholdengo|\n|poke|p1|Ferrothorn, F|\n|poke|p2|Mawile, F|\n|poke|p2|Tapu Koko|\n|poke|p2|Iron Valiant|\n|poke|p2|Slowbro, M|\n|poke|p2|Ting-Lu|\n|poke|p2|Tornadus-Therian, M|\n|teampreview\n|inactive|Battle timer is ON: inactive players will automatically lose when time's up. (requested by testeo0014)\n|\n|t:|1771253518\n|teamsize|p1|6\n|teamsize|p2|6\n|start\n|switch|p1a: Ferrothorn|Ferrothorn, F|100/100\n|switch|p2a: Slowbro|Slowbro, M|100/100\n|turn|1\n|\n|t:|1771253528\n|move|p1a: Ferrothorn|Knock Off|p2a: Slowbro\n|-supereffective|p2a: Slowbro\n|-damage|p2a: Slowbro|80/100\n|-damage|p1a: Ferrothorn|84/100|[from] item: Rocky Helmet|[of] p2a: Slowbro\n|-enditem|p2a: Slowbro|Rocky Helmet|[from] move: Knock Off|[of] p1a: Ferrothorn\n|move|p2a: Slowbro|Teleport|p2a: Slowbro\n|\n|t:|1771253534\n|switch|p2a: Tornadus|Tornadus-Therian, M|100/100|[from] Teleport\n|\n|-heal|p1a: Ferrothorn|90/100|[from] item: Leftovers\n|upkeep\n|turn|2\n|\n|t:|1771253539\n|move|p2a: Tornadus|U-turn|p1a: Ferrothorn\n|-damage|p1a: Ferrothorn|78/100\n|-damage|p2a: Tornadus|88/100|[from] ability: Iron Barbs|[of] p1a: Ferrothorn\n|\n|t:|1771253542\n|switch|p2a: Slowbro|Slowbro, M|100/100|[from] U-turn\n|move|p1a: Ferrothorn|Leech Seed|p2a: Slowbro\n|-start|p2a: Slowbro|move: Leech Seed\n|\n|-heal|p1a: Ferrothorn|84/100|[from] item: Leftovers\n|-damage|p2a: Slowbro|88/100|[from] Leech Seed|[of] p1a: Ferrothorn\n|-heal|p1a: Ferrothorn|98/100|[silent]\n|upkeep\n|turn|3\n|\n|t:|1771253555\n|move|p1a: Ferrothorn|Spikes|p2a: Slowbro\n|-sidestart|p2: Oddalex|Spikes\n|move|p2a: Slowbro|Teleport|p2a: Slowbro\n|\n|t:|1771253557\n|switch|p2a: Tornadus|Tornadus-Therian, M|100/100|[from] Teleport\n|\n|-heal|p1a: Ferrothorn|100/100|[from] item: Leftovers\n|upkeep\n|turn|4\n|\n|t:|1771253561\n|switch|p1a: Alomomola|Alomomola, M|100/100\n|move|p2a: Tornadus|Heat Wave|p1a: Alomomola\n|-resisted|p1a: Alomomola\n|-damage|p1a: Alomomola|95/100\n|\n|upkeep\n|turn|5\n|\n|t:|1771253565\n|move|p2a: Tornadus|Defog|p1a: Alomomola\n|-unboost|p1a: Alomomola|evasion|1\n|-sideend|p2: Oddalex|Spikes|[from] move: Defog|[of] p2a: Tornadus\n|move|p1a: Alomomola|Knock Off|p2a: Tornadus\n|-damage|p2a: Tornadus|80/100\n|-enditem|p2a: Tornadus|Heavy-Duty Boots|[from] move: Knock Off|[of] p1a: Alomomola\n|\n|upkeep\n|turn|6\n|\n|t:|1771253571\n|move|p2a: Tornadus|U-turn|p1a: Alomomola\n|-damage|p1a: Alomomola|84/100\n|\n|t:|1771253573\n|switch|p2a: Tapu Koko|Tapu Koko, shiny|100/100|[from] U-turn\n|-fieldstart|move: Electric Terrain|[from] ability: Electric Surge|[of] p2a: Tapu Koko\n|move|p1a: Alomomola|Flip Turn|p2a: Tapu Koko\n|-damage|p2a: Tapu Koko|77/100\n|\n|t:|1771253580\n|switch|p1a: Great Tusk|Great Tusk|100/100|[from] Flip Turn\n|-enditem|p1a: Great Tusk|Booster Energy\n|-activate|p1a: Great Tusk|ability: Protosynthesis|[fromitem]\n|-start|p1a: Great Tusk|protosynthesisspe\n|\n|upkeep\n|turn|7\n|\n|t:|1771253587\n|switch|p2a: Slowbro|Slowbro, M|100/100\n|move|p1a: Great Tusk|Stealth Rock|p2a: Slowbro\n|-sidestart|p2: Oddalex|move: Stealth Rock\n|\n|upkeep\n|turn|8\n|\n|t:|1771253599\n|-end|p1a: Great Tusk|Protosynthesis|[silent]\n|switch|p1a: Diggersby|Diggersby, F|100/100\n|move|p2a: Slowbro|Future Sight|p1a: Diggersby\n|-start|p2a: Slowbro|move: Future Sight\n|\n|upkeep\n|turn|9\n|\n|t:|1771253603\n|move|p1a: Diggersby|U-turn|p2a: Slowbro\n|-supereffective|p2a: Slowbro\n|-damage|p2a: Slowbro|45/100\n|\n|t:|1771253607\n|switch|p1a: Kingambit|Kingambit, M|100/100|[from] U-turn\n|move|p2a: Slowbro|Scald|p1a: Kingambit\n|-damage|p1a: Kingambit|68/100\n|\n|upkeep\n|turn|10\n|\n|t:|1771253615\n|-activate|p2a: Slowbro|move: Pursuit\n|move|p1a: Kingambit|Pursuit|p2a: Slowbro|[from] Pursuit\n|-supereffective|p2a: Slowbro\n|-crit|p2a: Slowbro\n|-damage|p2a: Slowbro|0 fnt\n|faint|p2a: Slowbro\n|-hint|A Pokemon can't switch between when it runs out of HP and when it faints\n|\n|-end|p1a: Kingambit|move: Future Sight\n|-immune|p1a: Kingambit\n|-fieldend|move: Electric Terrain\n|upkeep\n|\n|t:|1771253617\n|switch|p2a: Mawile|Mawile, F|100/100\n|-damage|p2a: Mawile|94/100|[from] Stealth Rock\n|-ability|p2a: Mawile|Intimidate|boost\n|-unboost|p1a: Kingambit|atk|1\n|turn|11\n|\n|t:|1771253622\n|-end|p1a: Kingambit|fallenundefined|[silent]\n|switch|p1a: Great Tusk|Great Tusk|100/100\n|detailschange|p2a: Mawile|Mawile-Mega, F\n|-mega|p2a: Mawile|Mawile|Mawilite\n|move|p2a: Mawile|Swords Dance|p2a: Mawile\n|-boost|p2a: Mawile|atk|2\n|\n|upkeep\n|turn|12\n|\n|t:|1771253628\n|switch|p2a: Tornadus|Tornadus-Therian, M|100/100\n|-damage|p2a: Tornadus|76/100|[from] Stealth Rock\n|move|p1a: Great Tusk|Headlong Rush|p2a: Tornadus\n|-immune|p2a: Tornadus\n|\n|upkeep\n|turn|13\n|\n|t:|1771253641\n|-end|p1a: Great Tusk|Protosynthesis|[silent]\n|switch|p1a: Alomomola|Alomomola, M|100/100\n|move|p2a: Tornadus|Bleakwind Storm|p1a: Alomomola|[miss]\n|-miss|p2a: Tornadus|p1a: Alomomola\n|\n|upkeep\n|turn|14\n|\n|t:|1771253656\n|switch|p1a: Gholdengo|Gholdengo|100/100\n|move|p2a: Tornadus|Defog|p1a: Gholdengo\n|-immune|p1a: Gholdengo|[from] ability: Good as Gold\n|\n|upkeep\n|turn|15\n|\n|t:|1771253660\n|move|p2a: Tornadus|Heat Wave|p1a: Gholdengo\n|-supereffective|p1a: Gholdengo\n|-damage|p1a: Gholdengo|57/100\n|move|p1a: Gholdengo|Make It Rain|p2a: Tornadus\n|-damage|p2a: Tornadus|22/100\n|-unboost|p1a: Gholdengo|spa|1\n|\n|-heal|p1a: Gholdengo|63/100|[from] item: Leftovers\n|upkeep\n|turn|16\n|\n|t:|1771253666\n|switch|p2a: Ting-Lu|Ting-Lu|100/100\n|-damage|p2a: Ting-Lu|94/100|[from] Stealth Rock\n|-ability|p2a: Ting-Lu|Vessel of Ruin\n|move|p1a: Gholdengo|Recover|p1a: Gholdengo\n|-heal|p1a: Gholdengo|100/100\n|\n|-heal|p2a: Ting-Lu|100/100|[from] item: Leftovers\n|upkeep\n|turn|17\n|\n|t:|1771253671\n|switch|p1a: Ferrothorn|Ferrothorn, F|100/100\n|move|p2a: Ting-Lu|Spikes|p1a: Ferrothorn\n|-sidestart|p1: testeo0014|Spikes\n|\n|upkeep\n|turn|18\n|\n|t:|1771253675\n|switch|p2a: Tornadus|Tornadus-Therian, M|55/100\n|-damage|p2a: Tornadus|30/100|[from] Stealth Rock\n|move|p1a: Ferrothorn|Toxic|p2a: Tornadus\n|-status|p2a: Tornadus|tox\n|\n|-damage|p2a: Tornadus|24/100 tox|[from] psn\n|upkeep\n|turn|19\n|\n|t:|1771253686\n|switch|p2a: Mawile|Mawile-Mega, F|94/100\n|-damage|p2a: Mawile|88/100|[from] Stealth Rock\n|switch|p1a: Alomomola|Alomomola, M|100/100\n|-damage|p1a: Alomomola|88/100|[from] Spikes\n|\n|upkeep\n|turn|20\n|\n|t:|1771253689\n|move|p2a: Mawile|Knock Off|p1a: Alomomola\n|-damage|p1a: Alomomola|42/100\n|-enditem|p1a: Alomomola|Assault Vest|[from] move: Knock Off|[of] p2a: Mawile\n|move|p1a: Alomomola|Flip Turn|p2a: Mawile\n|-crit|p2a: Mawile\n|-damage|p2a: Mawile|61/100\n|\n|t:|1771253697\n|switch|p1a: Great Tusk|Great Tusk|100/100|[from] Flip Turn\n|-damage|p1a: Great Tusk|88/100|[from] Spikes\n|\n|upkeep\n|turn|21\n|\n|t:|1771253700\n|move|p1a: Great Tusk|Headlong Rush|p2a: Mawile\n|-supereffective|p2a: Mawile\n|-damage|p2a: Mawile|0 fnt\n|-unboost|p1a: Great Tusk|def|1\n|-unboost|p1a: Great Tusk|spd|1\n|faint|p2a: Mawile\n|detailschange|p2: Mawile|Mawile, F|[silent]\n|\n|upkeep\n|\n|t:|1771253703\n|switch|p2a: Tapu Koko|Tapu Koko, shiny|77/100\n|-damage|p2a: Tapu Koko|64/100|[from] Stealth Rock\n|-fieldstart|move: Electric Terrain|[from] ability: Electric Surge|[of] p2a: Tapu Koko\n|turn|22\n|\n|t:|1771253709\n|-end|p1a: Great Tusk|Protosynthesis|[silent]\n|switch|p1a: Alomomola|Alomomola, M|76/100\n|-damage|p1a: Alomomola|63/100|[from] Spikes\n|move|p2a: Tapu Koko|Dazzling Gleam|p1a: Alomomola\n|-damage|p1a: Alomomola|24/100\n|\n|upkeep\n|turn|23\n|\n|t:|1771253717\n|switch|p2a: Iron Valiant|Iron Valiant, shiny|100/100\n|-damage|p2a: Iron Valiant|94/100|[from] Stealth Rock\n|-activate|p2a: Iron Valiant|ability: Quark Drive\n|-start|p2a: Iron Valiant|quarkdrivespe\n|switch|p1a: Ferrothorn|Ferrothorn, F|100/100\n|-damage|p1a: Ferrothorn|88/100|[from] Spikes\n|\n|-heal|p1a: Ferrothorn|94/100|[from] item: Leftovers\n|upkeep\n|turn|24\n|j| Reyanek\n|\n|t:|1771253739\n|switch|p1a: Gholdengo|Gholdengo|100/100\n|-damage|p1a: Gholdengo|88/100|[from] Spikes\n|move|p2a: Iron Valiant|Swords Dance|p2a: Iron Valiant\n|-boost|p2a: Iron Valiant|atk|2\n|\n|-heal|p1a: Gholdengo|94/100|[from] item: Leftovers\n|upkeep\n|turn|25\n|\n|t:|1771253758\n|-end|p2a: Iron Valiant|Quark Drive|[silent]\n|switch|p2a: Ting-Lu|Ting-Lu|100/100\n|-damage|p2a: Ting-Lu|94/100|[from] Stealth Rock\n|-ability|p2a: Ting-Lu|Vessel of Ruin\n|switch|p1a: Ferrothorn|Ferrothorn, F|94/100\n|-damage|p1a: Ferrothorn|82/100|[from] Spikes\n|\n|-heal|p2a: Ting-Lu|100/100|[from] item: Leftovers\n|-heal|p1a: Ferrothorn|88/100|[from] item: Leftovers\n|upkeep\n|turn|26\n|\n|t:|1771253770\n|switch|p2a: Tornadus|Tornadus-Therian, M|57/100 tox\n|-damage|p2a: Tornadus|32/100 tox|[from] Stealth Rock\n|move|p1a: Ferrothorn|Toxic|p2a: Tornadus|[miss]\n|-miss|p1a: Ferrothorn|p2a: Tornadus\n|\n|-heal|p1a: Ferrothorn|94/100|[from] item: Leftovers\n|-damage|p2a: Tornadus|26/100 tox|[from] psn\n|-fieldend|move: Electric Terrain\n|upkeep\n|turn|27\n|\n|t:|1771253777\n|switch|p1a: Alomomola|Alomomola, M|57/100\n|-damage|p1a: Alomomola|45/100|[from] Spikes\n|move|p2a: Tornadus|Defog|p1a: Alomomola\n|-unboost|p1a: Alomomola|evasion|1\n|-sideend|p1: testeo0014|Spikes|[from] move: Defog|[of] p2a: Tornadus\n|-sideend|p2: Oddalex|Stealth Rock|[from] move: Defog|[of] p2a: Tornadus\n|\n|-damage|p2a: Tornadus|14/100 tox|[from] psn\n|upkeep\n|turn|28\n|\n|t:|1771253780\n|move|p2a: Tornadus|U-turn|p1a: Alomomola\n|-crit|p1a: Alomomola\n|-damage|p1a: Alomomola|27/100\n|\n|t:|1771253783\n|switch|p2a: Tapu Koko|Tapu Koko, shiny|64/100|[from] U-turn\n|-fieldstart|move: Electric Terrain|[from] ability: Electric Surge|[of] p2a: Tapu Koko\n|move|p1a: Alomomola|Flip Turn|p2a: Tapu Koko\n|-damage|p2a: Tapu Koko|42/100\n|\n|t:|1771253785\n|switch|p1a: Ferrothorn|Ferrothorn, F|94/100|[from] Flip Turn\n|\n|-heal|p1a: Ferrothorn|100/100|[from] item: Leftovers\n|upkeep\n|turn|29\n|\n|t:|1771253792\n|move|p2a: Tapu Koko|Volt Switch|p1a: Ferrothorn\n|-resisted|p1a: Ferrothorn\n|-damage|p1a: Ferrothorn|84/100\n|\n|t:|1771253795\n|switch|p2a: Iron Valiant|Iron Valiant, shiny|94/100|[from] Volt Switch\n|-activate|p2a: Iron Valiant|ability: Quark Drive\n|-start|p2a: Iron Valiant|quarkdrivespe\n|move|p1a: Ferrothorn|Leech Seed|p2a: Iron Valiant\n|-start|p2a: Iron Valiant|move: Leech Seed\n|\n|-heal|p1a: Ferrothorn|90/100|[from] item: Leftovers\n|-damage|p2a: Iron Valiant|82/100|[from] Leech Seed|[of] p1a: Ferrothorn\n|-heal|p1a: Ferrothorn|100/100|[silent]\n|upkeep\n|turn|30\n|\n|t:|1771253801\n|-end|p2a: Iron Valiant|Quark Drive|[silent]\n|switch|p2a: Ting-Lu|Ting-Lu|100/100\n|-ability|p2a: Ting-Lu|Vessel of Ruin\n|move|p1a: Ferrothorn|Knock Off|p2a: Ting-Lu\n|-resisted|p2a: Ting-Lu\n|-damage|p2a: Ting-Lu|95/100\n|-enditem|p2a: Ting-Lu|Leftovers|[from] move: Knock Off|[of] p1a: Ferrothorn\n|\n|upkeep\n|turn|31\n|\n|t:|1771253809\n|switch|p2a: Iron Valiant|Iron Valiant, shiny|82/100\n|-activate|p2a: Iron Valiant|ability: Quark Drive\n|-start|p2a: Iron Valiant|quarkdrivespe\n|move|p1a: Ferrothorn|Spikes|p2a: Iron Valiant\n|-sidestart|p2: Oddalex|Spikes\n|\n|upkeep\n|turn|32\n|\n|t:|1771253815\n|switch|p1a: Gholdengo|Gholdengo|94/100\n|move|p2a: Iron Valiant|Swords Dance|p2a: Iron Valiant\n|-boost|p2a: Iron Valiant|atk|2\n|\n|-heal|p1a: Gholdengo|99/100|[from] item: Leftovers\n|-fieldend|move: Electric Terrain\n|-end|p2a: Iron Valiant|Quark Drive\n|upkeep\n|turn|33\n|-message|Oddalex forfeited.\n|\n|win|testeo0014\n|raw|testeo0014's rating: 1548 &rarr; <strong>1575</strong><br />(+27 for winning)\n|raw|Oddalex's rating: 1668 &rarr; <strong>1641</strong><br />(-27 for losing)\n|l|‽Oddalex\n|player|p2|\n|l|☆testeo0014\n|player|p1|\n", "uploadtime": 1771253948, "views": 5, "formatid": "gen9nationaldex", "rating": 1575, "private": 0, "password": null}