{"id": "gen9nationaldex-2540222437", "format": "[Gen 9] National Dex", "players": ["Zoowahp", "lpop"], "log": "|j|☆Zoowahp\n|j|☆lpop\n|t:|1771177564\n|gametype|singles\n|player|p1|Zoowahp|2|1523\n|player|p2|lpop|roxie|1574\n|gen|9\n|tier|[Gen 9] National Dex\n|rated|\n|rule|HP Percentage Mod: HP is shown in percentages\n|rule|Endless Battle Clause: Forcing endless battles is banned\n|rule|Species Clause: Limit one of each Pokémon\n|rule|OHKO Clause: OHKO moves are banned\n|rule|Evasion Clause: Evasion abilities, items, and moves are banned\n|rule|Evasion Abilities Clause: Evasion abilities are banned\n|rule|Evasion Items Clause: Evasion items are banned\n|rule|Evasion Moves Clause: Evasion moves are banned\n|rule|Sleep Clause Mod: Limit one foe put to sleep\n|rule|Terastal Clause: You cannot Terastallize\n|clearpoke\n|poke|p1|Aerodactyl, F|\n|poke|p1|Latias, F|\n|poke|p1|Samurott-Hisui, M|\n|poke|p1|Heliolisk, M|\n|poke|p1|Great Tusk|\n|poke|p1|Iron Jugulis|\n|poke|p2|Lopunny, F|\n|poke|p2|Ferrothorn, M|\n|poke|p2|Zapdos|\n|poke|p2|Tapu Lele|\n|poke|p2|Blissey, F|\n|poke|p2|Terapagos, M|\n|teampreview\n|inactive|Battle timer is ON: inactive players will automatically lose when time's up. (requested by lpop)\n|\n|t:|1771177581\n|teamsize|p1|6\n|teamsize|p2|6\n|start\n|switch|p1a: Heliolisk|Heliolisk, M|100/100\n|switch|p2a: Zapdos|Zapdos|100/100\n|-item|p1a: Heliolisk|Air Balloon\n|turn|1\n|\n|t:|1771177585\n|move|p1a: Heliolisk|Volt Switch|p2a: Zapdos\n|-damage|p2a: Zapdos|67/100\n|\n|t:|1771177588\n|switch|p1a: Great Tusk|Great Tusk|100/100|[from] Volt Switch\n|move|p2a: Zapdos|Heat Wave|p1a: Great Tusk\n|-damage|p1a: Great Tusk|78/100\n|\n|-heal|p2a: Zapdos|73/100|[from] item: Leftovers\n|upkeep\n|turn|2\n|\n|t:|1771177594\n|switch|p2a: Ferrothorn|Ferrothorn, M|100/100\n|move|p1a: Great Tusk|Rock Slide|p2a: Ferrothorn|[miss]\n|-miss|p1a: Great Tusk|p2a: Ferrothorn\n|\n|upkeep\n|turn|3\n|\n|t:|1771177598\n|-end|p1a: Great Tusk|Protosynthesis|[silent]\n|switch|p1a: Latias|Latias, F, shiny|100/100\n|move|p2a: Ferrothorn|Stealth Rock|p1a: Latias\n|-sidestart|p1: Zoowahp|move: Stealth Rock\n|\n|upkeep\n|turn|4\n|\n|t:|1771177602\n|switch|p2a: Tapu Lele|Tapu Lele|100/100\n|-fieldstart|move: Psychic Terrain|[from] ability: Psychic Surge|[of] p2a: Tapu Lele\n|move|p1a: Latias|Mystical Fire|p2a: Tapu Lele\n|-damage|p2a: Tapu Lele|63/100\n|-unboost|p2a: Tapu Lele|spa|1\n|\n|upkeep\n|turn|5\n|\n|t:|1771177608\n|switch|p2a: Blissey|Blissey, F|100/100\n|move|p1a: Latias|Mystical Fire|p2a: Blissey\n|-damage|p2a: Blissey|87/100\n|-unboost|p2a: Blissey|spa|1\n|\n|-heal|p2a: Blissey|93/100|[from] item: Leftovers\n|upkeep\n|turn|6\n|\n|t:|1771177610\n|switch|p1a: Great Tusk|Great Tusk|78/100\n|-damage|p1a: Great Tusk|75/100|[from] Stealth Rock\n|move|p2a: Blissey|Toxic|p1a: Great Tusk\n|-status|p1a: Great Tusk|tox\n|\n|-heal|p2a: Blissey|99/100|[from] item: Leftovers\n|-damage|p1a: Great Tusk|69/100 tox|[from] psn\n|upkeep\n|turn|7\n|\n|t:|1771177615\n|move|p2a: Blissey|Protect|p2a: Blissey\n|-singleturn|p2a: Blissey|Protect\n|move|p1a: Great Tusk|Rapid Spin|p2a: Blissey\n|-activate|p2a: Blissey|move: Protect\n|\n|-heal|p2a: Blissey|100/100|[from] item: Leftovers\n|-damage|p1a: Great Tusk|57/100 tox|[from] psn\n|upkeep\n|turn|8\n|\n|t:|1771177618\n|move|p1a: Great Tusk|Rapid Spin|p2a: Blissey\n|-damage|p2a: Blissey|84/100\n|-boost|p1a: Great Tusk|spe|1\n|-sideend|p1: Zoowahp|Stealth Rock|[from] move: Rapid Spin|[of] p1a: Great Tusk\n|move|p2a: Blissey|Wish|p2a: Blissey\n|\n|-heal|p2a: Blissey|90/100|[from] item: Leftovers\n|-damage|p1a: Great Tusk|38/100 tox|[from] psn\n|-fieldend|move: Psychic Terrain\n|upkeep\n|turn|9\n|\n|t:|1771177624\n|-end|p1a: Great Tusk|Protosynthesis|[silent]\n|switch|p1a: Latias|Latias, F, shiny|100/100\n|switch|p2a: Ferrothorn|Ferrothorn, M|100/100\n|\n|upkeep\n|turn|10\n|\n|t:|1771177628\n|switch|p2a: Blissey|Blissey, F|90/100\n|move|p1a: Latias|Trick|p2a: Blissey\n|-activate|p1a: Latias|move: Trick|[of] p2a: Blissey\n|-item|p2a: Blissey|Choice Specs|[from] move: Trick\n|-item|p1a: Latias|Leftovers|[from] move: Trick\n|\n|upkeep\n|turn|11\n|\n|t:|1771177633\n|switch|p1a: Great Tusk|Great Tusk|38/100 tox\n|move|p2a: Blissey|Wish|p2a: Blissey\n|\n|-damage|p1a: Great Tusk|32/100 tox|[from] psn\n|upkeep\n|turn|12\n|\n|t:|1771177636\n|switch|p2a: Ferrothorn|Ferrothorn, M|100/100\n|move|p1a: Great Tusk|Rock Slide|p2a: Ferrothorn\n|-resisted|p2a: Ferrothorn\n|-damage|p2a: Ferrothorn|90/100\n|\n|-heal|p2a: Ferrothorn|100/100|[from] move: Wish|[wisher] Blissey\n|-damage|p1a: Great Tusk|20/100 tox|[from] psn\n|upkeep\n|turn|13\n|\n|t:|1771177645\n|move|p1a: Great Tusk|Brick Break|p2a: Ferrothorn\n|-supereffective|p2a: Ferrothorn\n|-damage|p2a: Ferrothorn|42/100\n|-damage|p1a: Great Tusk|7/100 tox|[from] ability: Iron Barbs|[of] p2a: Ferrothorn\n|-damage|p1a: Great Tusk|0 fnt|[from] item: Rocky Helmet|[of] p2a: Ferrothorn\n|faint|p1a: Great Tusk\n|-end|p1a: Great Tusk|Protosynthesis|[silent]\n|move|p2a: Ferrothorn|Stealth Rock|p1: Great Tusk\n|-sidestart|p1: Zoowahp|move: Stealth Rock\n|\n|upkeep\n|\n|t:|1771177647\n|switch|p1a: Iron Jugulis|Iron Jugulis, shiny|100/100\n|-damage|p1a: Iron Jugulis|76/100|[from] Stealth Rock\n|-enditem|p1a: Iron Jugulis|Booster Energy\n|-activate|p1a: Iron Jugulis|ability: Quark Drive|[fromitem]\n|-start|p1a: Iron Jugulis|quarkdrivespe\n|turn|14\n|\n|t:|1771177651\n|move|p1a: Iron Jugulis|Charge Beam|p2a: Ferrothorn\n|-resisted|p2a: Ferrothorn\n|-damage|p2a: Ferrothorn|35/100\n|-boost|p1a: Iron Jugulis|spa|1\n|move|p2a: Ferrothorn|Leech Seed|p1a: Iron Jugulis\n|-start|p1a: Iron Jugulis|move: Leech Seed\n|\n|-damage|p1a: Iron Jugulis|63/100|[from] Leech Seed|[of] p2a: Ferrothorn\n|-heal|p2a: Ferrothorn|50/100|[silent]\n|upkeep\n|turn|15\n|\n|t:|1771177656\n|move|p1a: Iron Jugulis|Flamethrower|p2a: Ferrothorn\n|-supereffective|p2a: Ferrothorn\n|-damage|p2a: Ferrothorn|0 fnt\n|faint|p2a: Ferrothorn\n|\n|upkeep\n|\n|t:|1771177660\n|switch|p2a: Lopunny|Lopunny, F|100/100\n|turn|16\n|\n|t:|1771177662\n|detailschange|p2a: Lopunny|Lopunny-Mega, F\n|-mega|p2a: Lopunny|Lopunny|Lopunnite\n|move|p2a: Lopunny|Fake Out|p1a: Iron Jugulis\n|-damage|p1a: Iron Jugulis|36/100\n|cant|p1a: Iron Jugulis|flinch\n|\n|-damage|p1a: Iron Jugulis|24/100|[from] Leech Seed|[of] p2a: Lopunny\n|upkeep\n|turn|17\n|\n|t:|1771177667\n|switch|p2a: Blissey|Blissey, F|90/100\n|move|p1a: Iron Jugulis|Dark Pulse|p2a: Blissey\n|-damage|p2a: Blissey|68/100\n|\n|-damage|p1a: Iron Jugulis|11/100|[from] Leech Seed|[of] p2a: Blissey\n|-heal|p2a: Blissey|74/100|[silent]\n|upkeep\n|turn|18\n|\n|t:|1771177670\n|move|p1a: Iron Jugulis|Air Slash|p2a: Blissey\n|-damage|p2a: Blissey|54/100\n|move|p2a: Blissey|Wish|p2a: Blissey\n|\n|-damage|p1a: Iron Jugulis|0 fnt|[from] Leech Seed|[of] p2a: Blissey\n|-heal|p2a: Blissey|59/100|[silent]\n|faint|p1a: Iron Jugulis\n|-end|p1a: Iron Jugulis|Quark Drive|[silent]\n|upkeep\n|\n|t:|1771177674\n|switch|p1a: Aerodactyl|Aerodactyl, F|100/100\n|-damage|p1a: Aerodactyl|76/100|[from] Stealth Rock\n|-ability|p1a: Aerodactyl|Pressure\n|turn|19\n|\n|t:|1771177680\n|switch|p2a: Terapagos|Terapagos, M|100/100\n|-activate|p2a: Terapagos|ability: Tera Shift\n|detailschange|p2a: Terapagos|Terapagos-Terastal, M\n|-heal|p2a: Terapagos|100/100|[silent]\n|detailschange|p1a: Aerodactyl|Aerodactyl-Mega, F\n|-mega|p1a: Aerodactyl|Aerodactyl|Aerodactylite\n|move|p1a: Aerodactyl|Dragon Dance|p1a: Aerodactyl\n|-boost|p1a: Aerodactyl|atk|1\n|-boost|p1a: Aerodactyl|spe|1\n|\n|upkeep\n|turn|20\n|\n|t:|1771177691\n|move|p1a: Aerodactyl|Rock Slide|p2a: Terapagos\n|-activate|p2a: Terapagos|ability: Tera Shell\n|-resisted|p2a: Terapagos\n|-damage|p2a: Terapagos|71/100\n|cant|p2a: Terapagos|flinch\n|\n|upkeep\n|turn|21\n|\n|t:|1771177697\n|move|p1a: Aerodactyl|Dual Wingbeat|p2a: Terapagos\n|-damage|p2a: Terapagos|30/100\n|-damage|p2a: Terapagos|0 fnt\n|faint|p2a: Terapagos\n|-hitcount|p2: Terapagos|2\n|\n|upkeep\n|\n|t:|1771177702\n|switch|p2a: Zapdos|Zapdos|73/100\n|turn|22\n|\n|t:|1771177704\n|move|p1a: Aerodactyl|Rock Slide|p2a: Zapdos\n|-supereffective|p2a: Zapdos\n|-damage|p2a: Zapdos|0 fnt\n|faint|p2a: Zapdos\n|\n|upkeep\n|\n|t:|1771177706\n|switch|p2a: Tapu Lele|Tapu Lele|63/100\n|-fieldstart|move: Psychic Terrain|[from] ability: Psychic Surge|[of] p2a: Tapu Lele\n|turn|23\n|\n|t:|1771177708\n|move|p1a: Aerodactyl|Earthquake|p2a: Tapu Lele\n|-damage|p2a: Tapu Lele|0 fnt\n|faint|p2a: Tapu Lele\n|\n|upkeep\n|-message|lpop forfeited.\n|\n|win|Zoowahp\n|raw|Zoowahp's rating: 1523 &rarr; <strong>1546</strong><br />(+23 for winning)\n|raw|lpop's rating: 1574 &rarr; <strong>1551</strong><br />(-23 for losing)\n|l|☆lpop\n|player|p2|\n|l|☆Zoowahp\n|player|p1|\n", "uploadtime": 1771178088, "views": 9, "formatid": "gen9nationaldex", "rating": 1546, "private": 0, "password": null}