{"id": "gen9nationaldex-2540560270", "format": "[Gen 9] National Dex", "players": ["tpfire", "YonexMiku"], "log": "|j|☆tpfire\n|j|☆YonexMiku\n|t:|1771218119\n|gametype|singles\n|player|p1|tpfire|birdkeeper-gen4dp|1591\n|player|p2|YonexMiku|266|1623\n|gen|9\n|tier|[Gen 9] National Dex\n|rated|\n|rule|HP Percentage Mod: HP is shown in percentages\n|rule|Endless Battle Clause: Forcing endless battles is banned\n|rule|Species Clause: Limit one of each Pokémon\n|rule|OHKO Clause: OHKO moves are banned\n|rule|Evasion Clause: Evasion abilities, items, and moves are banned\n|rule|Evasion Abilities Clause: Evasion abilities are banned\n|rule|Evasion Items Clause: Evasion items are banned\n|rule|Evasion Moves Clause: Evasion moves are banned\n|rule|Sleep Clause Mod: Limit one foe put to sleep\n|rule|Terastal Clause: You cannot Terastallize\n|clearpoke\n|poke|p1|Rillaboom, F|\n|poke|p1|Slowking, M|\n|poke|p1|Zamazenta-*|\n|poke|p1|Iron Treads|\n|poke|p1|Moltres|\n|poke|p1|Diancie|\n|poke|p2|Alomomola, F|\n|poke|p2|Slowking-Galar, M|\n|poke|p2|Muk-Alola, F|\n|poke|p2|Ting-Lu|\n|poke|p2|Aggron, F|\n|poke|p2|Weezing-Galar, M|\n|teampreview\n|inactive|Battle timer is ON: inactive players will automatically lose when time's up. (requested by tpfire)\n|\n|t:|1771218137\n|teamsize|p1|6\n|teamsize|p2|6\n|start\n|switch|p1a: Rillaboom|Rillaboom, F|100/100\n|switch|p2a: Weezing|Weezing-Galar, M|100/100\n|-fieldstart|move: Grassy Terrain|[from] ability: Grassy Surge|[of] p1a: Rillaboom\n|turn|1\n|\n|t:|1771218141\n|move|p1a: Rillaboom|U-turn|p2a: Weezing\n|-resisted|p2a: Weezing\n|-damage|p2a: Weezing|95/100\n|\n|t:|1771218143\n|switch|p1a: Slowking|Slowking, M|100/100|[from] U-turn\n|move|p2a: Weezing|Will-O-Wisp|p1a: Slowking\n|-status|p1a: Slowking|brn\n|\n|-heal|p2a: Weezing|100/100|[from] item: Black Sludge\n|-damage|p1a: Slowking|94/100 brn|[from] brn\n|upkeep\n|turn|2\n|\n|t:|1771218151\n|switch|p2a: Muk|Muk-Alola, F|100/100\n|move|p1a: Slowking|Future Sight|p2a: Muk\n|-start|p1a: Slowking|move: Future Sight\n|\n|-heal|p1a: Slowking|100/100 brn|[from] Grassy Terrain\n|-damage|p1a: Slowking|94/100 brn|[from] brn\n|upkeep\n|turn|3\n|\n|t:|1771218158\n|move|p2a: Muk|Pursuit|p1a: Slowking\n|-supereffective|p1a: Slowking\n|-damage|p1a: Slowking|64/100 brn\n|move|p1a: Slowking|Teleport|p1a: Slowking\n|\n|t:|1771218163\n|switch|p1a: Zamazenta|Zamazenta|100/100|[from] Teleport\n|-ability|p1a: Zamazenta|Dauntless Shield|boost\n|-boost|p1a: Zamazenta|def|1\n|\n|upkeep\n|turn|4\n|\n|t:|1771218169\n|move|p1a: Zamazenta|Close Combat|p2a: Muk\n|-damage|p2a: Muk|19/100\n|-unboost|p1a: Zamazenta|def|1\n|-unboost|p1a: Zamazenta|spd|1\n|-damage|p1a: Zamazenta|91/100|[from] item: Life Orb\n|move|p2a: Muk|Knock Off|p1a: Zamazenta\n|-resisted|p1a: Zamazenta\n|-damage|p1a: Zamazenta|68/100\n|-enditem|p1a: Zamazenta|Life Orb|[from] move: Knock Off|[of] p2a: Muk\n|\n|-end|p2a: Muk|move: Future Sight\n|-immune|p2a: Muk\n|-heal|p1a: Zamazenta|75/100|[from] Grassy Terrain\n|-heal|p2a: Muk|25/100|[from] Grassy Terrain\n|upkeep\n|turn|5\n|\n|t:|1771218179\n|switch|p2a: Weezing|Weezing-Galar, M|100/100\n|move|p1a: Zamazenta|Close Combat|p2a: Weezing\n|-resisted|p2a: Weezing\n|-damage|p2a: Weezing|91/100\n|-unboost|p1a: Zamazenta|def|1\n|-unboost|p1a: Zamazenta|spd|1\n|\n|-heal|p1a: Zamazenta|81/100|[from] Grassy Terrain\n|-heal|p2a: Weezing|97/100|[from] item: Black Sludge\n|-fieldend|move: Grassy Terrain\n|upkeep\n|turn|6\n|\n|t:|1771218188\n|switch|p1a: Slowking|Slowking, M|97/100 brn\n|move|p2a: Weezing|Will-O-Wisp|p1a: Slowking\n|-fail|p1a: Slowking|brn\n|\n|-heal|p2a: Weezing|100/100|[from] item: Black Sludge\n|-damage|p1a: Slowking|91/100 brn|[from] brn\n|upkeep\n|turn|7\n|\n|t:|1771218192\n|switch|p2a: Muk|Muk-Alola, F|25/100\n|move|p1a: Slowking|Future Sight|p2a: Muk\n|-start|p1a: Slowking|move: Future Sight\n|\n|-damage|p1a: Slowking|85/100 brn|[from] brn\n|upkeep\n|turn|8\n|\n|t:|1771218198\n|switch|p1a: Iron Treads|Iron Treads|100/100\n|move|p2a: Muk|Knock Off|p1a: Iron Treads\n|-damage|p1a: Iron Treads|64/100\n|-enditem|p1a: Iron Treads|Leftovers|[from] move: Knock Off|[of] p2a: Muk\n|\n|upkeep\n|turn|9\n|\n|t:|1771218205\n|switch|p2a: Ting-Lu|Ting-Lu|100/100\n|-ability|p2a: Ting-Lu|Vessel of Ruin\n|move|p1a: Iron Treads|Stealth Rock|p2a: Ting-Lu\n|-sidestart|p2: YonexMiku|move: Stealth Rock\n|\n|-end|p2a: Ting-Lu|move: Future Sight\n|-immune|p2a: Ting-Lu\n|upkeep\n|turn|10\n|\n|t:|1771218219\n|-end|p1a: Iron Treads|Quark Drive|[silent]\n|switch|p1a: Rillaboom|Rillaboom, F|100/100\n|-fieldstart|move: Grassy Terrain|[from] ability: Grassy Surge|[of] p1a: Rillaboom\n|move|p2a: Ting-Lu|Stone Edge|p1a: Rillaboom\n|-damage|p1a: Rillaboom|62/100\n|\n|-heal|p1a: Rillaboom|68/100|[from] Grassy Terrain\n|upkeep\n|turn|11\n|\n|t:|1771218231\n|switch|p2a: Muk|Muk-Alola, F|25/100\n|-damage|p2a: Muk|13/100|[from] Stealth Rock\n|move|p1a: Rillaboom|Knock Off|p2a: Muk\n|-resisted|p2a: Muk\n|-damage|p2a: Muk|0 fnt\n|-enditem|p2a: Muk|Assault Vest|[from] move: Knock Off|[of] p1a: Rillaboom\n|faint|p2a: Muk\n|\n|-heal|p1a: Rillaboom|74/100|[from] Grassy Terrain\n|upkeep\n|\n|t:|1771218246\n|switch|p2a: Weezing|Weezing-Galar, M|100/100\n|-damage|p2a: Weezing|88/100|[from] Stealth Rock\n|turn|12\n|\n|t:|1771218253\n|switch|p1a: Slowking|Slowking, M|100/100 brn\n|switch|p2a: Ting-Lu|Ting-Lu|100/100\n|-damage|p2a: Ting-Lu|94/100|[from] Stealth Rock\n|-ability|p2a: Ting-Lu|Vessel of Ruin\n|\n|-heal|p2a: Ting-Lu|100/100|[from] Grassy Terrain\n|-damage|p1a: Slowking|94/100 brn|[from] brn\n|upkeep\n|turn|13\n|\n|t:|1771218258\n|move|p2a: Ting-Lu|Throat Chop|p1a: Slowking\n|-supereffective|p1a: Slowking\n|-damage|p1a: Slowking|33/100 brn\n|-start|p1a: Slowking|Throat Chop|[silent]\n|move|p1a: Slowking|Scald|p2a: Ting-Lu\n|-supereffective|p2a: Ting-Lu\n|-damage|p2a: Ting-Lu|81/100\n|\n|-heal|p2a: Ting-Lu|88/100|[from] Grassy Terrain\n|-heal|p1a: Slowking|40/100 brn|[from] Grassy Terrain\n|-damage|p1a: Slowking|33/100 brn|[from] brn\n|upkeep\n|turn|14\n|\n|t:|1771218268\n|switch|p1a: Iron Treads|Iron Treads|64/100\n|move|p2a: Ting-Lu|Throat Chop|p1a: Iron Treads\n|-damage|p1a: Iron Treads|34/100\n|-start|p1a: Iron Treads|Throat Chop|[silent]\n|\n|-heal|p1a: Iron Treads|40/100|[from] Grassy Terrain\n|-heal|p2a: Ting-Lu|94/100|[from] Grassy Terrain\n|-fieldend|move: Grassy Terrain\n|upkeep\n|turn|15\n|\n|t:|1771218276\n|switch|p2a: Alomomola|Alomomola, F|100/100\n|-damage|p2a: Alomomola|88/100|[from] Stealth Rock\n|move|p1a: Iron Treads|Ice Spinner|p2a: Alomomola\n|-resisted|p2a: Alomomola\n|-damage|p2a: Alomomola|83/100\n|\n|-heal|p2a: Alomomola|89/100|[from] item: Leftovers\n|-end|p1a: Iron Treads|Throat Chop|[silent]\n|upkeep\n|turn|16\n|\n|t:|1771218283\n|-end|p1a: Iron Treads|Quark Drive|[silent]\n|switch|p1a: Slowking|Slowking, M|67/100 brn\n|move|p2a: Alomomola|Flip Turn|p1a: Slowking\n|-resisted|p1a: Slowking\n|-damage|p1a: Slowking|60/100 brn\n|\n|t:|1771218289\n|switch|p2a: Ting-Lu|Ting-Lu|94/100|[from] Flip Turn\n|-damage|p2a: Ting-Lu|88/100|[from] Stealth Rock\n|-ability|p2a: Ting-Lu|Vessel of Ruin\n|\n|-damage|p1a: Slowking|54/100 brn|[from] brn\n|upkeep\n|turn|17\n|\n|t:|1771218293\n|switch|p1a: Moltres|Moltres|100/100\n|move|p2a: Ting-Lu|Throat Chop|p1a: Moltres\n|-damage|p1a: Moltres|60/100\n|-start|p1a: Moltres|Throat Chop|[silent]\n|\n|upkeep\n|turn|18\n|\n|t:|1771218299\n|move|p1a: Moltres|U-turn|p2a: Ting-Lu\n|-supereffective|p2a: Ting-Lu\n|-damage|p2a: Ting-Lu|70/100\n|\n|t:|1771218301\n|switch|p1a: Zamazenta|Zamazenta|81/100|[from] U-turn\n|move|p2a: Ting-Lu|Stone Edge|p1a: Zamazenta\n|-resisted|p1a: Zamazenta\n|-damage|p1a: Zamazenta|66/100\n|\n|upkeep\n|turn|19\n|\n|t:|1771218306\n|switch|p1a: Slowking|Slowking, M|87/100 brn\n|switch|p2a: Weezing|Weezing-Galar, M|88/100\n|-damage|p2a: Weezing|76/100|[from] Stealth Rock\n|\n|-heal|p2a: Weezing|82/100|[from] item: Black Sludge\n|-damage|p1a: Slowking|81/100 brn|[from] brn\n|upkeep\n|turn|20\n|\n|t:|1771218310\n|move|p2a: Weezing|Strange Steam|p1a: Slowking\n|-damage|p1a: Slowking|60/100 brn\n|move|p1a: Slowking|Future Sight|p2a: Weezing\n|-start|p1a: Slowking|move: Future Sight\n|\n|-heal|p2a: Weezing|88/100|[from] item: Black Sludge\n|-damage|p1a: Slowking|54/100 brn|[from] brn\n|upkeep\n|turn|21\n|\n|t:|1771218315\n|move|p2a: Weezing|Defog|p1a: Slowking\n|-unboost|p1a: Slowking|evasion|1\n|-sideend|p2: YonexMiku|Stealth Rock|[from] move: Defog|[of] p2a: Weezing\n|move|p1a: Slowking|Teleport|p1a: Slowking\n|\n|t:|1771218317\n|switch|p1a: Diancie|Diancie|100/100|[from] Teleport\n|\n|-heal|p2a: Weezing|94/100|[from] item: Black Sludge\n|upkeep\n|turn|22\n|\n|t:|1771218324\n|switch|p2a: Ting-Lu|Ting-Lu|70/100\n|-ability|p2a: Ting-Lu|Vessel of Ruin\n|detailschange|p1a: Diancie|Diancie-Mega\n|-mega|p1a: Diancie|Diancie|Diancite\n|move|p1a: Diancie|Diamond Storm|p2a: Ting-Lu\n|-resisted|p2a: Ting-Lu\n|-crit|p2a: Ting-Lu\n|-damage|p2a: Ting-Lu|46/100\n|\n|-end|p2a: Ting-Lu|move: Future Sight\n|-immune|p2a: Ting-Lu\n|upkeep\n|turn|23\n|\n|t:|1771218334\n|move|p1a: Diancie|Moonblast|p2a: Ting-Lu\n|-supereffective|p2a: Ting-Lu\n|-damage|p2a: Ting-Lu|6/100\n|-unboost|p2a: Ting-Lu|spa|1\n|move|p2a: Ting-Lu|Earthquake|p1a: Diancie\n|-supereffective|p1a: Diancie\n|-damage|p1a: Diancie|0 fnt\n|faint|p1a: Diancie\n|detailschange|p1: Diancie|Diancie|[silent]\n|\n|upkeep\n|\n|t:|1771218341\n|switch|p1a: Rillaboom|Rillaboom, F|74/100\n|-fieldstart|move: Grassy Terrain|[from] ability: Grassy Surge|[of] p1a: Rillaboom\n|turn|24\n|\n|t:|1771218344\n|switch|p2a: Weezing|Weezing-Galar, M|94/100\n|move|p1a: Rillaboom|U-turn|p2a: Weezing\n|-resisted|p2a: Weezing\n|-damage|p2a: Weezing|87/100\n|\n|t:|1771218347\n|switch|p1a: Slowking|Slowking, M|87/100 brn|[from] U-turn\n|\n|-heal|p2a: Weezing|93/100|[from] item: Black Sludge\n|-heal|p1a: Slowking|93/100 brn|[from] Grassy Terrain\n|-damage|p1a: Slowking|87/100 brn|[from] brn\n|upkeep\n|turn|25\n|\n|t:|1771218353\n|move|p2a: Weezing|Strange Steam|p1a: Slowking\n|-damage|p1a: Slowking|68/100 brn\n|move|p1a: Slowking|Future Sight|p2a: Weezing\n|-start|p1a: Slowking|move: Future Sight\n|\n|-heal|p2a: Weezing|99/100|[from] item: Black Sludge\n|-heal|p1a: Slowking|74/100 brn|[from] Grassy Terrain\n|-damage|p1a: Slowking|68/100 brn|[from] brn\n|upkeep\n|turn|26\n|\n|t:|1771218357\n|move|p2a: Weezing|Strange Steam|p1a: Slowking\n|-crit|p1a: Slowking\n|-damage|p1a: Slowking|38/100 brn\n|-start|p1a: Slowking|confusion\n|-activate|p1a: Slowking|confusion\n|move|p1a: Slowking|Teleport|p1a: Slowking\n|\n|t:|1771218359\n|switch|p1a: Iron Treads|Iron Treads|40/100|[from] Teleport\n|\n|-heal|p1a: Iron Treads|46/100|[from] Grassy Terrain\n|-heal|p2a: Weezing|100/100|[from] item: Black Sludge\n|upkeep\n|turn|27\n|\n|t:|1771218367\n|switch|p2a: Alomomola|Alomomola, F|100/100\n|move|p1a: Iron Treads|High Horsepower|p2a: Alomomola\n|-damage|p2a: Alomomola|80/100\n|\n|-end|p2a: Alomomola|move: Future Sight\n|-damage|p2a: Alomomola|35/100\n|-heal|p1a: Iron Treads|53/100|[from] Grassy Terrain\n|-heal|p2a: Alomomola|41/100|[from] Grassy Terrain\n|-heal|p2a: Alomomola|47/100|[from] item: Leftovers\n|upkeep\n|turn|28\n|\n|t:|1771218374\n|move|p1a: Iron Treads|Stealth Rock|p2a: Alomomola\n|-sidestart|p2: YonexMiku|move: Stealth Rock\n|move|p2a: Alomomola|Wish|p2a: Alomomola\n|\n|-heal|p1a: Iron Treads|59/100|[from] Grassy Terrain\n|-heal|p2a: Alomomola|53/100|[from] Grassy Terrain\n|-heal|p2a: Alomomola|59/100|[from] item: Leftovers\n|-fieldend|move: Grassy Terrain\n|upkeep\n|turn|29\n|\n|t:|1771218378\n|-end|p1a: Iron Treads|Quark Drive|[silent]\n|switch|p1a: Rillaboom|Rillaboom, F|74/100\n|-fieldstart|move: Grassy Terrain|[from] ability: Grassy Surge|[of] p1a: Rillaboom\n|move|p2a: Alomomola|Flip Turn|p1a: Rillaboom\n|-resisted|p1a: Rillaboom\n|-damage|p1a: Rillaboom|66/100\n|\n|t:|1771218385\n|switch|p2a: Weezing|Weezing-Galar, M|100/100|[from] Flip Turn\n|-damage|p2a: Weezing|88/100|[from] Stealth Rock\n|\n|-heal|p2a: Weezing|100/100|[from] move: Wish|[wisher] Alomomola\n|-heal|p1a: Rillaboom|72/100|[from] Grassy Terrain\n|upkeep\n|turn|30\n|\n|t:|1771218390\n|move|p1a: Rillaboom|U-turn|p2a: Weezing\n|-resisted|p2a: Weezing\n|-damage|p2a: Weezing|95/100\n|\n|t:|1771218391\n|switch|p1a: Slowking|Slowking, M|72/100 brn|[from] U-turn\n|move|p2a: Weezing|Defog|p1a: Slowking\n|-unboost|p1a: Slowking|evasion|1\n|-sideend|p2: YonexMiku|Stealth Rock|[from] move: Defog|[of] p2a: Weezing\n|-fieldend|move: Grassy Terrain\n|\n|-heal|p2a: Weezing|100/100|[from] item: Black Sludge\n|-damage|p1a: Slowking|65/100 brn|[from] brn\n|upkeep\n|turn|31\n|\n|t:|1771218395\n|move|p2a: Weezing|Strange Steam|p1a: Slowking\n|-damage|p1a: Slowking|44/100 brn\n|-start|p1a: Slowking|confusion\n|-activate|p1a: Slowking|confusion\n|move|p1a: Slowking|Future Sight|p2a: Weezing\n|-start|p1a: Slowking|move: Future Sight\n|\n|-damage|p1a: Slowking|38/100 brn|[from] brn\n|upkeep\n|turn|32\n|\n|t:|1771218402\n|move|p2a: Weezing|Strange Steam|p1a: Slowking\n|-damage|p1a: Slowking|18/100 brn\n|-activate|p1a: Slowking|confusion\n|move|p1a: Slowking|Teleport|p1a: Slowking\n|\n|t:|1771218404\n|switch|p1a: Iron Treads|Iron Treads|59/100|[from] Teleport\n|\n|upkeep\n|turn|33\n|\n|t:|1771218408\n|switch|p2a: Alomomola|Alomomola, F|93/100\n|move|p1a: Iron Treads|High Horsepower|p2a: Alomomola\n|-damage|p2a: Alomomola|75/100\n|\n|-end|p2a: Alomomola|move: Future Sight\n|-damage|p2a: Alomomola|23/100\n|-heal|p2a: Alomomola|30/100|[from] item: Leftovers\n|upkeep\n|turn|34\n|\n|t:|1771218420\n|move|p1a: Iron Treads|Stealth Rock|p2a: Alomomola\n|-sidestart|p2: YonexMiku|move: Stealth Rock\n|move|p2a: Alomomola|Wish|p2a: Alomomola\n|\n|-heal|p2a: Alomomola|36/100|[from] item: Leftovers\n|upkeep\n|turn|35\n|\n|t:|1771218423\n|move|p1a: Iron Treads|High Horsepower|p2a: Alomomola\n|-damage|p2a: Alomomola|17/100\n|move|p2a: Alomomola|Flip Turn|p1a: Iron Treads\n|-supereffective|p1a: Iron Treads\n|-damage|p1a: Iron Treads|33/100\n|\n|t:|1771218429\n|switch|p2a: Aggron|Aggron, F|100/100|[from] Flip Turn\n|-damage|p2a: Aggron|94/100|[from] Stealth Rock\n|\n|-heal|p2a: Aggron|100/100|[from] move: Wish|[wisher] Alomomola\n|upkeep\n|turn|36\n|\n|t:|1771218438\n|-end|p1a: Iron Treads|Quark Drive|[silent]\n|switch|p1a: Moltres|Moltres|60/100\n|detailschange|p2a: Aggron|Aggron-Mega, F\n|-mega|p2a: Aggron|Aggron|Aggronite\n|move|p2a: Aggron|Stealth Rock|p1a: Moltres\n|-sidestart|p1: tpfire|move: Stealth Rock\n|\n|upkeep\n|turn|37\n|\n|t:|1771218442\n|switch|p2a: Slowking|Slowking-Galar, M|100/100\n|-damage|p2a: Slowking|88/100|[from] Stealth Rock\n|move|p1a: Moltres|Mystical Fire|p2a: Slowking\n|-damage|p2a: Slowking|70/100\n|-unboost|p2a: Slowking|spa|1\n|\n|upkeep\n|turn|38\n|\n|t:|1771218458\n|move|p1a: Moltres|U-turn|p2a: Slowking\n|-damage|p2a: Slowking|56/100\n|\n|t:|1771218461\n|switch|p1a: Iron Treads|Iron Treads|33/100|[from] U-turn\n|-damage|p1a: Iron Treads|30/100|[from] Stealth Rock\n|move|p2a: Slowking|Future Sight|p1a: Iron Treads\n|-start|p2a: Slowking|move: Future Sight\n|\n|upkeep\n|turn|39\n|\n|t:|1771218470\n|switch|p2a: Alomomola|Alomomola, F|50/100\n|-damage|p2a: Alomomola|38/100|[from] Stealth Rock\n|move|p1a: Iron Treads|Rapid Spin|p2a: Alomomola\n|-damage|p2a: Alomomola|30/100\n|-boost|p1a: Iron Treads|spe|1\n|-sideend|p1: tpfire|Stealth Rock|[from] move: Rapid Spin|[of] p1a: Iron Treads\n|\n|-heal|p2a: Alomomola|36/100|[from] item: Leftovers\n|upkeep\n|turn|40\n|\n|t:|1771218476\n|move|p1a: Iron Treads|High Horsepower|p2a: Alomomola\n|-damage|p2a: Alomomola|16/100\n|move|p2a: Alomomola|Wish|p2a: Alomomola\n|\n|-end|p1a: Iron Treads|move: Future Sight\n|-resisted|p1a: Iron Treads\n|-damage|p1a: Iron Treads|2/100\n|-heal|p2a: Alomomola|22/100|[from] item: Leftovers\n|upkeep\n|turn|41\n|\n|t:|1771218482\n|-end|p1a: Iron Treads|Quark Drive|[silent]\n|switch|p1a: Rillaboom|Rillaboom, F|72/100\n|-fieldstart|move: Grassy Terrain|[from] ability: Grassy Surge|[of] p1a: Rillaboom\n|move|p2a: Alomomola|Protect||[still]\n|-fail|p2a: Alomomola\n|\n|-heal|p2a: Alomomola|72/100|[from] move: Wish|[wisher] Alomomola\n|-heal|p1a: Rillaboom|78/100|[from] Grassy Terrain\n|-heal|p2a: Alomomola|78/100|[from] Grassy Terrain\n|-heal|p2a: Alomomola|84/100|[from] item: Leftovers\n|upkeep\n|turn|42\n|\n|t:|1771218488\n|switch|p2a: Weezing|Weezing-Galar, M|100/100\n|-damage|p2a: Weezing|88/100|[from] Stealth Rock\n|move|p1a: Rillaboom|U-turn|p2a: Weezing\n|-resisted|p2a: Weezing\n|-damage|p2a: Weezing|81/100\n|\n|t:|1771218491\n|switch|p1a: Iron Treads|Iron Treads|2/100|[from] U-turn\n|\n|-heal|p1a: Iron Treads|8/100|[from] Grassy Terrain\n|-heal|p2a: Weezing|87/100|[from] item: Black Sludge\n|upkeep\n|turn|43\n|\n|t:|1771218497\n|switch|p2a: Alomomola|Alomomola, F|100/100\n|-damage|p2a: Alomomola|88/100|[from] Stealth Rock\n|move|p1a: Iron Treads|High Horsepower|p2a: Alomomola|[miss]\n|-miss|p1a: Iron Treads|p2a: Alomomola\n|\n|-heal|p1a: Iron Treads|14/100|[from] Grassy Terrain\n|-heal|p2a: Alomomola|94/100|[from] Grassy Terrain\n|-heal|p2a: Alomomola|100/100|[from] item: Leftovers\n|upkeep\n|turn|44\n|\n|t:|1771218503\n|-end|p1a: Iron Treads|Quark Drive|[silent]\n|switch|p1a: Slowking|Slowking, M|51/100 brn\n|move|p2a: Alomomola|Wish|p2a: Alomomola\n|\n|-heal|p1a: Slowking|57/100 brn|[from] Grassy Terrain\n|-damage|p1a: Slowking|51/100 brn|[from] brn\n|upkeep\n|turn|45\n|\n|t:|1771218507\n|move|p2a: Alomomola|Flip Turn|p1a: Slowking\n|-resisted|p1a: Slowking\n|-damage|p1a: Slowking|44/100 brn\n|\n|t:|1771218511\n|switch|p2a: Ting-Lu|Ting-Lu|6/100|[from] Flip Turn\n|-damage|p2a: Ting-Lu|0 fnt|[from] Stealth Rock\n|faint|p2a: Ting-Lu\n|move|p1a: Slowking|Future Sight|p2: Ting-Lu\n|-start|p1a: Slowking|move: Future Sight\n|\n|-heal|p1a: Slowking|50/100 brn|[from] Grassy Terrain\n|-damage|p1a: Slowking|44/100 brn|[from] brn\n|-fieldend|move: Grassy Terrain\n|upkeep\n|\n|t:|1771218526\n|switch|p2a: Slowking|Slowking-Galar, M|89/100\n|-damage|p2a: Slowking|77/100|[from] Stealth Rock\n|turn|46\n|\n|t:|1771218532\n|move|p2a: Slowking|Sludge Bomb|p1a: Slowking\n|-damage|p1a: Slowking|9/100 brn\n|move|p1a: Slowking|Teleport|p1a: Slowking\n|\n|t:|1771218549\n|switch|p1a: Rillaboom|Rillaboom, F|78/100|[from] Teleport\n|-fieldstart|move: Grassy Terrain|[from] ability: Grassy Surge|[of] p1a: Rillaboom\n|\n|-heal|p1a: Rillaboom|84/100|[from] Grassy Terrain\n|-heal|p2a: Slowking|83/100|[from] Grassy Terrain\n|upkeep\n|turn|47\n|\n|t:|1771218563\n|move|p1a: Rillaboom|Knock Off|p2a: Slowking\n|-supereffective|p2a: Slowking\n|-damage|p2a: Slowking|0 fnt\n|-enditem|p2a: Slowking|Assault Vest|[from] move: Knock Off|[of] p1a: Rillaboom\n|faint|p2a: Slowking\n|\n|-hint|Future Sight did not hit because the target is fainted.\n|-heal|p1a: Rillaboom|90/100|[from] Grassy Terrain\n|upkeep\n|\n|t:|1771218570\n|switch|p2a: Weezing|Weezing-Galar, M|87/100\n|-damage|p2a: Weezing|75/100|[from] Stealth Rock\n|turn|48\n|\n|t:|1771218575\n|switch|p1a: Moltres|Moltres|60/100\n|move|p2a: Weezing|Strange Steam|p1a: Moltres|[miss]\n|-miss|p2a: Weezing|p1a: Moltres\n|\n|-heal|p2a: Weezing|81/100|[from] item: Black Sludge\n|upkeep\n|turn|49\n|\n|t:|1771218584\n|move|p1a: Moltres|Roost|p1a: Moltres\n|-heal|p1a: Moltres|100/100\n|-singleturn|p1a: Moltres|move: Roost\n|move|p2a: Weezing|Defog|p1a: Moltres\n|-unboost|p1a: Moltres|evasion|1\n|-sideend|p2: YonexMiku|Stealth Rock|[from] move: Defog|[of] p2a: Weezing\n|-fieldend|move: Grassy Terrain\n|\n|-heal|p2a: Weezing|87/100|[from] item: Black Sludge\n|upkeep\n|turn|50\n|\n|t:|1771218586\n|move|p1a: Moltres|Mystical Fire|p2a: Weezing\n|-damage|p2a: Weezing|43/100\n|-unboost|p2a: Weezing|spa|1\n|move|p2a: Weezing|Flamethrower|p1a: Moltres\n|-resisted|p1a: Moltres\n|-damage|p1a: Moltres|96/100\n|\n|-heal|p2a: Weezing|49/100|[from] item: Black Sludge\n|upkeep\n|turn|51\n|\n|t:|1771218593\n|switch|p2a: Alomomola|Alomomola, F|100/100\n|move|p1a: Moltres|U-turn|p2a: Alomomola\n|-damage|p2a: Alomomola|92/100\n|\n|t:|1771218597\n|switch|p1a: Slowking|Slowking, M|42/100 brn|[from] U-turn\n|\n|-heal|p2a: Alomomola|98/100|[from] item: Leftovers\n|-damage|p1a: Slowking|36/100 brn|[from] brn\n|upkeep\n|turn|52\n|\n|t:|1771218600\n|move|p2a: Alomomola|Flip Turn|p1a: Slowking\n|-resisted|p1a: Slowking\n|-damage|p1a: Slowking|30/100 brn\n|\n|t:|1771218602\n|switch|p2a: Weezing|Weezing-Galar, M|49/100|[from] Flip Turn\n|move|p1a: Slowking|Future Sight|p2a: Weezing\n|-start|p1a: Slowking|move: Future Sight\n|\n|-heal|p2a: Weezing|55/100|[from] item: Black Sludge\n|-damage|p1a: Slowking|24/100 brn|[from] brn\n|upkeep\n|turn|53\n|\n|t:|1771218605\n|switch|p1a: Iron Treads|Iron Treads|14/100\n|move|p2a: Weezing|Strange Steam|p1a: Iron Treads\n|-resisted|p1a: Iron Treads\n|-damage|p1a: Iron Treads|2/100\n|-start|p1a: Iron Treads|confusion\n|\n|-heal|p2a: Weezing|61/100|[from] item: Black Sludge\n|upkeep\n|turn|54\n|\n|t:|1771218610\n|switch|p2a: Alomomola|Alomomola, F|100/100\n|-activate|p1a: Iron Treads|confusion\n|move|p1a: Iron Treads|Stealth Rock|p2a: Alomomola\n|-sidestart|p2: YonexMiku|move: Stealth Rock\n|\n|-end|p2a: Alomomola|move: Future Sight\n|-crit|p2a: Alomomola\n|-damage|p2a: Alomomola|23/100\n|-heal|p2a: Alomomola|29/100|[from] item: Leftovers\n|upkeep\n|turn|55\n|\n|t:|1771218618\n|-end|p1a: Iron Treads|Quark Drive|[silent]\n|switch|p1a: Slowking|Slowking, M|57/100 brn\n|move|p2a: Alomomola|Flip Turn|p1a: Slowking\n|-resisted|p1a: Slowking\n|-damage|p1a: Slowking|50/100 brn\n|\n|t:|1771218621\n|switch|p2a: Weezing|Weezing-Galar, M|61/100|[from] Flip Turn\n|-damage|p2a: Weezing|48/100|[from] Stealth Rock\n|\n|-heal|p2a: Weezing|54/100|[from] item: Black Sludge\n|-damage|p1a: Slowking|44/100 brn|[from] brn\n|upkeep\n|turn|56\n|\n|t:|1771218624\n|switch|p1a: Iron Treads|Iron Treads|2/100\n|move|p2a: Weezing|Strange Steam|p1a: Iron Treads\n|-resisted|p1a: Iron Treads\n|-damage|p1a: Iron Treads|0 fnt\n|faint|p1a: Iron Treads\n|-end|p1a: Iron Treads|Quark Drive|[silent]\n|\n|-heal|p2a: Weezing|60/100|[from] item: Black Sludge\n|upkeep\n|\n|t:|1771218627\n|switch|p1a: Slowking|Slowking, M|78/100 brn\n|turn|57\n|\n|t:|1771218629\n|move|p2a: Weezing|Strange Steam|p1a: Slowking\n|-damage|p1a: Slowking|59/100 brn\n|-start|p1a: Slowking|confusion\n|-activate|p1a: Slowking|confusion\n|-damage|p1a: Slowking|54/100 brn|[from] confusion\n|\n|-heal|p2a: Weezing|66/100|[from] item: Black Sludge\n|-damage|p1a: Slowking|47/100 brn|[from] brn\n|upkeep\n|turn|58\n|\n|t:|1771218635\n|switch|p1a: Moltres|Moltres|96/100\n|move|p2a: Weezing|Strange Steam|p1a: Moltres\n|-resisted|p1a: Moltres\n|-damage|p1a: Moltres|87/100\n|\n|-heal|p2a: Weezing|72/100|[from] item: Black Sludge\n|upkeep\n|turn|59\n|\n|t:|1771218642\n|move|p1a: Moltres|Brave Bird|p2a: Weezing\n|-damage|p2a: Weezing|49/100\n|-damage|p1a: Moltres|80/100|[from] Recoil\n|move|p2a: Weezing|Defog|p1a: Moltres\n|-unboost|p1a: Moltres|evasion|1\n|-sideend|p2: YonexMiku|Stealth Rock|[from] move: Defog|[of] p2a: Weezing\n|\n|-heal|p2a: Weezing|55/100|[from] item: Black Sludge\n|upkeep\n|turn|60\n|\n|t:|1771218651\n|switch|p1a: Slowking|Slowking, M|81/100 brn\n|switch|p2a: Alomomola|Alomomola, F|62/100\n|\n|-heal|p2a: Alomomola|68/100|[from] item: Leftovers\n|-damage|p1a: Slowking|75/100 brn|[from] brn\n|upkeep\n|turn|61\n|\n|t:|1771218655\n|switch|p2a: Weezing|Weezing-Galar, M|55/100\n|move|p1a: Slowking|Future Sight|p2a: Weezing\n|-start|p1a: Slowking|move: Future Sight\n|\n|-heal|p2a: Weezing|61/100|[from] item: Black Sludge\n|-damage|p1a: Slowking|69/100 brn|[from] brn\n|upkeep\n|turn|62\n|\n|t:|1771218661\n|move|p2a: Weezing|Strange Steam|p1a: Slowking\n|-damage|p1a: Slowking|47/100 brn\n|move|p1a: Slowking|Teleport|p1a: Slowking\n|\n|t:|1771218664\n|switch|p1a: Moltres|Moltres|80/100|[from] Teleport\n|\n|-heal|p2a: Weezing|67/100|[from] item: Black Sludge\n|upkeep\n|turn|63\n|\n|t:|1771218667\n|switch|p2a: Alomomola|Alomomola, F|100/100\n|move|p1a: Moltres|Brave Bird|p2a: Alomomola\n|-damage|p2a: Alomomola|82/100\n|-damage|p1a: Moltres|72/100|[from] Recoil\n|\n|-end|p2a: Alomomola|move: Future Sight\n|-damage|p2a: Alomomola|33/100\n|-heal|p2a: Alomomola|40/100|[from] item: Leftovers\n|upkeep\n|turn|64\n|\n|t:|1771218674\n|move|p1a: Moltres|U-turn|p2a: Alomomola\n|-damage|p2a: Alomomola|33/100\n|\n|t:|1771218676\n|switch|p1a: Slowking|Slowking, M|80/100 brn|[from] U-turn\n|move|p2a: Alomomola|Toxic||[still]\n|-fail|p2a: Alomomola\n|\n|-heal|p2a: Alomomola|39/100|[from] item: Leftovers\n|-damage|p1a: Slowking|74/100 brn|[from] brn\n|upkeep\n|turn|65\n|\n|t:|1771218682\n|switch|p2a: Weezing|Weezing-Galar, M|67/100\n|move|p1a: Slowking|Future Sight|p2a: Weezing\n|-start|p1a: Slowking|move: Future Sight\n|\n|-heal|p2a: Weezing|73/100|[from] item: Black Sludge\n|-damage|p1a: Slowking|68/100 brn|[from] brn\n|upkeep\n|turn|66\n|\n|t:|1771218690\n|move|p2a: Weezing|Strange Steam|p1a: Slowking\n|-damage|p1a: Slowking|47/100 brn\n|move|p1a: Slowking|Teleport|p1a: Slowking\n|\n|t:|1771218693\n|switch|p1a: Moltres|Moltres|72/100|[from] Teleport\n|\n|-heal|p2a: Weezing|79/100|[from] item: Black Sludge\n|upkeep\n|turn|67\n|\n|t:|1771218700\n|switch|p2a: Alomomola|Alomomola, F|72/100\n|move|p1a: Moltres|Brave Bird|p2a: Alomomola\n|-damage|p2a: Alomomola|50/100\n|-damage|p1a: Moltres|62/100|[from] Recoil\n|\n|-end|p2a: Alomomola|move: Future Sight\n|-damage|p2a: Alomomola|4/100\n|-heal|p2a: Alomomola|10/100|[from] item: Leftovers\n|upkeep\n|turn|68\n|\n|t:|1771218706\n|switch|p2a: Weezing|Weezing-Galar, M|79/100\n|move|p1a: Moltres|Mystical Fire|p2a: Weezing\n|-damage|p2a: Weezing|34/100\n|-unboost|p2a: Weezing|spa|1\n|\n|-heal|p2a: Weezing|40/100|[from] item: Black Sludge\n|upkeep\n|turn|69\n|\n|t:|1771218711\n|switch|p2a: Alomomola|Alomomola, F|43/100\n|move|p1a: Moltres|Brave Bird|p2a: Alomomola\n|-damage|p2a: Alomomola|23/100\n|-damage|p1a: Moltres|52/100|[from] Recoil\n|\n|-heal|p2a: Alomomola|29/100|[from] item: Leftovers\n|upkeep\n|turn|70\n|\n|t:|1771218719\n|switch|p1a: Slowking|Slowking, M|80/100 brn\n|switch|p2a: Weezing|Weezing-Galar, M|40/100\n|\n|-heal|p2a: Weezing|46/100|[from] item: Black Sludge\n|-damage|p1a: Slowking|74/100 brn|[from] brn\n|upkeep\n|turn|71\n|\n|t:|1771218727\n|move|p2a: Weezing|Strange Steam|p1a: Slowking\n|-damage|p1a: Slowking|52/100 brn\n|move|p1a: Slowking|Future Sight|p2a: Weezing\n|-start|p1a: Slowking|move: Future Sight\n|\n|-heal|p2a: Weezing|52/100|[from] item: Black Sludge\n|-damage|p1a: Slowking|46/100 brn|[from] brn\n|upkeep\n|turn|72\n|\n|t:|1771218731\n|move|p2a: Weezing|Strange Steam|p1a: Slowking\n|-damage|p1a: Slowking|25/100 brn\n|move|p1a: Slowking|Teleport|p1a: Slowking\n|\n|t:|1771218734\n|switch|p1a: Moltres|Moltres|52/100|[from] Teleport\n|\n|-heal|p2a: Weezing|58/100|[from] item: Black Sludge\n|upkeep\n|turn|73\n|\n|t:|1771218737\n|switch|p2a: Alomomola|Alomomola, F|62/100\n|move|p1a: Moltres|Brave Bird|p2a: Alomomola\n|-damage|p2a: Alomomola|43/100\n|-damage|p1a: Moltres|43/100|[from] Recoil\n|\n|-end|p2a: Alomomola|move: Future Sight\n|-damage|p2a: Alomomola|0 fnt\n|faint|p2a: Alomomola\n|upkeep\n|\n|t:|1771218742\n|switch|p2a: Aggron|Aggron-Mega, F|100/100\n|turn|74\n|\n|t:|1771218745\n|switch|p1a: Slowking|Slowking, M|58/100 brn\n|move|p2a: Aggron|Metal Burst||[still]\n|-fail|p2a: Aggron\n|\n|-damage|p1a: Slowking|52/100 brn|[from] brn\n|upkeep\n|turn|75\n|\n|t:|1771218750\n|move|p2a: Aggron|Stealth Rock|p1a: Slowking\n|-sidestart|p1: tpfire|move: Stealth Rock\n|move|p1a: Slowking|Teleport|p1a: Slowking\n|\n|t:|1771218752\n|switch|p1a: Zamazenta|Zamazenta|66/100|[from] Teleport\n|-damage|p1a: Zamazenta|60/100|[from] Stealth Rock\n|\n|upkeep\n|turn|76\n|\n|t:|1771218756\n|switch|p2a: Weezing|Weezing-Galar, M|58/100\n|move|p1a: Zamazenta|Close Combat|p2a: Weezing\n|-resisted|p2a: Weezing\n|-damage|p2a: Weezing|50/100\n|-unboost|p1a: Zamazenta|def|1\n|-unboost|p1a: Zamazenta|spd|1\n|\n|-heal|p2a: Weezing|56/100|[from] item: Black Sludge\n|upkeep\n|turn|77\n|\n|t:|1771218761\n|switch|p1a: Slowking|Slowking, M|85/100 brn\n|move|p2a: Weezing|Strange Steam|p1a: Slowking\n|-damage|p1a: Slowking|64/100 brn\n|\n|-heal|p2a: Weezing|62/100|[from] item: Black Sludge\n|-damage|p1a: Slowking|58/100 brn|[from] brn\n|upkeep\n|turn|78\n|\n|t:|1771218767\n|move|p2a: Weezing|Strange Steam|p1a: Slowking\n|-damage|p1a: Slowking|35/100 brn\n|move|p1a: Slowking|Teleport|p1a: Slowking\n|\n|t:|1771218769\n|switch|p1a: Moltres|Moltres|43/100|[from] Teleport\n|\n|-heal|p2a: Weezing|68/100|[from] item: Black Sludge\n|upkeep\n|turn|79\n|\n|t:|1771218773\n|move|p1a: Moltres|Mystical Fire|p2a: Weezing\n|-damage|p2a: Weezing|26/100\n|-unboost|p2a: Weezing|spa|1\n|move|p2a: Weezing|Flamethrower|p1a: Moltres\n|-resisted|p1a: Moltres\n|-damage|p1a: Moltres|39/100\n|\n|-heal|p2a: Weezing|32/100|[from] item: Black Sludge\n|upkeep\n|turn|80\n|\n|t:|1771218776\n|move|p1a: Moltres|Roost|p1a: Moltres\n|-heal|p1a: Moltres|89/100\n|-singleturn|p1a: Moltres|move: Roost\n|move|p2a: Weezing|Flamethrower|p1a: Moltres\n|-resisted|p1a: Moltres\n|-damage|p1a: Moltres|85/100\n|\n|-heal|p2a: Weezing|38/100|[from] item: Black Sludge\n|upkeep\n|turn|81\n|\n|t:|1771218778\n|move|p1a: Moltres|Mystical Fire|p2a: Weezing\n|-damage|p2a: Weezing|0 fnt\n|faint|p2a: Weezing\n|\n|upkeep\n|\n|t:|1771218780\n|switch|p2a: Aggron|Aggron-Mega, F|100/100\n|turn|82\n|\n|t:|1771218782\n|move|p1a: Moltres|U-turn|p2a: Aggron\n|-resisted|p2a: Aggron\n|-damage|p2a: Aggron|98/100\n|\n|t:|1771218783\n|switch|p1a: Slowking|Slowking, M|69/100 brn|[from] U-turn\n|move|p2a: Aggron|Metal Burst|p1a: Slowking\n|-damage|p1a: Slowking|65/100 brn\n|\n|-damage|p1a: Slowking|59/100 brn|[from] brn\n|upkeep\n|turn|83\n|\n|t:|1771218788\n|move|p2a: Aggron|Fire Punch|p1a: Slowking\n|-resisted|p1a: Slowking\n|-damage|p1a: Slowking|50/100 brn\n|move|p1a: Slowking|Thunder Wave|p2a: Aggron\n|-status|p2a: Aggron|par\n|\n|-damage|p1a: Slowking|44/100 brn|[from] brn\n|upkeep\n|turn|84\n|\n|t:|1771218793\n|move|p1a: Slowking|Future Sight|p2a: Aggron\n|-start|p1a: Slowking|move: Future Sight\n|move|p2a: Aggron|Body Press|p1a: Slowking\n|-resisted|p1a: Slowking\n|-damage|p1a: Slowking|27/100 brn\n|\n|-damage|p1a: Slowking|21/100 brn|[from] brn\n|upkeep\n|turn|85\n|\n|t:|1771218795\n|move|p1a: Slowking|Scald|p2a: Aggron\n|-damage|p2a: Aggron|64/100 par\n|move|p2a: Aggron|Body Press|p1a: Slowking\n|-resisted|p1a: Slowking\n|-damage|p1a: Slowking|2/100 brn\n|\n|-damage|p1a: Slowking|0 fnt|[from] brn\n|faint|p1a: Slowking\n|upkeep\n|\n|t:|1771218797\n|switch|p1a: Moltres|Moltres|85/100\n|turn|86\n|\n|t:|1771218800\n|move|p1a: Moltres|Mystical Fire|p2a: Aggron\n|-supereffective|p2a: Aggron\n|-damage|p2a: Aggron|6/100 par\n|-unboost|p2a: Aggron|spa|1\n|cant|p2a: Aggron|par\n|\n|-end|p2a: Aggron|move: Future Sight\n|-resisted|p2a: Aggron\n|-damage|p2a: Aggron|0 fnt\n|faint|p2a: Aggron\n|detailschange|p2: Aggron|Aggron, F|[silent]\n|\n|win|tpfire\n|raw|tpfire's rating: 1591 &rarr; <strong>1613</strong><br />(+22 for winning)\n|raw|YonexMiku's rating: 1623 &rarr; <strong>1601</strong><br />(-22 for losing)\n|l|☆YonexMiku\n|player|p2|\n|l|☆tpfire\n|player|p1|\n", "uploadtime": 1771218971, "views": 5, "formatid": "gen9nationaldex", "rating": 1601, "private": 0, "password": null}