{"id": "gen9nationaldex-2540667860", "format": "[Gen 9] National Dex", "players": ["spirefire", "repeatttt"], "log": "|j|☆spirefire\n|j|☆repeatttt\n|t:|1771237141\n|gametype|singles\n|player|p1|spirefire|miku-ghost|1646\n|player|p2|repeatttt|leon-masters|1695\n|gen|9\n|tier|[Gen 9] National Dex\n|rated|\n|rule|HP Percentage Mod: HP is shown in percentages\n|rule|Endless Battle Clause: Forcing endless battles is banned\n|rule|Species Clause: Limit one of each Pokémon\n|rule|OHKO Clause: OHKO moves are banned\n|rule|Evasion Clause: Evasion abilities, items, and moves are banned\n|rule|Evasion Abilities Clause: Evasion abilities are banned\n|rule|Evasion Items Clause: Evasion items are banned\n|rule|Evasion Moves Clause: Evasion moves are banned\n|rule|Sleep Clause Mod: Limit one foe put to sleep\n|rule|Terastal Clause: You cannot Terastallize\n|clearpoke\n|poke|p1|Magnezone|\n|poke|p1|Pinsir, M|\n|poke|p1|Cinderace, F|\n|poke|p1|Tapu Bulu|\n|poke|p1|Alomomola, M|\n|poke|p1|Iron Treads|\n|poke|p2|Slowbro, F|\n|poke|p2|Clodsire, M|\n|poke|p2|Tapu Lele|\n|poke|p2|Kingambit, F|\n|poke|p2|Heatran, M|\n|poke|p2|Corviknight, M|\n|teampreview\n|inactive|Battle timer is ON: inactive players will automatically lose when time's up. (requested by spirefire)\n|\n|t:|1771237145\n|teamsize|p1|6\n|teamsize|p2|6\n|start\n|switch|p1a: Cinderace|Cinderace, F|100/100\n|switch|p2a: Heatran|Heatran, M|100/100\n|turn|1\n|\n|t:|1771237150\n|switch|p2a: Slowbro|Slowbro, F|100/100\n|move|p1a: Cinderace|U-turn|p2a: Slowbro\n|-supereffective|p2a: Slowbro\n|-damage|p2a: Slowbro|74/100\n|-damage|p1a: Cinderace|84/100|[from] item: Rocky Helmet|[of] p2a: Slowbro\n|\n|t:|1771237159\n|switch|p1a: Tapu Bulu|Tapu Bulu|100/100|[from] U-turn\n|-fieldstart|move: Grassy Terrain|[from] ability: Grassy Surge|[of] p1a: Tapu Bulu\n|\n|-heal|p2a: Slowbro|80/100|[from] Grassy Terrain\n|upkeep\n|turn|2\n|\n|t:|1771237162\n|switch|p1a: Magnezone|Magnezone|100/100\n|move|p2a: Slowbro|Teleport|p2a: Slowbro\n|\n|t:|1771237164\n|switch|p2a: Heatran|Heatran, M|100/100|[from] Teleport\n|\n|upkeep\n|turn|3\n|\n|t:|1771237170\n|switch|p1a: Alomomola|Alomomola, M|100/100\n|move|p2a: Heatran|Eruption|p1a: Alomomola\n|-resisted|p1a: Alomomola\n|-damage|p1a: Alomomola|66/100\n|\n|-heal|p1a: Alomomola|72/100|[from] Grassy Terrain\n|upkeep\n|turn|4\n|\n|t:|1771237173\n|switch|p2a: Clodsire|Clodsire, M|100/100\n|move|p1a: Alomomola|Flip Turn|p2a: Clodsire\n|-immune|p2a: Clodsire|[from] ability: Water Absorb\n|\n|-heal|p1a: Alomomola|79/100|[from] Grassy Terrain\n|upkeep\n|turn|5\n|\n|t:|1771237177\n|switch|p2a: Heatran|Heatran, M|100/100\n|move|p1a: Alomomola|Knock Off|p2a: Heatran\n|-damage|p2a: Heatran|82/100\n|-enditem|p2a: Heatran|Choice Specs|[from] move: Knock Off|[of] p1a: Alomomola\n|\n|-heal|p2a: Heatran|88/100|[from] Grassy Terrain\n|-heal|p1a: Alomomola|85/100|[from] Grassy Terrain\n|-fieldend|move: Grassy Terrain\n|upkeep\n|turn|6\n|\n|t:|1771237180\n|switch|p2a: Clodsire|Clodsire, M|100/100\n|move|p1a: Alomomola|Flip Turn|p2a: Clodsire\n|-immune|p2a: Clodsire|[from] ability: Water Absorb\n|\n|upkeep\n|turn|7\n|\n|t:|1771237183\n|move|p1a: Alomomola|Knock Off|p2a: Clodsire\n|-damage|p2a: Clodsire|81/100\n|-enditem|p2a: Clodsire|Black Sludge|[from] move: Knock Off|[of] p1a: Alomomola\n|move|p2a: Clodsire|Stealth Rock|p1a: Alomomola\n|-sidestart|p1: spirefire|move: Stealth Rock\n|\n|upkeep\n|turn|8\n|\n|t:|1771237187\n|switch|p1a: Iron Treads|Iron Treads|100/100\n|-damage|p1a: Iron Treads|97/100|[from] Stealth Rock\n|-enditem|p1a: Iron Treads|Booster Energy\n|-activate|p1a: Iron Treads|ability: Quark Drive|[fromitem]\n|-start|p1a: Iron Treads|quarkdrivespe\n|move|p2a: Clodsire|Earthquake|p1a: Iron Treads\n|-supereffective|p1a: Iron Treads\n|-damage|p1a: Iron Treads|41/100\n|\n|upkeep\n|turn|9\n|\n|t:|1771237193\n|move|p1a: Iron Treads|Ice Spinner|p2a: Clodsire\n|-supereffective|p2a: Clodsire\n|-damage|p2a: Clodsire|28/100\n|move|p2a: Clodsire|Earthquake|p1a: Iron Treads\n|-supereffective|p1a: Iron Treads\n|-damage|p1a: Iron Treads|0 fnt\n|faint|p1a: Iron Treads\n|-end|p1a: Iron Treads|Quark Drive|[silent]\n|\n|upkeep\n|\n|t:|1771237197\n|switch|p1a: Cinderace|Cinderace, F|84/100\n|turn|10\n|\n|t:|1771237199\n|move|p1a: Cinderace|Pyro Ball|p2a: Clodsire\n|-damage|p2a: Clodsire|0 fnt\n|faint|p2a: Clodsire\n|\n|upkeep\n|\n|t:|1771237205\n|switch|p2a: Slowbro|Slowbro, F|100/100\n|turn|11\n|\n|t:|1771237208\n|move|p1a: Cinderace|Court Change|p1a: Cinderace\n|-swapsideconditions\n|-activate|p1a: Cinderace|move: Court Change\n|move|p2a: Slowbro|Teleport|p2a: Slowbro\n|\n|t:|1771237212\n|switch|p2a: Heatran|Heatran, M|88/100|[from] Teleport\n|-damage|p2a: Heatran|76/100|[from] Stealth Rock\n|\n|upkeep\n|turn|12\n|\n|t:|1771237214\n|move|p1a: Cinderace|U-turn|p2a: Heatran\n|-resisted|p2a: Heatran\n|-damage|p2a: Heatran|71/100\n|\n|t:|1771237216\n|switch|p1a: Alomomola|Alomomola, M|100/100|[from] U-turn\n|move|p2a: Heatran|Earth Power|p1a: Alomomola\n|-damage|p1a: Alomomola|80/100\n|\n|upkeep\n|turn|13\n|\n|t:|1771237218\n|move|p2a: Heatran|Earth Power|p1a: Alomomola\n|-damage|p1a: Alomomola|60/100\n|move|p1a: Alomomola|Flip Turn|p2a: Heatran\n|-supereffective|p2a: Heatran\n|-damage|p2a: Heatran|40/100\n|\n|t:|1771237224\n|switch|p1a: Cinderace|Cinderace, F|84/100|[from] Flip Turn\n|\n|upkeep\n|turn|14\n|\n|t:|1771237226\n|move|p1a: Cinderace|U-turn|p2a: Heatran\n|-resisted|p2a: Heatran\n|-damage|p2a: Heatran|34/100\n|\n|t:|1771237228\n|switch|p1a: Alomomola|Alomomola, M|93/100|[from] U-turn\n|move|p2a: Heatran|Earth Power|p1a: Alomomola\n|-damage|p1a: Alomomola|74/100\n|\n|upkeep\n|turn|15\n|\n|t:|1771237234\n|move|p2a: Heatran|Earth Power|p1a: Alomomola\n|-damage|p1a: Alomomola|55/100\n|move|p1a: Alomomola|Flip Turn|p2a: Heatran\n|-supereffective|p2a: Heatran\n|-damage|p2a: Heatran|0 fnt\n|faint|p2a: Heatran\n|-message|repeatttt forfeited.\n|\n|win|spirefire\n|raw|spirefire's rating: 1646 &rarr; <strong>1669</strong><br />(+23 for winning)\n|raw|repeatttt's rating: 1695 &rarr; <strong>1672</strong><br />(-23 for losing)\n|l|☆repeatttt\n|player|p2|\n|l|☆spirefire\n|player|p1|\n", "uploadtime": 1771237449, "views": 10, "formatid": "gen9nationaldex", "rating": 1669, "private": 0, "password": null}