{"id": "gen9nationaldex-2540610918", "format": "[Gen 9] National Dex", "players": ["we so vile", "heimao1"], "log": "|j|☆we so vile\n|j|☆heimao1\n|t:|1771226906\n|gametype|singles\n|player|p1|we so vile|heath|1702\n|player|p2|heimao1|102|1723\n|gen|9\n|tier|[Gen 9] National Dex\n|rated|\n|rule|HP Percentage Mod: HP is shown in percentages\n|rule|Endless Battle Clause: Forcing endless battles is banned\n|rule|Species Clause: Limit one of each Pokémon\n|rule|OHKO Clause: OHKO moves are banned\n|rule|Evasion Clause: Evasion abilities, items, and moves are banned\n|rule|Evasion Abilities Clause: Evasion abilities are banned\n|rule|Evasion Items Clause: Evasion items are banned\n|rule|Evasion Moves Clause: Evasion moves are banned\n|rule|Sleep Clause Mod: Limit one foe put to sleep\n|rule|Terastal Clause: You cannot Terastallize\n|clearpoke\n|poke|p1|Samurott-Hisui, M|\n|poke|p1|Gholdengo|\n|poke|p1|Chesnaught, M|\n|poke|p1|Clodsire, F|\n|poke|p1|Dragonite, M|\n|poke|p1|Weavile, M|\n|poke|p2|Ogerpon-Wellspring, F|\n|poke|p2|Dragonite, F|\n|poke|p2|Volcarona, F|\n|poke|p2|Landorus-Therian, M|\n|poke|p2|Great Tusk|\n|poke|p2|Alakazam, F|\n|teampreview\n|inactive|Battle timer is ON: inactive players will automatically lose when time's up. (requested by we so vile)\n|j| Sgkigfdsa\n|l|☆heimao1\n|inactive|heimao1 disconnected and has a minute to reconnect!\n|player|p2|\n|l| Sgkigfdsa\n|j|☆heimao1\n|inactive|heimao1 reconnected and has 115 seconds left.\n|player|p2|heimao1|102|\n|\n|t:|1771226963\n|teamsize|p1|6\n|teamsize|p2|6\n|start\n|switch|p1a: Omoro|Samurott-Hisui, M|100/100\n|switch|p2a: Landorus|Landorus-Therian, M|100/100\n|-ability|p2a: Landorus|Intimidate|boost\n|-unboost|p1a: Omoro|atk|1\n|turn|1\n|\n|t:|1771226980\n|move|p1a: Omoro|Ceaseless Edge|p2a: Landorus\n|-damage|p2a: Landorus|63/100\n|-sidestart|p2: heimao1|Spikes\n|move|p2a: Landorus|Stealth Rock|p1a: Omoro\n|-sidestart|p1: we so vile|move: Stealth Rock\n|\n|upkeep\n|turn|2\n|\n|t:|1771226988\n|move|p1a: Omoro|Ceaseless Edge|p2a: Landorus\n|-crit|p2a: Landorus\n|-damage|p2a: Landorus|0 fnt\n|-sidestart|p2: heimao1|Spikes\n|faint|p2a: Landorus\n|\n|upkeep\n|\n|t:|1771226998\n|switch|p2a: Ogerpon|Ogerpon-Wellspring, F|100/100\n|-damage|p2a: Ogerpon|84/100|[from] Spikes\n|turn|3\n|\n|t:|1771227011\n|move|p1a: Omoro|Ceaseless Edge|p2a: Ogerpon|[miss]\n|-miss|p1a: Omoro|p2a: Ogerpon\n|move|p2a: Ogerpon|Swords Dance|p2a: Ogerpon\n|-boost|p2a: Ogerpon|atk|2\n|\n|upkeep\n|turn|4\n|\n|t:|1771227021\n|move|p1a: Omoro|Ceaseless Edge|p2a: Ogerpon\n|-damage|p2a: Ogerpon|48/100\n|-sidestart|p2: heimao1|Spikes\n|move|p2a: Ogerpon|Play Rough|p1a: Omoro\n|-supereffective|p1a: Omoro\n|-damage|p1a: Omoro|0 fnt\n|faint|p1a: Omoro\n|\n|upkeep\n|\n|t:|1771227027\n|switch|p1a: Sergeant|Weavile, M|100/100\n|-ability|p1a: Sergeant|Pressure\n|turn|5\n|\n|t:|1771227035\n|move|p1a: Sergeant|Triple Axel|p2a: Ogerpon|[miss]\n|-miss|p1a: Sergeant|p2a: Ogerpon\n|move|p2a: Ogerpon|Ivy Cudgel|p1a: Sergeant|[anim] Ivy Cudgel Water\n|-damage|p1a: Sergeant|0 fnt\n|faint|p1a: Sergeant\n|\n|upkeep\n|\n|t:|1771227038\n|switch|p1a: Gustad|Dragonite, M|100/100\n|turn|6\n|\n|t:|1771227046\n|move|p1a: Gustad|Extreme Speed|p2a: Ogerpon\n|-damage|p2a: Ogerpon|7/100\n|move|p2a: Ogerpon|Play Rough|p1a: Gustad\n|-supereffective|p1a: Gustad\n|-damage|p1a: Gustad|19/100\n|\n|upkeep\n|turn|7\n|\n|t:|1771227054\n|switch|p2a: Great Tusk|Great Tusk|100/100\n|-damage|p2a: Great Tusk|76/100|[from] Spikes\n|-enditem|p2a: Great Tusk|Booster Energy\n|-activate|p2a: Great Tusk|ability: Protosynthesis|[fromitem]\n|-start|p2a: Great Tusk|protosynthesisatk\n|move|p1a: Gustad|Extreme Speed|p2a: Great Tusk\n|-damage|p2a: Great Tusk|52/100\n|\n|upkeep\n|turn|8\n|\n|t:|1771227065\n|move|p2a: Great Tusk|Ice Spinner|p1a: Gustad\n|-supereffective|p1a: Gustad\n|-damage|p1a: Gustad|0 fnt\n|faint|p1a: Gustad\n|\n|upkeep\n|\n|t:|1771227068\n|switch|p1a: Franz|Gholdengo|100/100\n|-damage|p1a: Franz|94/100|[from] Stealth Rock\n|-item|p1a: Franz|Air Balloon\n|turn|9\n|\n|t:|1771227075\n|move|p2a: Great Tusk|Ice Spinner|p1a: Franz\n|-resisted|p1a: Franz\n|-damage|p1a: Franz|74/100\n|-enditem|p1a: Franz|Air Balloon\n|move|p1a: Franz|Shadow Ball|p2a: Great Tusk\n|-damage|p2a: Great Tusk|0 fnt\n|faint|p2a: Great Tusk\n|-end|p2a: Great Tusk|Protosynthesis|[silent]\n|\n|upkeep\n|\n|t:|1771227085\n|switch|p2a: Volcarona|Volcarona, F|100/100\n|-damage|p2a: Volcarona|76/100|[from] Spikes\n|turn|10\n|\n|t:|1771227090\n|switch|p1a: Fuchsia|Clodsire, F, shiny|100/100\n|-damage|p1a: Fuchsia|94/100|[from] Stealth Rock\n|move|p2a: Volcarona|Fire Blast|p1a: Fuchsia\n|-damage|p1a: Fuchsia|54/100\n|-damage|p2a: Volcarona|66/100|[from] item: Life Orb\n|\n|-heal|p1a: Fuchsia|61/100|[from] item: Black Sludge\n|upkeep\n|turn|11\n|\n|t:|1771227101\n|switch|p2a: Alakazam|Alakazam, F|100/100\n|move|p1a: Fuchsia|Recover|p1a: Fuchsia\n|-heal|p1a: Fuchsia|100/100\n|\n|upkeep\n|turn|12\n|\n|t:|1771227111\n|switch|p1a: Franz|Gholdengo|74/100\n|-damage|p1a: Franz|68/100|[from] Stealth Rock\n|move|p2a: Alakazam|Nasty Plot|p2a: Alakazam\n|-boost|p2a: Alakazam|spa|2\n|\n|upkeep\n|turn|13\n|\n|t:|1771227120\n|move|p2a: Alakazam|Psychic|p1a: Franz\n|-resisted|p1a: Franz\n|-damage|p1a: Franz|2/100\n|move|p1a: Franz|Shadow Ball|p2a: Alakazam\n|-supereffective|p2a: Alakazam\n|-damage|p2a: Alakazam|0 fnt\n|faint|p2a: Alakazam\n|\n|upkeep\n|\n|t:|1771227139\n|switch|p2a: Dragonite|Dragonite, F|100/100\n|turn|14\n|\n|t:|1771227143\n|switch|p1a: Hank|Chesnaught, M, shiny|100/100\n|-damage|p1a: Hank|94/100|[from] Stealth Rock\n|move|p2a: Dragonite|Substitute|p2a: Dragonite\n|-start|p2a: Dragonite|Substitute\n|-damage|p2a: Dragonite|76/100\n|\n|upkeep\n|turn|15\n|\n|t:|1771227151\n|move|p2a: Dragonite|Dragon Dance|p2a: Dragonite\n|-boost|p2a: Dragonite|atk|1\n|-boost|p2a: Dragonite|spe|1\n|move|p1a: Hank|Iron Defense|p1a: Hank\n|-boost|p1a: Hank|def|2\n|\n|upkeep\n|turn|16\n|\n|t:|1771227158\n|switch|p2a: Volcarona|Volcarona, F|66/100\n|-damage|p2a: Volcarona|41/100|[from] Spikes\n|move|p1a: Hank|Iron Defense|p1a: Hank\n|-boost|p1a: Hank|def|2\n|\n|upkeep\n|turn|17\n|\n|t:|1771227166\n|switch|p1a: Franz|Gholdengo|2/100\n|-damage|p1a: Franz|0 fnt|[from] Stealth Rock\n|faint|p1a: Franz\n|move|p2a: Volcarona|Fire Blast|p1: Franz|[notarget]\n|-fail|p2a: Volcarona\n|\n|upkeep\n|\n|t:|1771227169\n|switch|p1a: Fuchsia|Clodsire, F, shiny|100/100\n|-damage|p1a: Fuchsia|94/100|[from] Stealth Rock\n|turn|18\n|\n|t:|1771227179\n|move|p2a: Volcarona|Fire Blast|p1a: Fuchsia\n|-damage|p1a: Fuchsia|52/100\n|-damage|p2a: Volcarona|31/100|[from] item: Life Orb\n|move|p1a: Fuchsia|Stealth Rock|p2a: Volcarona\n|-sidestart|p2: heimao1|move: Stealth Rock\n|\n|-heal|p1a: Fuchsia|58/100|[from] item: Black Sludge\n|upkeep\n|turn|19\n|\n|t:|1771227201\n|switch|p2a: Dragonite|Dragonite, F|76/100\n|-damage|p2a: Dragonite|51/100|[from] Stealth Rock\n|move|p1a: Fuchsia|Recover|p1a: Fuchsia\n|-heal|p1a: Fuchsia|100/100\n|\n|upkeep\n|turn|20\n|\n|t:|1771227210\n|switch|p1a: Hank|Chesnaught, M, shiny|94/100\n|-damage|p1a: Hank|88/100|[from] Stealth Rock\n|move|p2a: Dragonite|Dragon Dance|p2a: Dragonite\n|-boost|p2a: Dragonite|atk|1\n|-boost|p2a: Dragonite|spe|1\n|\n|upkeep\n|turn|21\n|\n|t:|1771227220\n|-zpower|p2a: Dragonite\n|move|p2a: Dragonite|Devastating Drake|p1a: Hank|[zeffect]\n|-damage|p1a: Hank|0 fnt\n|faint|p1a: Hank\n|\n|upkeep\n|\n|t:|1771227223\n|switch|p1a: Fuchsia|Clodsire, F, shiny|100/100\n|-damage|p1a: Fuchsia|94/100|[from] Stealth Rock\n|turn|22\n|\n|t:|1771227233\n|move|p2a: Dragonite|Earthquake|p1a: Fuchsia\n|-supereffective|p1a: Fuchsia\n|-damage|p1a: Fuchsia|8/100\n|move|p1a: Fuchsia|Toxic|p2a: Dragonite\n|-status|p2a: Dragonite|tox\n|\n|-heal|p1a: Fuchsia|14/100|[from] item: Black Sludge\n|-damage|p2a: Dragonite|45/100 tox|[from] psn\n|upkeep\n|turn|23\n|-message|we so vile forfeited.\n|\n|win|heimao1\n|raw|we so vile's rating: 1702 &rarr; <strong>1683</strong><br />(-19 for losing)\n|raw|heimao1's rating: 1723 &rarr; <strong>1742</strong><br />(+19 for winning)\n|l|☆we so vile\n|player|p1|\n|l|☆heimao1\n|player|p2|\n", "uploadtime": 1771227374, "views": 9, "formatid": "gen9nationaldex", "rating": 1683, "private": 0, "password": null}