{"id": "gen9nationaldex-2540898472", "format": "[Gen 9] National Dex", "players": ["calamityiscoming2", "CanaryKill"], "log": "|j|☆calamityiscoming2\n|j|☆CanaryKill\n|t:|1771265146\n|gametype|singles\n|player|p1|calamityiscoming2|bellelba|1749\n|player|p2|CanaryKill|266|1632\n|gen|9\n|tier|[Gen 9] National Dex\n|rated|\n|rule|HP Percentage Mod: HP is shown in percentages\n|rule|Endless Battle Clause: Forcing endless battles is banned\n|rule|Species Clause: Limit one of each Pokémon\n|rule|OHKO Clause: OHKO moves are banned\n|rule|Evasion Clause: Evasion abilities, items, and moves are banned\n|rule|Evasion Abilities Clause: Evasion abilities are banned\n|rule|Evasion Items Clause: Evasion items are banned\n|rule|Evasion Moves Clause: Evasion moves are banned\n|rule|Sleep Clause Mod: Limit one foe put to sleep\n|rule|Terastal Clause: You cannot Terastallize\n|clearpoke\n|poke|p1|Ogerpon-Cornerstone, F|\n|poke|p1|Lopunny, M|\n|poke|p1|Gholdengo|\n|poke|p1|Garchomp, F|\n|poke|p1|Alomomola, F|\n|poke|p1|Zapdos|\n|poke|p2|Primarina, F|\n|poke|p2|Sinistcha|\n|poke|p2|Volcanion|\n|poke|p2|Iron Treads|\n|poke|p2|Scizor, F|\n|poke|p2|Tinkaton, F|\n|teampreview\n|inactive|Battle timer is ON: inactive players will automatically lose when time's up. (requested by CanaryKill)\n|\n|t:|1771265154\n|teamsize|p1|6\n|teamsize|p2|6\n|start\n|switch|p1a: Ogerpon|Ogerpon-Cornerstone, F|100/100\n|switch|p2a: Tinkaton|Tinkaton, F|100/100\n|-ability|p2a: Tinkaton|Mold Breaker\n|-item|p2a: Tinkaton|Air Balloon\n|turn|1\n|\n|t:|1771265159\n|switch|p1a: Garchomp|Garchomp, F|100/100\n|move|p2a: Tinkaton|Thunder Wave|p1a: Garchomp\n|-immune|p1a: Garchomp\n|\n|upkeep\n|turn|2\n|\n|t:|1771265169\n|move|p2a: Tinkaton|Stealth Rock|p1a: Garchomp\n|-sidestart|p1: calamityiscoming2|move: Stealth Rock\n|move|p1a: Garchomp|Stealth Rock|p2a: Tinkaton\n|-sidestart|p2: CanaryKill|move: Stealth Rock\n|\n|upkeep\n|turn|3\n|\n|t:|1771265174\n|switch|p1a: Alomomola|Alomomola, F|100/100\n|-damage|p1a: Alomomola|88/100|[from] Stealth Rock\n|move|p2a: Tinkaton|Encore||[still]\n|-fail|p2a: Tinkaton\n|\n|upkeep\n|turn|4\n|\n|t:|1771265179\n|switch|p2a: Iron Treads|Iron Treads|100/100\n|-damage|p2a: Iron Treads|97/100|[from] Stealth Rock\n|-enditem|p2a: Iron Treads|Booster Energy\n|-activate|p2a: Iron Treads|ability: Quark Drive|[fromitem]\n|-start|p2a: Iron Treads|quarkdrivespe\n|move|p1a: Alomomola|Knock Off|p2a: Iron Treads\n|-damage|p2a: Iron Treads|86/100\n|\n|upkeep\n|turn|5\n|\n|t:|1771265183\n|move|p2a: Iron Treads|Rapid Spin|p1a: Alomomola\n|-damage|p1a: Alomomola|78/100\n|-boost|p2a: Iron Treads|spe|1\n|-sideend|p2: CanaryKill|Stealth Rock|[from] move: Rapid Spin|[of] p2a: Iron Treads\n|move|p1a: Alomomola|Flip Turn|p2a: Iron Treads\n|-supereffective|p2a: Iron Treads\n|-crit|p2a: Iron Treads\n|-damage|p2a: Iron Treads|39/100\n|\n|t:|1771265188\n|switch|p1a: Zapdos|Zapdos|100/100|[from] Flip Turn\n|\n|upkeep\n|turn|6\n|\n|t:|1771265195\n|switch|p1a: Alomomola|Alomomola, F|100/100\n|-damage|p1a: Alomomola|88/100|[from] Stealth Rock\n|move|p2a: Iron Treads|Stone Edge|p1a: Alomomola\n|-damage|p1a: Alomomola|67/100\n|\n|upkeep\n|turn|7\n|\n|t:|1771265202\n|move|p2a: Iron Treads|Earthquake|p1a: Alomomola\n|-crit|p1a: Alomomola\n|-damage|p1a: Alomomola|23/100\n|move|p1a: Alomomola|Knock Off|p2a: Iron Treads\n|-damage|p2a: Iron Treads|29/100\n|\n|upkeep\n|turn|8\n|\n|t:|1771265226\n|switch|p1a: Garchomp|Garchomp, F|100/100\n|-damage|p1a: Garchomp|94/100|[from] Stealth Rock\n|move|p2a: Iron Treads|Earthquake|p1a: Garchomp\n|-damage|p1a: Garchomp|53/100\n|\n|-heal|p1a: Garchomp|59/100|[from] item: Leftovers\n|upkeep\n|turn|9\n|\n|t:|1771265232\n|move|p1a: Garchomp|Protect|p1a: Garchomp\n|-singleturn|p1a: Garchomp|Protect\n|move|p2a: Iron Treads|Earthquake|p1a: Garchomp\n|-activate|p1a: Garchomp|move: Protect\n|\n|-heal|p1a: Garchomp|65/100|[from] item: Leftovers\n|upkeep\n|turn|10\n|\n|t:|1771265234\n|switch|p1a: Zapdos|Zapdos|100/100\n|move|p2a: Iron Treads|Ice Spinner|p1a: Zapdos\n|-supereffective|p1a: Zapdos\n|-damage|p1a: Zapdos|59/100\n|-status|p2a: Iron Treads|par|[from] ability: Static|[of] p1a: Zapdos\n|\n|upkeep\n|turn|11\n|\n|t:|1771265238\n|move|p2a: Iron Treads|Stone Edge|p1a: Zapdos\n|-supereffective|p1a: Zapdos\n|-damage|p1a: Zapdos|14/100\n|move|p1a: Zapdos|Defog|p2a: Iron Treads\n|-unboost|p2a: Iron Treads|evasion|1\n|-sideend|p1: calamityiscoming2|Stealth Rock|[from] move: Defog|[of] p1a: Zapdos\n|\n|upkeep\n|turn|12\n|inactive|CanaryKill has 120 seconds left.\n|\n|t:|1771265281\n|move|p2a: Iron Treads|Ice Spinner|p1a: Zapdos\n|-supereffective|p1a: Zapdos\n|-damage|p1a: Zapdos|0 fnt\n|faint|p1a: Zapdos\n|\n|upkeep\n|\n|t:|1771265283\n|switch|p1a: Lopunny|Lopunny, M|100/100\n|turn|13\n|inactive|CanaryKill has 120 seconds left.\n|\n|t:|1771265299\n|detailschange|p1a: Lopunny|Lopunny-Mega, M\n|-mega|p1a: Lopunny|Lopunny|Lopunnite\n|move|p1a: Lopunny|Close Combat|p2a: Iron Treads\n|-supereffective|p2a: Iron Treads\n|-damage|p2a: Iron Treads|0 fnt\n|-unboost|p1a: Lopunny|def|1\n|-unboost|p1a: Lopunny|spd|1\n|faint|p2a: Iron Treads\n|-end|p2a: Iron Treads|Quark Drive|[silent]\n|\n|upkeep\n|\n|t:|1771265313\n|switch|p2a: Sinistcha|Sinistcha|100/100\n|turn|14\n|\n|t:|1771265321\n|switch|p1a: Garchomp|Garchomp, F|65/100\n|move|p2a: Sinistcha|Calm Mind|p2a: Sinistcha\n|-boost|p2a: Sinistcha|spa|1\n|-boost|p2a: Sinistcha|spd|1\n|\n|-heal|p1a: Garchomp|71/100|[from] item: Leftovers\n|upkeep\n|turn|15\n|\n|t:|1771265337\n|move|p1a: Garchomp|Toxic|p2a: Sinistcha\n|-status|p2a: Sinistcha|tox\n|move|p2a: Sinistcha|Matcha Gotcha|p1a: Garchomp|[miss]\n|-miss|p2a: Sinistcha|p1a: Garchomp\n|\n|-heal|p1a: Garchomp|77/100|[from] item: Leftovers\n|-damage|p2a: Sinistcha|94/100 tox|[from] psn\n|upkeep\n|turn|16\n|\n|t:|1771265349\n|move|p1a: Garchomp|Stealth Rock|p2a: Sinistcha\n|-sidestart|p2: CanaryKill|move: Stealth Rock\n|move|p2a: Sinistcha|Matcha Gotcha|p1a: Garchomp|[miss]\n|-miss|p2a: Sinistcha|p1a: Garchomp\n|\n|-heal|p1a: Garchomp|84/100|[from] item: Leftovers\n|-heal|p2a: Sinistcha|100/100 tox|[from] item: Leftovers\n|-damage|p2a: Sinistcha|88/100 tox|[from] psn\n|upkeep\n|turn|17\n|\n|t:|1771265356\n|move|p1a: Garchomp|Protect|p1a: Garchomp\n|-singleturn|p1a: Garchomp|Protect\n|move|p2a: Sinistcha|Matcha Gotcha|p1a: Garchomp\n|-activate|p1a: Garchomp|move: Protect\n|\n|-heal|p1a: Garchomp|90/100|[from] item: Leftovers\n|-heal|p2a: Sinistcha|94/100 tox|[from] item: Leftovers\n|-damage|p2a: Sinistcha|76/100 tox|[from] psn\n|upkeep\n|turn|18\n|\n|t:|1771265370\n|move|p1a: Garchomp|Earthquake|p2a: Sinistcha\n|-resisted|p2a: Sinistcha\n|-damage|p2a: Sinistcha|61/100 tox\n|move|p2a: Sinistcha|Matcha Gotcha|p1a: Garchomp\n|-damage|p1a: Garchomp|59/100\n|-heal|p2a: Sinistcha|80/100 tox|[from] drain|[of] p1a: Garchomp\n|\n|-heal|p1a: Garchomp|65/100|[from] item: Leftovers\n|-heal|p2a: Sinistcha|86/100 tox|[from] item: Leftovers\n|-damage|p2a: Sinistcha|62/100 tox|[from] psn\n|upkeep\n|turn|19\n|\n|t:|1771265379\n|switch|p2a: Scizor|Scizor, F|100/100\n|-damage|p2a: Scizor|88/100|[from] Stealth Rock\n|move|p1a: Garchomp|Protect||[still]\n|-fail|p1a: Garchomp\n|\n|-heal|p1a: Garchomp|71/100|[from] item: Leftovers\n|upkeep\n|turn|20\n|inactive|CanaryKill has 120 seconds left.\n|\n|t:|1771265394\n|switch|p1a: Gholdengo|Gholdengo|100/100\n|detailschange|p2a: Scizor|Scizor-Mega, F\n|-mega|p2a: Scizor|Scizor|Scizorite\n|move|p2a: Scizor|Swords Dance|p2a: Scizor\n|-boost|p2a: Scizor|atk|2\n|\n|upkeep\n|turn|21\n|\n|t:|1771265397\n|-zpower|p1a: Gholdengo\n|move|p1a: Gholdengo|Never-Ending Nightmare|p2a: Scizor|[zeffect]\n|-damage|p2a: Scizor|13/100\n|move|p2a: Scizor|Knock Off|p1a: Gholdengo\n|-supereffective|p1a: Gholdengo\n|-damage|p1a: Gholdengo|21/100\n|\n|upkeep\n|turn|22\n|\n|t:|1771265404\n|move|p2a: Scizor|Bullet Punch|p1a: Gholdengo\n|-resisted|p1a: Gholdengo\n|-damage|p1a: Gholdengo|0 fnt\n|faint|p1a: Gholdengo\n|\n|upkeep\n|\n|t:|1771265417\n|switch|p1a: Garchomp|Garchomp, F|71/100\n|turn|23\n|\n|t:|1771265421\n|move|p2a: Scizor|Bullet Punch|p1a: Garchomp\n|-damage|p1a: Garchomp|1/100\n|-damage|p2a: Scizor|0 fnt|[from] ability: Rough Skin|[of] p1a: Garchomp\n|faint|p2a: Scizor\n|detailschange|p2: Scizor|Scizor, F|[silent]\n|move|p1a: Garchomp|Earthquake|p2: Scizor|[notarget]\n|-fail|p1a: Garchomp\n|\n|-heal|p1a: Garchomp|7/100|[from] item: Leftovers\n|upkeep\n|\n|t:|1771265427\n|switch|p2a: Tinkaton|Tinkaton, F|100/100\n|-damage|p2a: Tinkaton|94/100|[from] Stealth Rock\n|-ability|p2a: Tinkaton|Mold Breaker\n|-item|p2a: Tinkaton|Air Balloon\n|turn|24\n|\n|t:|1771265429\n|move|p1a: Garchomp|Protect|p1a: Garchomp\n|-singleturn|p1a: Garchomp|Protect\n|move|p2a: Tinkaton|Gigaton Hammer|p1a: Garchomp\n|-activate|p1a: Garchomp|move: Protect\n|\n|-heal|p1a: Garchomp|13/100|[from] item: Leftovers\n|upkeep\n|turn|25\n|\n|t:|1771265432\n|switch|p1a: Alomomola|Alomomola, F|56/100\n|move|p2a: Tinkaton|Stealth Rock|p1a: Alomomola\n|-sidestart|p1: calamityiscoming2|move: Stealth Rock\n|\n|upkeep\n|turn|26\n|\n|t:|1771265437\n|switch|p2a: Volcanion|Volcanion|100/100\n|-damage|p2a: Volcanion|76/100|[from] Stealth Rock\n|move|p1a: Alomomola|Flip Turn|p2a: Volcanion\n|-heal|p2a: Volcanion|100/100|[from] ability: Water Absorb|[of] p1a: Alomomola\n|\n|upkeep\n|turn|27\n|\n|t:|1771265439\n|switch|p1a: Garchomp|Garchomp, F|13/100\n|-damage|p1a: Garchomp|7/100|[from] Stealth Rock\n|move|p2a: Volcanion|Steam Eruption|p1a: Garchomp\n|-damage|p1a: Garchomp|0 fnt\n|faint|p1a: Garchomp\n|\n|upkeep\n|\n|t:|1771265444\n|switch|p1a: Lopunny|Lopunny-Mega, M|100/100\n|-damage|p1a: Lopunny|95/100|[from] Stealth Rock\n|turn|28\n|\n|t:|1771265447\n|move|p1a: Lopunny|Fake Out|p2a: Volcanion\n|-damage|p2a: Volcanion|83/100\n|cant|p2a: Volcanion|flinch\n|\n|upkeep\n|turn|29\n|\n|t:|1771265455\n|move|p1a: Lopunny|Return|p2a: Volcanion\n|-damage|p2a: Volcanion|42/100\n|move|p2a: Volcanion|Steam Eruption|p1a: Lopunny\n|-damage|p1a: Lopunny|28/100\n|\n|upkeep\n|turn|30\n|\n|t:|1771265463\n|move|p1a: Lopunny|Close Combat|p2a: Volcanion\n|-damage|p2a: Volcanion|0 fnt\n|-unboost|p1a: Lopunny|def|1\n|-unboost|p1a: Lopunny|spd|1\n|faint|p2a: Volcanion\n|\n|upkeep\n|\n|t:|1771265469\n|switch|p2a: Primarina|Primarina, F|100/100\n|-damage|p2a: Primarina|88/100|[from] Stealth Rock\n|turn|31\n|\n|t:|1771265473\n|switch|p1a: Alomomola|Alomomola, F|89/100\n|-damage|p1a: Alomomola|77/100|[from] Stealth Rock\n|move|p2a: Primarina|Moonblast|p1a: Alomomola\n|-damage|p1a: Alomomola|52/100\n|\n|-heal|p2a: Primarina|94/100|[from] item: Leftovers\n|upkeep\n|turn|32\n|\n|t:|1771265476\n|move|p2a: Primarina|Substitute|p2a: Primarina\n|-start|p2a: Primarina|Substitute\n|-damage|p2a: Primarina|69/100\n|move|p1a: Alomomola|Mirror Coat||[still]\n|-fail|p1a: Alomomola\n|\n|-heal|p2a: Primarina|75/100|[from] item: Leftovers\n|upkeep\n|turn|33\n|\n|t:|1771265483\n|move|p2a: Primarina|Moonblast|p1a: Alomomola\n|-damage|p1a: Alomomola|27/100\n|move|p1a: Alomomola|Flip Turn|p2a: Primarina\n|-resisted|p2a: Primarina\n|-activate|p2a: Primarina|move: Substitute|[damage]\n|\n|t:|1771265486\n|switch|p1a: Lopunny|Lopunny-Mega, M|28/100|[from] Flip Turn\n|-damage|p1a: Lopunny|22/100|[from] Stealth Rock\n|\n|-heal|p2a: Primarina|81/100|[from] item: Leftovers\n|upkeep\n|turn|34\n|\n|t:|1771265500\n|move|p1a: Lopunny|Return|p2a: Primarina\n|-end|p2a: Primarina|Substitute\n|move|p2a: Primarina|Moonblast|p1a: Lopunny\n|-supereffective|p1a: Lopunny\n|-damage|p1a: Lopunny|0 fnt\n|faint|p1a: Lopunny\n|detailschange|p1: Lopunny|Lopunny, M|[silent]\n|\n|-heal|p2a: Primarina|87/100|[from] item: Leftovers\n|upkeep\n|\n|t:|1771265503\n|switch|p1a: Ogerpon|Ogerpon-Cornerstone, F|100/100\n|-damage|p1a: Ogerpon|88/100|[from] Stealth Rock\n|turn|35\n|\n|t:|1771265513\n|switch|p2a: Sinistcha|Sinistcha|62/100 tox\n|-damage|p2a: Sinistcha|50/100 tox|[from] Stealth Rock\n|move|p1a: Ogerpon|Power Whip|p2a: Sinistcha\n|-resisted|p2a: Sinistcha\n|-damage|p2a: Sinistcha|27/100 tox\n|\n|-heal|p2a: Sinistcha|33/100 tox|[from] item: Leftovers\n|-damage|p2a: Sinistcha|27/100 tox|[from] psn\n|upkeep\n|turn|36\n|\n|t:|1771265540\n|move|p1a: Ogerpon|Knock Off|p2a: Sinistcha\n|-supereffective|p2a: Sinistcha\n|-damage|p2a: Sinistcha|0 fnt\n|-enditem|p2a: Sinistcha|Leftovers|[from] move: Knock Off|[of] p1a: Ogerpon\n|faint|p2a: Sinistcha\n|\n|upkeep\n|\n|t:|1771265543\n|switch|p2a: Tinkaton|Tinkaton, F|94/100\n|-damage|p2a: Tinkaton|88/100|[from] Stealth Rock\n|-ability|p2a: Tinkaton|Mold Breaker\n|-item|p2a: Tinkaton|Air Balloon\n|turn|37\n|\n|t:|1771265547\n|switch|p1a: Alomomola|Alomomola, F|60/100\n|-damage|p1a: Alomomola|47/100|[from] Stealth Rock\n|move|p2a: Tinkaton|Gigaton Hammer|p1a: Alomomola\n|-resisted|p1a: Alomomola\n|-damage|p1a: Alomomola|33/100\n|\n|upkeep\n|turn|38\n|\n|t:|1771265549\n|move|p2a: Tinkaton|Thunder Wave|p1a: Alomomola\n|-status|p1a: Alomomola|par\n|move|p1a: Alomomola|Flip Turn|p2a: Tinkaton\n|-damage|p2a: Tinkaton|70/100\n|-enditem|p2a: Tinkaton|Air Balloon\n|\n|t:|1771265552\n|switch|p1a: Ogerpon|Ogerpon-Cornerstone, F|88/100|[from] Flip Turn\n|-damage|p1a: Ogerpon|76/100|[from] Stealth Rock\n|\n|upkeep\n|turn|39\n|\n|t:|1771265556\n|switch|p1a: Alomomola|Alomomola, F|66/100 par\n|-damage|p1a: Alomomola|54/100 par|[from] Stealth Rock\n|move|p2a: Tinkaton|Gigaton Hammer|p1a: Alomomola\n|-resisted|p1a: Alomomola\n|-damage|p1a: Alomomola|41/100 par\n|\n|upkeep\n|turn|40\n|\n|t:|1771265559\n|move|p2a: Tinkaton|Thunder Wave|p1a: Alomomola\n|-fail|p1a: Alomomola|par\n|cant|p1a: Alomomola|par\n|\n|upkeep\n|turn|41\n|\n|t:|1771265562\n|move|p2a: Tinkaton|Gigaton Hammer|p1a: Alomomola\n|-resisted|p1a: Alomomola\n|-damage|p1a: Alomomola|26/100 par\n|move|p1a: Alomomola|Flip Turn|p2a: Tinkaton\n|-damage|p2a: Tinkaton|50/100\n|\n|t:|1771265565\n|switch|p1a: Ogerpon|Ogerpon-Cornerstone, F|76/100|[from] Flip Turn\n|-damage|p1a: Ogerpon|64/100|[from] Stealth Rock\n|\n|upkeep\n|turn|42\n|\n|t:|1771265567\n|switch|p1a: Alomomola|Alomomola, F|59/100 par\n|-damage|p1a: Alomomola|47/100 par|[from] Stealth Rock\n|switch|p2a: Primarina|Primarina, F|87/100\n|-damage|p2a: Primarina|75/100|[from] Stealth Rock\n|\n|-heal|p2a: Primarina|81/100|[from] item: Leftovers\n|upkeep\n|turn|43\n|\n|t:|1771265570\n|move|p2a: Primarina|Substitute|p2a: Primarina\n|-start|p2a: Primarina|Substitute\n|-damage|p2a: Primarina|56/100\n|move|p1a: Alomomola|Flip Turn|p2a: Primarina\n|-resisted|p2a: Primarina\n|-activate|p2a: Primarina|move: Substitute|[damage]\n|\n|t:|1771265572\n|switch|p1a: Ogerpon|Ogerpon-Cornerstone, F|64/100|[from] Flip Turn\n|-damage|p1a: Ogerpon|51/100|[from] Stealth Rock\n|\n|-heal|p2a: Primarina|62/100|[from] item: Leftovers\n|upkeep\n|turn|44\n|\n|t:|1771265595\n|move|p1a: Ogerpon|Ivy Cudgel|p2a: Primarina|[anim] Ivy Cudgel Rock\n|-crit|p2a: Primarina\n|-end|p2a: Primarina|Substitute\n|move|p2a: Primarina|Moonblast|p1a: Ogerpon\n|-damage|p1a: Ogerpon|0 fnt\n|faint|p1a: Ogerpon\n|\n|-heal|p2a: Primarina|68/100|[from] item: Leftovers\n|upkeep\n|-message|calamityiscoming2 forfeited.\n|\n|win|CanaryKill\n|raw|calamityiscoming2's rating: 1749 &rarr; <strong>1723</strong><br />(-26 for losing)\n|raw|CanaryKill's rating: 1632 &rarr; <strong>1658</strong><br />(+26 for winning)\n|l|☆calamityiscoming2\n|player|p1|\n|l|☆CanaryKill\n|player|p2|\n", "uploadtime": 1771265756, "views": 2, "formatid": "gen9nationaldex", "rating": 1658, "private": 0, "password": null}