{"id": "gen9nationaldex-2540323597", "format": "[Gen 9] National Dex", "players": ["cash0977", "might dragon"], "log": "|j|☆cash0977\n|j|☆might dragon\n|t:|1771188755\n|gametype|singles\n|player|p1|cash0977|tuber|1664\n|player|p2|might dragon|swimmerf-gen6|1650\n|gen|9\n|tier|[Gen 9] National Dex\n|rated|\n|rule|HP Percentage Mod: HP is shown in percentages\n|rule|Endless Battle Clause: Forcing endless battles is banned\n|rule|Species Clause: Limit one of each Pokémon\n|rule|OHKO Clause: OHKO moves are banned\n|rule|Evasion Clause: Evasion abilities, items, and moves are banned\n|rule|Evasion Abilities Clause: Evasion abilities are banned\n|rule|Evasion Items Clause: Evasion items are banned\n|rule|Evasion Moves Clause: Evasion moves are banned\n|rule|Sleep Clause Mod: Limit one foe put to sleep\n|rule|Terastal Clause: You cannot Terastallize\n|clearpoke\n|poke|p1|Terapagos, M|\n|poke|p1|Alomomola, F|\n|poke|p1|Scizor, M|\n|poke|p1|Garchomp, M|\n|poke|p1|Cinderace, M|\n|poke|p1|Slowking-Galar, M|\n|poke|p2|Bisharp, F|\n|poke|p2|Latios, M|\n|poke|p2|Great Tusk|\n|poke|p2|Pecharunt|\n|poke|p2|Tangrowth, F|\n|poke|p2|Alomomola, M|\n|teampreview\n|inactive|Battle timer is ON: inactive players will automatically lose when time's up. (requested by cash0977)\n|\n|t:|1771188767\n|teamsize|p1|6\n|teamsize|p2|6\n|start\n|switch|p1a: Terapagos|Terapagos, M|100/100\n|switch|p2a: Dichloromethane|Latios, M|100/100\n|-activate|p1a: Terapagos|ability: Tera Shift\n|detailschange|p1a: Terapagos|Terapagos-Terastal, M\n|-heal|p1a: Terapagos|100/100|[silent]\n|turn|1\n|\n|t:|1771188770\n|detailschange|p2a: Dichloromethane|Latios-Mega, M\n|-mega|p2a: Dichloromethane|Latios|Latiosite\n|move|p2a: Dichloromethane|Luster Purge|p1a: Terapagos\n|-activate|p1a: Terapagos|ability: Tera Shell\n|-resisted|p1a: Terapagos\n|-damage|p1a: Terapagos|85/100\n|move|p1a: Terapagos|Ice Beam|p2a: Dichloromethane\n|-supereffective|p2a: Dichloromethane\n|-damage|p2a: Dichloromethane|47/100\n|\n|upkeep\n|turn|2\n|\n|t:|1771188778\n|move|p2a: Dichloromethane|Recover|p2a: Dichloromethane\n|-heal|p2a: Dichloromethane|98/100\n|move|p1a: Terapagos|Tera Starstorm|p2a: Dichloromethane\n|-damage|p2a: Dichloromethane|42/100\n|\n|upkeep\n|turn|3\n|\n|t:|1771188781\n|switch|p2a: Calcium Carbonate|Alomomola, M|100/100\n|move|p1a: Terapagos|Tera Starstorm|p2a: Calcium Carbonate\n|-damage|p2a: Calcium Carbonate|68/100\n|\n|upkeep\n|turn|4\n|\n|t:|1771188790\n|move|p1a: Terapagos|Tera Starstorm|p2a: Calcium Carbonate\n|-crit|p2a: Calcium Carbonate\n|-damage|p2a: Calcium Carbonate|18/100\n|move|p2a: Calcium Carbonate|Flip Turn|p1a: Terapagos\n|-damage|p1a: Terapagos|72/100\n|\n|t:|1771188803\n|switch|p2a: Ethyl Propanoate|Pecharunt|100/100|[from] Flip Turn\n|\n|upkeep\n|turn|5\n|\n|t:|1771188808\n|move|p2a: Ethyl Propanoate|Malignant Chain|p1a: Terapagos\n|-damage|p1a: Terapagos|51/100\n|-status|p1a: Terapagos|tox\n|-start|p1a: Terapagos|confusion|[from] ability: Poison Puppeteer|[of] p2a: Ethyl Propanoate\n|-activate|p1a: Terapagos|confusion\n|move|p1a: Terapagos|Earth Power|p2a: Ethyl Propanoate\n|-supereffective|p2a: Ethyl Propanoate\n|-damage|p2a: Ethyl Propanoate|31/100\n|\n|-damage|p1a: Terapagos|45/100 tox|[from] psn\n|upkeep\n|turn|6\n|\n|t:|1771188815\n|move|p2a: Ethyl Propanoate|Recover|p2a: Ethyl Propanoate\n|-heal|p2a: Ethyl Propanoate|82/100\n|-activate|p1a: Terapagos|confusion\n|-damage|p1a: Terapagos|39/100 tox|[from] confusion\n|\n|-damage|p1a: Terapagos|27/100 tox|[from] psn\n|upkeep\n|turn|7\n|\n|t:|1771188819\n|switch|p2a: Dichloromethane|Latios-Mega, M|42/100\n|-activate|p1a: Terapagos|confusion\n|move|p1a: Terapagos|Earth Power|p2a: Dichloromethane\n|-immune|p2a: Dichloromethane|[from] ability: Levitate\n|\n|-damage|p1a: Terapagos|9/100 tox|[from] psn\n|upkeep\n|turn|8\n|\n|t:|1771188821\n|switch|p1a: Alomomola|Alomomola, F, shiny|100/100\n|move|p2a: Dichloromethane|Recover|p2a: Dichloromethane\n|-heal|p2a: Dichloromethane|93/100\n|\n|upkeep\n|turn|9\n|\n|t:|1771188835\n|move|p2a: Dichloromethane|Luster Purge|p1a: Alomomola\n|-damage|p1a: Alomomola|35/100\n|move|p1a: Alomomola|Toxic|p2a: Dichloromethane\n|-status|p2a: Dichloromethane|tox\n|\n|-damage|p2a: Dichloromethane|87/100 tox|[from] psn\n|upkeep\n|turn|10\n|\n|t:|1771188840\n|move|p1a: Alomomola|Protect|p1a: Alomomola\n|-singleturn|p1a: Alomomola|Protect\n|move|p2a: Dichloromethane|Luster Purge|p1a: Alomomola\n|-activate|p1a: Alomomola|move: Protect\n|\n|-damage|p2a: Dichloromethane|75/100 tox|[from] psn\n|upkeep\n|turn|11\n|\n|t:|1771188843\n|switch|p1a: Slowking|Slowking-Galar, M, shiny|100/100\n|move|p2a: Dichloromethane|Mystical Fire|p1a: Slowking\n|-crit|p1a: Slowking\n|-damage|p1a: Slowking|74/100\n|-unboost|p1a: Slowking|spa|1\n|\n|-damage|p2a: Dichloromethane|57/100 tox|[from] psn\n|upkeep\n|turn|12\n|\n|t:|1771188847\n|switch|p2a: Gen 6 Larp|Bisharp, F|100/100\n|move|p1a: Slowking|Future Sight|p2a: Gen 6 Larp\n|-start|p1a: Slowking|move: Future Sight\n|\n|upkeep\n|turn|13\n|\n|t:|1771188850\n|move|p2a: Gen 6 Larp|Knock Off|p1a: Slowking\n|-supereffective|p1a: Slowking\n|-damage|p1a: Slowking|0 fnt\n|-enditem|p1a: Slowking|Assault Vest|[from] move: Knock Off|[of] p2a: Gen 6 Larp\n|faint|p1a: Slowking\n|\n|upkeep\n|\n|t:|1771188854\n|switch|p1a: Cinderace|Cinderace, M, shiny|100/100\n|turn|14\n|\n|t:|1771188861\n|switch|p2a: Calcium Carbonate|Alomomola, M|51/100\n|move|p1a: Cinderace|Gunk Shot|p2a: Calcium Carbonate\n|-start|p1a: Cinderace|typechange|Poison|[from] ability: Libero\n|-damage|p2a: Calcium Carbonate|14/100\n|\n|-end|p2a: Calcium Carbonate|move: Future Sight\n|-damage|p2a: Calcium Carbonate|0 fnt\n|faint|p2a: Calcium Carbonate\n|upkeep\n|\n|t:|1771188873\n|switch|p2a: Gen 6 Larp|Bisharp, F|100/100\n|turn|15\n|\n|t:|1771188875\n|move|p2a: Gen 6 Larp|Knock Off|p1a: Cinderace\n|-damage|p1a: Cinderace|29/100\n|-enditem|p1a: Cinderace|Heavy-Duty Boots|[from] move: Knock Off|[of] p2a: Gen 6 Larp\n|move|p1a: Cinderace|High Jump Kick|p2a: Gen 6 Larp\n|-supereffective|p2a: Gen 6 Larp\n|-damage|p2a: Gen 6 Larp|0 fnt\n|faint|p2a: Gen 6 Larp\n|\n|upkeep\n|\n|t:|1771188883\n|switch|p2a: Cyclodec-2-ene|Great Tusk|100/100\n|turn|16\n|\n|t:|1771188887\n|switch|p1a: Terapagos|Terapagos-Terastal, M|9/100 tox\n|move|p2a: Cyclodec-2-ene|Headlong Rush|p1a: Terapagos\n|-damage|p1a: Terapagos|0 fnt\n|-unboost|p2a: Cyclodec-2-ene|def|1\n|-unboost|p2a: Cyclodec-2-ene|spd|1\n|faint|p1a: Terapagos\n|\n|upkeep\n|\n|t:|1771188888\n|switch|p1a: Alomomola|Alomomola, F, shiny|68/100\n|turn|17\n|\n|t:|1771188890\n|-end|p2a: Cyclodec-2-ene|Protosynthesis|[silent]\n|switch|p2a: Minoxidil|Tangrowth, F|100/100\n|move|p1a: Alomomola|Flip Turn|p2a: Minoxidil\n|-resisted|p2a: Minoxidil\n|-damage|p2a: Minoxidil|96/100\n|-damage|p1a: Alomomola|51/100|[from] item: Rocky Helmet|[of] p2a: Minoxidil\n|\n|t:|1771188904\n|switch|p1a: Cinderace|Cinderace, M, shiny|29/100|[from] Flip Turn\n|\n|upkeep\n|turn|18\n|\n|t:|1771188917\n|switch|p2a: Cyclodec-2-ene|Great Tusk|100/100\n|move|p1a: Cinderace|Pyro Ball|p2a: Cyclodec-2-ene\n|-damage|p2a: Cyclodec-2-ene|55/100\n|\n|upkeep\n|turn|19\n|\n|t:|1771188922\n|switch|p1a: Alomomola|Alomomola, F, shiny|85/100\n|move|p2a: Cyclodec-2-ene|Stealth Rock|p1a: Alomomola\n|-sidestart|p1: cash0977|move: Stealth Rock\n|\n|upkeep\n|turn|20\n|\n|t:|1771188924\n|move|p2a: Cyclodec-2-ene|Headlong Rush|p1a: Alomomola\n|-crit|p1a: Alomomola\n|-damage|p1a: Alomomola|30/100\n|-unboost|p2a: Cyclodec-2-ene|def|1\n|-unboost|p2a: Cyclodec-2-ene|spd|1\n|-damage|p2a: Cyclodec-2-ene|39/100|[from] item: Rocky Helmet|[of] p1a: Alomomola\n|move|p1a: Alomomola|Wish|p1a: Alomomola\n|\n|upkeep\n|turn|21\n|\n|t:|1771188929\n|-end|p2a: Cyclodec-2-ene|Protosynthesis|[silent]\n|switch|p2a: Minoxidil|Tangrowth, F|100/100\n|move|p1a: Alomomola|Protect||[still]\n|-fail|p1a: Alomomola\n|\n|-heal|p1a: Alomomola|80/100|[from] move: Wish|[wisher] Alomomola\n|upkeep\n|turn|22\n|\n|t:|1771188932\n|move|p1a: Alomomola|Toxic|p2a: Minoxidil\n|-status|p2a: Minoxidil|tox\n|move|p2a: Minoxidil|Giga Drain|p1a: Alomomola\n|-supereffective|p1a: Alomomola\n|-damage|p1a: Alomomola|9/100\n|\n|-damage|p2a: Minoxidil|94/100 tox|[from] psn\n|upkeep\n|turn|23\n|\n|t:|1771188937\n|switch|p1a: Cinderace|Cinderace, M, shiny|29/100\n|-damage|p1a: Cinderace|4/100|[from] Stealth Rock\n|move|p2a: Minoxidil|Knock Off|p1a: Cinderace\n|-damage|p1a: Cinderace|0 fnt\n|faint|p1a: Cinderace\n|\n|-damage|p2a: Minoxidil|82/100 tox|[from] psn\n|upkeep\n|\n|t:|1771188943\n|switch|p1a: Scizor|Scizor, M, shiny|100/100\n|-damage|p1a: Scizor|88/100|[from] Stealth Rock\n|turn|24\n|\n|t:|1771188948\n|detailschange|p1a: Scizor|Scizor-Mega, M, shiny\n|-mega|p1a: Scizor|Scizor|Scizorite\n|move|p1a: Scizor|Swords Dance|p1a: Scizor\n|-boost|p1a: Scizor|atk|2\n|move|p2a: Minoxidil|Sleep Powder|p1a: Scizor|[miss]\n|-miss|p2a: Minoxidil|p1a: Scizor\n|\n|-damage|p2a: Minoxidil|63/100 tox|[from] psn\n|upkeep\n|turn|25\n|\n|t:|1771188958\n|move|p1a: Scizor|Close Combat|p2a: Minoxidil\n|-damage|p2a: Minoxidil|20/100 tox\n|-unboost|p1a: Scizor|def|1\n|-unboost|p1a: Scizor|spd|1\n|-damage|p1a: Scizor|72/100|[from] item: Rocky Helmet|[of] p2a: Minoxidil\n|move|p2a: Minoxidil|Sleep Powder|p1a: Scizor\n|-status|p1a: Scizor|slp|[from] move: Sleep Powder\n|\n|-damage|p2a: Minoxidil|0 fnt|[from] psn\n|faint|p2a: Minoxidil\n|upkeep\n|\n|t:|1771188962\n|switch|p2a: Dichloromethane|Latios-Mega, M|57/100 tox\n|turn|26\n|\n|t:|1771188966\n|switch|p1a: Alomomola|Alomomola, F, shiny|43/100\n|-damage|p1a: Alomomola|30/100|[from] Stealth Rock\n|move|p2a: Dichloromethane|Luster Purge|p1a: Alomomola\n|-damage|p1a: Alomomola|0 fnt\n|faint|p1a: Alomomola\n|\n|-damage|p2a: Dichloromethane|51/100 tox|[from] psn\n|upkeep\n|\n|t:|1771188968\n|switch|p1a: Garchomp|Garchomp, M|100/100\n|-damage|p1a: Garchomp|94/100|[from] Stealth Rock\n|turn|27\n|\n|t:|1771188971\n|move|p2a: Dichloromethane|Ice Beam|p1a: Garchomp\n|-supereffective|p1a: Garchomp\n|-damage|p1a: Garchomp|2/100\n|move|p1a: Garchomp|Poison Jab|p2a: Dichloromethane\n|-damage|p2a: Dichloromethane|17/100 tox\n|\n|-damage|p2a: Dichloromethane|5/100 tox|[from] psn\n|upkeep\n|turn|28\n|\n|t:|1771188980\n|move|p2a: Dichloromethane|Recover|p2a: Dichloromethane\n|-heal|p2a: Dichloromethane|55/100 tox\n|move|p1a: Garchomp|Poison Jab|p2a: Dichloromethane\n|-damage|p2a: Dichloromethane|21/100 tox\n|\n|-damage|p2a: Dichloromethane|3/100 tox|[from] psn\n|upkeep\n|turn|29\n|\n|t:|1771188990\n|move|p2a: Dichloromethane|Ice Beam|p1a: Garchomp\n|-supereffective|p1a: Garchomp\n|-damage|p1a: Garchomp|0 fnt\n|faint|p1a: Garchomp\n|\n|-damage|p2a: Dichloromethane|0 fnt|[from] psn\n|faint|p2a: Dichloromethane\n|detailschange|p2: Dichloromethane|Latios, M|[silent]\n|upkeep\n|\n|t:|1771188992\n|switch|p2a: Ethyl Propanoate|Pecharunt|82/100\n|switch|p1a: Scizor|Scizor-Mega, M, shiny|72/100 slp\n|-damage|p1a: Scizor|59/100 slp|[from] Stealth Rock\n|turn|30\n|\n|t:|1771188994\n|move|p2a: Ethyl Propanoate|Nasty Plot|p2a: Ethyl Propanoate\n|-boost|p2a: Ethyl Propanoate|spa|2\n|cant|p1a: Scizor|slp\n|\n|upkeep\n|turn|31\n|\n|t:|1771188996\n|-zpower|p2a: Ethyl Propanoate\n|move|p2a: Ethyl Propanoate|Never-Ending Nightmare|p1a: Scizor|[zeffect]\n|-damage|p1a: Scizor|0 fnt\n|faint|p1a: Scizor\n|detailschange|p1: Scizor|Scizor, M, shiny|[silent]\n|\n|win|might dragon\n|raw|cash0977's rating: 1664 &rarr; <strong>1643</strong><br />(-21 for losing)\n|raw|might dragon's rating: 1650 &rarr; <strong>1671</strong><br />(+21 for winning)\n|l|☆cash0977\n|player|p1|\n", "uploadtime": 1771188999, "views": 28, "formatid": "gen9nationaldex", "rating": 1643, "private": 0, "password": null}