{"id": "gen9nationaldex-2540713546", "format": "[Gen 9] National Dex", "players": ["Frost12080000", "blackddarkness"], "log": "|j|☆Frost12080000\n|j|☆blackddarkness\n|t:|1771244539\n|gametype|singles\n|player|p1|Frost12080000|burglar|1652\n|player|p2|blackddarkness|2|1641\n|gen|9\n|tier|[Gen 9] National Dex\n|rated|\n|rule|HP Percentage Mod: HP is shown in percentages\n|rule|Endless Battle Clause: Forcing endless battles is banned\n|rule|Species Clause: Limit one of each Pokémon\n|rule|OHKO Clause: OHKO moves are banned\n|rule|Evasion Clause: Evasion abilities, items, and moves are banned\n|rule|Evasion Abilities Clause: Evasion abilities are banned\n|rule|Evasion Items Clause: Evasion items are banned\n|rule|Evasion Moves Clause: Evasion moves are banned\n|rule|Sleep Clause Mod: Limit one foe put to sleep\n|rule|Terastal Clause: You cannot Terastallize\n|clearpoke\n|poke|p1|Chansey, F|\n|poke|p1|Pecharunt|\n|poke|p1|Tapu Fini|\n|poke|p1|Zapdos|\n|poke|p1|Ogerpon-Cornerstone, F|\n|poke|p1|Scizor, M|\n|poke|p2|Mandibuzz, F|\n|poke|p2|Ogerpon-Wellspring, F|\n|poke|p2|Slowbro, F|\n|poke|p2|Clodsire, M|\n|poke|p2|Slowking-Galar, M|\n|poke|p2|Scizor, M|\n|teampreview\n|inactive|Battle timer is ON: inactive players will automatically lose when time's up. (requested by blackddarkness)\n|\n|t:|1771244557\n|teamsize|p1|6\n|teamsize|p2|6\n|start\n|switch|p1a: Scizor|Scizor, M|100/100\n|switch|p2a: Scizor|Scizor, M|100/100\n|turn|1\n|\n|t:|1771244563\n|detailschange|p1a: Scizor|Scizor-Mega, M\n|-mega|p1a: Scizor|Scizor|Scizorite\n|detailschange|p2a: Scizor|Scizor-Mega, M\n|-mega|p2a: Scizor|Scizor|Scizorite\n|move|p2a: Scizor|U-turn|p1a: Scizor\n|-resisted|p1a: Scizor\n|-damage|p1a: Scizor|87/100\n|\n|t:|1771244575\n|switch|p2a: Clodsire|Clodsire, M, shiny|100/100|[from] U-turn\n|move|p1a: Scizor|U-turn|p2a: Clodsire\n|-resisted|p2a: Clodsire\n|-damage|p2a: Clodsire|79/100\n|\n|t:|1771244585\n|switch|p1a: Chansey|Chansey, F|100/100|[from] U-turn\n|\n|-heal|p2a: Clodsire|85/100|[from] item: Black Sludge\n|upkeep\n|turn|2\n|inactive|blackddarkness has 120 seconds left.\n|\n|t:|1771244630\n|switch|p2a: Slowking|Slowking-Galar, M|100/100\n|move|p1a: Chansey|Psywave|p2a: Slowking\n|-damage|p2a: Slowking|88/100\n|\n|upkeep\n|turn|3\n|inactive|Frost12080000 has 120 seconds left.\n|\n|t:|1771244663\n|move|p2a: Slowking|Psychic Noise|p1a: Chansey\n|-damage|p1a: Chansey|93/100\n|-start|p1a: Chansey|move: Heal Block\n|move|p1a: Chansey|Psywave|p2a: Slowking\n|-damage|p2a: Slowking|49/100\n|\n|upkeep\n|turn|4\n|inactive|blackddarkness has 120 seconds left.\n|\n|t:|1771244673\n|switch|p2a: Scizor|Scizor-Mega, M|100/100\n|move|p1a: Chansey|Teleport|p1a: Chansey\n|\n|t:|1771244678\n|switch|p1a: Zapdos|Zapdos|100/100|[from] Teleport\n|\n|upkeep\n|turn|5\n|\n|t:|1771244683\n|switch|p2a: Slowking|Slowking-Galar, M|83/100\n|move|p1a: Zapdos|Volt Switch|p2a: Slowking\n|-crit|p2a: Slowking\n|-damage|p2a: Slowking|64/100\n|\n|t:|1771244686\n|switch|p1a: Chansey|Chansey, F|93/100|[from] Volt Switch\n|\n|upkeep\n|turn|6\n|\n|t:|1771244693\n|move|p2a: Slowking|Sludge Bomb|p1a: Chansey\n|-damage|p1a: Chansey|84/100\n|-status|p1a: Chansey|psn\n|move|p1a: Chansey|Teleport|p1a: Chansey\n|\n|t:|1771244696\n|-curestatus|p1a: Chansey|psn|[from] ability: Natural Cure\n|switch|p1a: Zapdos|Zapdos|100/100|[from] Teleport\n|\n|upkeep\n|turn|7\n|\n|t:|1771244704\n|move|p1a: Zapdos|Volt Switch|p2a: Slowking\n|-damage|p2a: Slowking|52/100\n|j| dtybb\n|\n|t:|1771244706\n|switch|p1a: Chansey|Chansey, F|84/100|[from] Volt Switch\n|move|p2a: Slowking|Sludge Bomb|p1a: Chansey\n|-damage|p1a: Chansey|75/100\n|\n|upkeep\n|turn|8\n|\n|t:|1771244713\n|switch|p2a: Scizor|Scizor-Mega, M|100/100\n|move|p1a: Chansey|Psywave|p2a: Scizor\n|-damage|p2a: Scizor|86/100\n|\n|upkeep\n|turn|9\n|\n|t:|1771244718\n|switch|p1a: Zapdos|Zapdos|100/100\n|move|p2a: Scizor|U-turn|p1a: Zapdos\n|-resisted|p1a: Zapdos\n|-damage|p1a: Zapdos|89/100\n|\n|t:|1771244724\n|switch|p2a: Clodsire|Clodsire, M, shiny|85/100|[from] U-turn\n|\n|-heal|p2a: Clodsire|91/100|[from] item: Black Sludge\n|upkeep\n|turn|10\n|\n|t:|1771244737\n|switch|p2a: Ogerpon|Ogerpon-Wellspring, F|100/100\n|move|p1a: Zapdos|Volt Switch|p2a: Ogerpon\n|-damage|p2a: Ogerpon|69/100\n|\n|t:|1771244745\n|switch|p1a: Pecharunt|Pecharunt|100/100|[from] Volt Switch\n|\n|upkeep\n|turn|11\n|\n|t:|1771244752\n|switch|p2a: Slowking|Slowking-Galar, M|86/100\n|move|p1a: Pecharunt|Malignant Chain|p2a: Slowking\n|-resisted|p2a: Slowking\n|-damage|p2a: Slowking|80/100\n|\n|upkeep\n|turn|12\n|\n|t:|1771244758\n|move|p1a: Pecharunt|Nasty Plot|p1a: Pecharunt\n|-boost|p1a: Pecharunt|spa|2\n|move|p2a: Slowking|Psychic Noise|p1a: Pecharunt\n|-supereffective|p1a: Pecharunt\n|-damage|p1a: Pecharunt|45/100\n|-start|p1a: Pecharunt|move: Heal Block\n|\n|upkeep\n|turn|13\n|\n|t:|1771244766\n|switch|p1a: Chansey|Chansey, F|75/100\n|move|p2a: Slowking|Psychic Noise|p1a: Chansey\n|-damage|p1a: Chansey|68/100\n|-start|p1a: Chansey|move: Heal Block\n|\n|upkeep\n|turn|14\n|\n|t:|1771244773\n|move|p2a: Slowking|Sludge Bomb|p1a: Chansey\n|-damage|p1a: Chansey|60/100\n|move|p1a: Chansey|Teleport|p1a: Chansey\n|\n|t:|1771244780\n|switch|p1a: Scizor|Scizor-Mega, M|87/100|[from] Teleport\n|\n|upkeep\n|turn|15\n|\n|t:|1771244785\n|switch|p2a: Scizor|Scizor-Mega, M|86/100\n|move|p1a: Scizor|U-turn|p2a: Scizor\n|-resisted|p2a: Scizor\n|-crit|p2a: Scizor\n|-damage|p2a: Scizor|68/100\n|\n|t:|1771244788\n|switch|p1a: Zapdos|Zapdos|89/100|[from] U-turn\n|\n|upkeep\n|turn|16\n|\n|t:|1771244794\n|switch|p2a: Clodsire|Clodsire, M, shiny|91/100\n|move|p1a: Zapdos|Heat Wave|p2a: Clodsire\n|-damage|p2a: Clodsire|75/100\n|\n|-heal|p2a: Clodsire|82/100|[from] item: Black Sludge\n|upkeep\n|turn|17\n|\n|t:|1771244805\n|switch|p1a: Tapu Fini|Tapu Fini, shiny|100/100\n|-fieldstart|move: Misty Terrain|[from] ability: Misty Surge|[of] p1a: Tapu Fini\n|move|p2a: Clodsire|Toxic|p1a: Tapu Fini\n|-activate|p1a: Tapu Fini|move: Misty Terrain\n|\n|-heal|p2a: Clodsire|88/100|[from] item: Black Sludge\n|upkeep\n|turn|18\n|\n|t:|1771244812\n|switch|p2a: Slowking|Slowking-Galar, M|100/100\n|move|p1a: Tapu Fini|Calm Mind|p1a: Tapu Fini\n|-boost|p1a: Tapu Fini|spa|1\n|-boost|p1a: Tapu Fini|spd|1\n|\n|upkeep\n|turn|19\n|\n|t:|1771244818\n|move|p1a: Tapu Fini|Calm Mind|p1a: Tapu Fini\n|-boost|p1a: Tapu Fini|spa|1\n|-boost|p1a: Tapu Fini|spd|1\n|move|p2a: Slowking|Sludge Bomb|p1a: Tapu Fini\n|-supereffective|p1a: Tapu Fini\n|-damage|p1a: Tapu Fini|74/100\n|\n|-heal|p1a: Tapu Fini|80/100|[from] item: Leftovers\n|upkeep\n|turn|20\n|\n|t:|1771244826\n|move|p1a: Tapu Fini|Calm Mind|p1a: Tapu Fini\n|-boost|p1a: Tapu Fini|spa|1\n|-boost|p1a: Tapu Fini|spd|1\n|move|p2a: Slowking|Psychic Noise|p1a: Tapu Fini\n|-damage|p1a: Tapu Fini|71/100\n|-start|p1a: Tapu Fini|move: Heal Block\n|\n|upkeep\n|turn|21\n|\n|t:|1771244833\n|move|p1a: Tapu Fini|Surf|p2a: Slowking\n|-damage|p2a: Slowking|72/100\n|move|p2a: Slowking|Sludge Bomb|p1a: Tapu Fini\n|-supereffective|p1a: Tapu Fini\n|-damage|p1a: Tapu Fini|50/100\n|\n|-end|p1a: Tapu Fini|move: Heal Block\n|-fieldend|Misty Terrain\n|upkeep\n|turn|22\n|\n|t:|1771244841\n|move|p1a: Tapu Fini|Calm Mind|p1a: Tapu Fini\n|-boost|p1a: Tapu Fini|spa|1\n|-boost|p1a: Tapu Fini|spd|1\n|move|p2a: Slowking|Psychic Noise|p1a: Tapu Fini\n|-damage|p1a: Tapu Fini|42/100\n|-start|p1a: Tapu Fini|move: Heal Block\n|\n|upkeep\n|turn|23\n|\n|t:|1771244849\n|move|p1a: Tapu Fini|Surf|p2a: Slowking\n|-damage|p2a: Slowking|33/100\n|move|p2a: Slowking|Sludge Bomb|p1a: Tapu Fini\n|-supereffective|p1a: Tapu Fini\n|-damage|p1a: Tapu Fini|24/100\n|\n|-end|p1a: Tapu Fini|move: Heal Block\n|upkeep\n|turn|24\n|\n|t:|1771244858\n|switch|p2a: Scizor|Scizor-Mega, M|68/100\n|move|p1a: Tapu Fini|Surf|p2a: Scizor\n|-damage|p2a: Scizor|0 fnt\n|faint|p2a: Scizor\n|detailschange|p2: Scizor|Scizor, M|[silent]\n|\n|-heal|p1a: Tapu Fini|30/100|[from] item: Leftovers\n|upkeep\n|\n|t:|1771244865\n|switch|p2a: Ogerpon|Ogerpon-Wellspring, F|69/100\n|turn|25\n|\n|t:|1771244870\n|switch|p1a: Zapdos|Zapdos|89/100\n|move|p2a: Ogerpon|Swords Dance|p2a: Ogerpon\n|-boost|p2a: Ogerpon|atk|2\n|\n|upkeep\n|turn|26\n|\n|t:|1771244875\n|move|p2a: Ogerpon|Ivy Cudgel|p1a: Zapdos|[anim] Ivy Cudgel Water\n|-damage|p1a: Zapdos|7/100\n|move|p1a: Zapdos|Volt Switch|p2a: Ogerpon\n|-damage|p2a: Ogerpon|33/100\n|\n|t:|1771244880\n|switch|p1a: Scizor|Scizor-Mega, M|87/100|[from] Volt Switch\n|\n|upkeep\n|turn|27\n|\n|t:|1771244886\n|switch|p2a: Slowbro|Slowbro, F|100/100\n|move|p1a: Scizor|Bullet Punch|p2a: Slowbro\n|-resisted|p2a: Slowbro\n|-damage|p2a: Slowbro|90/100\n|-damage|p1a: Scizor|71/100|[from] item: Rocky Helmet|[of] p2a: Slowbro\n|\n|upkeep\n|turn|28\n|\n|t:|1771244893\n|move|p1a: Scizor|U-turn|p2a: Slowbro\n|-supereffective|p2a: Slowbro\n|-damage|p2a: Slowbro|44/100\n|-damage|p1a: Scizor|54/100|[from] item: Rocky Helmet|[of] p2a: Slowbro\n|\n|t:|1771244898\n|switch|p1a: Zapdos|Zapdos|7/100|[from] U-turn\n|move|p2a: Slowbro|Teleport|p2a: Slowbro\n|\n|t:|1771244902\n|switch|p2a: Ogerpon|Ogerpon-Wellspring, F|33/100|[from] Teleport\n|\n|upkeep\n|turn|29\n|\n|t:|1771244915\n|switch|p1a: Scizor|Scizor-Mega, M|54/100\n|move|p2a: Ogerpon|Ivy Cudgel|p1a: Scizor|[anim] Ivy Cudgel Water\n|-damage|p1a: Scizor|8/100\n|\n|upkeep\n|turn|30\n|\n|t:|1771244922\n|move|p2a: Ogerpon|Ivy Cudgel|p1a: Scizor|[anim] Ivy Cudgel Water\n|-damage|p1a: Scizor|0 fnt\n|faint|p1a: Scizor\n|detailschange|p1: Scizor|Scizor, M|[silent]\n|\n|upkeep\n|\n|t:|1771244927\n|switch|p1a: Ogerpon|Ogerpon-Cornerstone, F|100/100\n|turn|31\n|\n|t:|1771244931\n|switch|p2a: Clodsire|Clodsire, M, shiny|88/100\n|move|p1a: Ogerpon|Horn Leech|p2a: Clodsire\n|-damage|p2a: Clodsire|36/100\n|\n|-heal|p2a: Clodsire|43/100|[from] item: Black Sludge\n|upkeep\n|turn|32\n|\n|t:|1771244942\n|switch|p2a: Man|Mandibuzz, F, shiny|100/100\n|move|p1a: Ogerpon|Horn Leech|p2a: Man\n|-resisted|p2a: Man\n|-damage|p2a: Man|88/100\n|\n|upkeep\n|turn|33\n|\n|t:|1771244948\n|move|p1a: Ogerpon|Swords Dance|p1a: Ogerpon\n|-boost|p1a: Ogerpon|atk|2\n|move|p2a: Man|Foul Play|p1a: Ogerpon\n|-ability|p1a: Ogerpon|Sturdy\n|-damage|p1a: Ogerpon|1/100\n|\n|upkeep\n|turn|34\n|\n|t:|1771244956\n|switch|p2a: Clodsire|Clodsire, M, shiny|43/100\n|move|p1a: Ogerpon|Ivy Cudgel|p2a: Clodsire|[anim] Ivy Cudgel Rock\n|-resisted|p2a: Clodsire\n|-damage|p2a: Clodsire|11/100\n|\n|-heal|p2a: Clodsire|18/100|[from] item: Black Sludge\n|upkeep\n|turn|35\n|\n|t:|1771244965\n|move|p1a: Ogerpon|Horn Leech|p2a: Clodsire\n|-damage|p2a: Clodsire|0 fnt\n|-heal|p1a: Ogerpon|14/100|[from] drain|[of] p2a: Clodsire\n|faint|p2a: Clodsire\n|\n|upkeep\n|\n|t:|1771244976\n|switch|p2a: Ogerpon|Ogerpon-Wellspring, F|33/100\n|turn|36\n|\n|t:|1771244978\n|move|p1a: Ogerpon|Horn Leech|p2a: Ogerpon\n|-damage|p2a: Ogerpon|0 fnt\n|-heal|p1a: Ogerpon|31/100|[from] drain|[of] p2a: Ogerpon\n|faint|p2a: Ogerpon\n|\n|upkeep\n|-message|blackddarkness forfeited.\n|\n|win|Frost12080000\n|raw|Frost12080000's rating: 1652 &rarr; <strong>1671</strong><br />(+19 for winning)\n|raw|blackddarkness's rating: 1641 &rarr; <strong>1622</strong><br />(-19 for losing)\n|l|☆blackddarkness\n|player|p2|\n|l|☆Frost12080000\n|player|p1|\n", "uploadtime": 1771245210, "views": 6, "formatid": "gen9nationaldex", "rating": 1622, "private": 0, "password": null}