{"id": "gen9nationaldex-2540543236", "format": "[Gen 9] National Dex", "players": ["Drinkcokeking", "dragon god111龙王"], "log": "|j|☆Drinkcokeking\n|j|☆dragon god111龙王\n|t:|1771215547\n|gametype|singles\n|player|p1|Drinkcokeking|miku-flying|1552\n|player|p2|dragon god111龙王|pokemaniac|1520\n|gen|9\n|tier|[Gen 9] National Dex\n|rated|\n|rule|HP Percentage Mod: HP is shown in percentages\n|rule|Endless Battle Clause: Forcing endless battles is banned\n|rule|Species Clause: Limit one of each Pokémon\n|rule|OHKO Clause: OHKO moves are banned\n|rule|Evasion Clause: Evasion abilities, items, and moves are banned\n|rule|Evasion Abilities Clause: Evasion abilities are banned\n|rule|Evasion Items Clause: Evasion items are banned\n|rule|Evasion Moves Clause: Evasion moves are banned\n|rule|Sleep Clause Mod: Limit one foe put to sleep\n|rule|Terastal Clause: You cannot Terastallize\n|clearpoke\n|poke|p1|Hydreigon, M|\n|poke|p1|Tapu Lele|\n|poke|p1|Urshifu-*, M|\n|poke|p1|Gholdengo|\n|poke|p1|Toxapex, F|\n|poke|p1|Landorus-Therian, M|\n|poke|p2|Camerupt, F|\n|poke|p2|Rillaboom, F|\n|poke|p2|Terapagos, M|\n|poke|p2|Lucario, F|\n|poke|p2|Pecharunt|\n|poke|p2|Greninja-*, M|\n|teampreview\n|inactive|Battle timer is ON: inactive players will automatically lose when time's up. (requested by dragon god111龙王)\n|\n|t:|1771215563\n|teamsize|p1|6\n|teamsize|p2|6\n|start\n|switch|p1a: Hydreigon|Hydreigon, M|100/100\n|switch|p2a: Greninja|Greninja, M|100/100\n|turn|1\n|\n|t:|1771215569\n|move|p2a: Greninja|Ice Beam|p1a: Hydreigon\n|-supereffective|p1a: Hydreigon\n|-damage|p1a: Hydreigon|34/100\n|-status|p1a: Hydreigon|frz\n|cant|p1a: Hydreigon|frz\n|\n|upkeep\n|turn|2\n|\n|t:|1771215581\n|move|p2a: Greninja|Ice Beam|p1a: Hydreigon\n|-supereffective|p1a: Hydreigon\n|-damage|p1a: Hydreigon|0 fnt\n|faint|p1a: Hydreigon\n|-ability|p2a: Greninja|Battle Bond|boost\n|-boost|p2a: Greninja|atk|1\n|-boost|p2a: Greninja|spa|1\n|-boost|p2a: Greninja|spe|1\n|-activate|p2a: Greninja|ability: Battle Bond\n|\n|upkeep\n|\n|t:|1771215586\n|switch|p1a: Urshifu|Urshifu-Rapid-Strike, M|100/100\n|turn|3\n|\n|t:|1771215589\n|move|p2a: Greninja|Grass Knot|p1a: Urshifu\n|-supereffective|p1a: Urshifu\n|-damage|p1a: Urshifu|0 fnt\n|faint|p1a: Urshifu\n|\n|upkeep\n|\n|t:|1771215595\n|switch|p1a: Toxapex|Toxapex, F, shiny|100/100\n|turn|4\n|\n|t:|1771215600\n|move|p2a: Greninja|Dark Pulse|p1a: Toxapex\n|-damage|p1a: Toxapex|64/100\n|move|p1a: Toxapex|Haze|p1a: Toxapex\n|-clearallboost\n|\n|upkeep\n|turn|5\n|\n|t:|1771215611\n|switch|p2a: Lucario|Lucario, F|100/100\n|move|p1a: Toxapex|Toxic|p2a: Lucario\n|-immune|p2a: Lucario\n|\n|upkeep\n|turn|6\n|\n|t:|1771215616\n|move|p2a: Lucario|Earthquake|p1a: Toxapex\n|-supereffective|p1a: Toxapex\n|-damage|p1a: Toxapex|7/100\n|-damage|p2a: Lucario|91/100|[from] item: Life Orb\n|move|p1a: Toxapex|Scald|p2a: Lucario\n|-damage|p2a: Lucario|63/100\n|\n|upkeep\n|turn|7\n|\n|t:|1771215625\n|switch|p2a: Greninja|Greninja, M|100/100\n|switch|p1a: Landorus|Landorus-Therian, M|100/100\n|-ability|p1a: Landorus|Intimidate|boost\n|-unboost|p2a: Greninja|atk|1\n|\n|upkeep\n|turn|8\n|\n|t:|1771215629\n|switch|p1a: Gholdengo|Gholdengo|100/100\n|-item|p1a: Gholdengo|Air Balloon\n|move|p2a: Greninja|Ice Beam|p1a: Gholdengo\n|-resisted|p1a: Gholdengo\n|-damage|p1a: Gholdengo|86/100\n|-enditem|p1a: Gholdengo|Air Balloon\n|\n|upkeep\n|turn|9\n|\n|t:|1771215634\n|switch|p1a: Toxapex|Toxapex, F, shiny|40/100\n|move|p2a: Greninja|Dark Pulse|p1a: Toxapex\n|-damage|p1a: Toxapex|16/100\n|\n|upkeep\n|turn|10\n|\n|t:|1771215639\n|switch|p1a: Landorus|Landorus-Therian, M|100/100\n|-ability|p1a: Landorus|Intimidate|boost\n|-unboost|p2a: Greninja|atk|1\n|move|p2a: Greninja|Dark Pulse|p1a: Landorus\n|-damage|p1a: Landorus|73/100\n|\n|upkeep\n|turn|11\n|\n|t:|1771215644\n|move|p2a: Greninja|Dark Pulse|p1a: Landorus\n|-damage|p1a: Landorus|46/100\n|move|p1a: Landorus|U-turn|p2a: Greninja\n|-supereffective|p2a: Greninja\n|-damage|p2a: Greninja|24/100\n|\n|t:|1771215650\n|switch|p1a: Tapu Lele|Tapu Lele, shiny|100/100|[from] U-turn\n|-fieldstart|move: Psychic Terrain|[from] ability: Psychic Surge|[of] p1a: Tapu Lele\n|\n|upkeep\n|turn|12\n|\n|t:|1771215655\n|move|p1a: Tapu Lele|Moonblast|p2a: Greninja\n|-supereffective|p2a: Greninja\n|-damage|p2a: Greninja|0 fnt\n|faint|p2a: Greninja\n|\n|upkeep\n|\n|t:|1771215660\n|switch|p2a: Camerupt|Camerupt, F|100/100\n|turn|13\n|\n|t:|1771215671\n|detailschange|p2a: Camerupt|Camerupt-Mega, F\n|-mega|p2a: Camerupt|Camerupt|Cameruptite\n|move|p1a: Tapu Lele|Moonblast|p2a: Camerupt\n|-resisted|p2a: Camerupt\n|-damage|p2a: Camerupt|77/100\n|-unboost|p2a: Camerupt|spa|1\n|move|p2a: Camerupt|Flamethrower|p1a: Tapu Lele\n|-damage|p1a: Tapu Lele|46/100\n|\n|upkeep\n|turn|14\n|\n|t:|1771215678\n|switch|p1a: Landorus|Landorus-Therian, M|46/100\n|-ability|p1a: Landorus|Intimidate|boost\n|-unboost|p2a: Camerupt|atk|1\n|move|p2a: Camerupt|Flash Cannon|p1a: Landorus\n|-damage|p1a: Landorus|23/100\n|\n|upkeep\n|turn|15\n|\n|t:|1771215686\n|switch|p2a: Rillaboom|Rillaboom, F|100/100\n|-fieldstart|move: Grassy Terrain|[from] ability: Grassy Surge|[of] p2a: Rillaboom\n|move|p1a: Landorus|Earthquake|p2a: Rillaboom\n|-resisted|p2a: Rillaboom\n|-damage|p2a: Rillaboom|90/100\n|\n|-heal|p2a: Rillaboom|96/100|[from] Grassy Terrain\n|upkeep\n|turn|16\n|\n|t:|1771215694\n|switch|p1a: Toxapex|Toxapex, F, shiny|49/100\n|move|p2a: Rillaboom|High Horsepower|p1a: Toxapex\n|-supereffective|p1a: Toxapex\n|-damage|p1a: Toxapex|0 fnt\n|-damage|p2a: Rillaboom|79/100|[from] item: Rocky Helmet|[of] p1a: Toxapex\n|faint|p1a: Toxapex\n|\n|-heal|p2a: Rillaboom|86/100|[from] Grassy Terrain\n|upkeep\n|\n|t:|1771215697\n|switch|p1a: Gholdengo|Gholdengo|86/100\n|turn|17\n|\n|t:|1771215700\n|move|p1a: Gholdengo|Shadow Ball|p2a: Rillaboom\n|-crit|p2a: Rillaboom\n|-damage|p2a: Rillaboom|33/100\n|move|p2a: Rillaboom|Knock Off|p1a: Gholdengo\n|-supereffective|p1a: Gholdengo\n|-damage|p1a: Gholdengo|37/100\n|\n|-heal|p1a: Gholdengo|43/100|[from] Grassy Terrain\n|-heal|p2a: Rillaboom|39/100|[from] Grassy Terrain\n|upkeep\n|turn|18\n|\n|t:|1771215709\n|move|p1a: Gholdengo|Psyshock|p2a: Rillaboom\n|-damage|p2a: Rillaboom|10/100\n|move|p2a: Rillaboom|High Horsepower|p1a: Gholdengo\n|-supereffective|p1a: Gholdengo\n|-damage|p1a: Gholdengo|0 fnt\n|faint|p1a: Gholdengo\n|\n|-heal|p2a: Rillaboom|16/100|[from] Grassy Terrain\n|upkeep\n|\n|t:|1771215712\n|switch|p1a: Tapu Lele|Tapu Lele, shiny|46/100\n|-fieldstart|move: Psychic Terrain|[from] ability: Psychic Surge|[of] p1a: Tapu Lele\n|turn|19\n|\n|t:|1771215721\n|switch|p2a: Lucario|Lucario, F|63/100\n|move|p1a: Tapu Lele|Psychic|p2a: Lucario\n|-damage|p2a: Lucario|0 fnt\n|faint|p2a: Lucario\n|\n|upkeep\n|\n|t:|1771215726\n|switch|p2a: Rillaboom|Rillaboom, F|16/100\n|-fieldstart|move: Grassy Terrain|[from] ability: Grassy Surge|[of] p2a: Rillaboom\n|turn|20\n|\n|t:|1771215729\n|switch|p1a: Landorus|Landorus-Therian, M|23/100\n|-ability|p1a: Landorus|Intimidate|boost\n|-unboost|p2a: Rillaboom|atk|1\n|move|p2a: Rillaboom|Grassy Glide|p1a: Landorus\n|-damage|p1a: Landorus|0 fnt\n|-damage|p2a: Rillaboom|0 fnt|[from] item: Rocky Helmet|[of] p1a: Landorus\n|faint|p1a: Landorus\n|faint|p2a: Rillaboom\n|\n|upkeep\n|\n|t:|1771215739\n|switch|p1a: Tapu Lele|Tapu Lele, shiny|46/100\n|switch|p2a: Camerupt|Camerupt-Mega, F|77/100\n|-fieldstart|move: Psychic Terrain|[from] ability: Psychic Surge|[of] p1a: Tapu Lele\n|turn|21\n|\n|t:|1771215745\n|move|p1a: Tapu Lele|Psychic|p2a: Camerupt\n|-damage|p2a: Camerupt|21/100\n|move|p2a: Camerupt|Flash Cannon|p1a: Tapu Lele\n|-supereffective|p1a: Tapu Lele\n|-damage|p1a: Tapu Lele|0 fnt\n|faint|p1a: Tapu Lele\n|\n|win|dragon god111龙王\n|raw|Drinkcokeking's rating: 1552 &rarr; <strong>1530</strong><br />(-22 for losing)\n|raw|dragon god111龙王's rating: 1520 &rarr; <strong>1542</strong><br />(+22 for winning)\n|l|☆Drinkcokeking\n|player|p1|\n|l|☆dragon god111龙王\n|player|p2|\n", "uploadtime": 1771215756, "views": 6, "formatid": "gen9nationaldex", "rating": 1530, "private": 0, "password": null}