{"id": "gen9nationaldex-2540593899", "format": "[Gen 9] National Dex", "players": ["AyyOmega", "Red over MT Silver"], "log": "|j|☆AyyOmega\n|j|☆Red over MT Silver\n|t:|1771223699\n|gametype|singles\n|player|p1|AyyOmega|102|1679\n|player|p2|Red over MT Silver|unknown|1722\n|gen|9\n|tier|[Gen 9] National Dex\n|rated|\n|rule|HP Percentage Mod: HP is shown in percentages\n|rule|Endless Battle Clause: Forcing endless battles is banned\n|rule|Species Clause: Limit one of each Pokémon\n|rule|OHKO Clause: OHKO moves are banned\n|rule|Evasion Clause: Evasion abilities, items, and moves are banned\n|rule|Evasion Abilities Clause: Evasion abilities are banned\n|rule|Evasion Items Clause: Evasion items are banned\n|rule|Evasion Moves Clause: Evasion moves are banned\n|rule|Sleep Clause Mod: Limit one foe put to sleep\n|rule|Terastal Clause: You cannot Terastallize\n|clearpoke\n|poke|p1|Tapu Koko|\n|poke|p1|Iron Valiant|\n|poke|p1|Tyranitar, F|\n|poke|p1|Zapdos|\n|poke|p1|Alomomola, M|\n|poke|p1|Garchomp, F|\n|poke|p2|Charizard, M|\n|poke|p2|Tornadus-Therian, M|\n|poke|p2|Clefable, M|\n|poke|p2|Toxapex, M|\n|poke|p2|Chansey, F|\n|poke|p2|Gliscor, M|\n|teampreview\n|\n|t:|1771223711\n|teamsize|p1|6\n|teamsize|p2|6\n|start\n|switch|p1a: Tyranitar|Tyranitar, F|100/100\n|switch|p2a: Clefable|Clefable, M|100/100\n|-weather|Sandstorm|[from] ability: Sand Stream|[of] p1a: Tyranitar\n|turn|1\n|\n|t:|1771223717\n|detailschange|p1a: Tyranitar|Tyranitar-Mega, F\n|-mega|p1a: Tyranitar|Tyranitar|Tyranitarite\n|move|p1a: Tyranitar|Knock Off|p2a: Clefable\n|-resisted|p2a: Clefable\n|-damage|p2a: Clefable|75/100\n|-enditem|p2a: Clefable|Leftovers|[from] move: Knock Off|[of] p1a: Tyranitar\n|move|p2a: Clefable|Toxic|p1a: Tyranitar\n|-status|p1a: Tyranitar|tox\n|\n|-weather|Sandstorm|[upkeep]\n|-damage|p2a: Clefable|69/100|[from] Sandstorm\n|-damage|p1a: Tyranitar|94/100 tox|[from] psn\n|upkeep\n|turn|2\n|j| corvipelon\n|inactive|Battle timer is ON: inactive players will automatically lose when time's up. (requested by Red over MT Silver)\n|c|☆AyyOmega|is this corv guy stalking me ._.\n|\n|t:|1771223755\n|switch|p1a: Zapdos|Zapdos|100/100\n|move|p2a: Clefable|Wish|p2a: Clefable\n|\n|-weather|Sandstorm|[upkeep]\n|-damage|p1a: Zapdos|94/100|[from] Sandstorm\n|-damage|p2a: Clefable|63/100|[from] Sandstorm\n|upkeep\n|turn|3\n|\n|t:|1771223764\n|move|p1a: Zapdos|Volt Switch|p2a: Clefable\n|-damage|p2a: Clefable|38/100\n|\n|t:|1771223767\n|switch|p1a: Tapu Koko|Tapu Koko|100/100|[from] Volt Switch\n|-fieldstart|move: Electric Terrain|[from] ability: Electric Surge|[of] p1a: Tapu Koko\n|move|p2a: Clefable|Toxic|p1a: Tapu Koko\n|-status|p1a: Tapu Koko|tox\n|\n|-weather|Sandstorm|[upkeep]\n|-damage|p1a: Tapu Koko|94/100 tox|[from] Sandstorm\n|-damage|p2a: Clefable|32/100|[from] Sandstorm\n|-heal|p2a: Clefable|82/100|[from] move: Wish|[wisher] Clefable\n|-damage|p1a: Tapu Koko|88/100 tox|[from] psn\n|upkeep\n|turn|4\n|\n|t:|1771223777\n|switch|p2a: Gliscor|Gliscor, M, shiny|100/100\n|move|p1a: Tapu Koko|U-turn|p2a: Gliscor\n|-resisted|p2a: Gliscor\n|-damage|p2a: Gliscor|93/100\n|\n|t:|1771223781\n|switch|p1a: Garchomp|Garchomp, F|100/100|[from] U-turn\n|\n|-weather|Sandstorm|[upkeep]\n|-status|p2a: Gliscor|tox|[from] item: Toxic Orb\n|upkeep\n|turn|5\n|\n|t:|1771223785\n|move|p2a: Gliscor|Earthquake|p1a: Garchomp\n|-damage|p1a: Garchomp|67/100\n|move|p1a: Garchomp|Dragon Tail|p2a: Gliscor\n|-damage|p2a: Gliscor|66/100 tox\n|drag|p2a: Charizard|Charizard, M|100/100\n|\n|-weather|none\n|upkeep\n|turn|6\n|\n|t:|1771223802\n|detailschange|p2a: Charizard|Charizard-Mega-X, M\n|-mega|p2a: Charizard|Charizard|Charizardite X\n|move|p2a: Charizard|Dragon Claw|p1a: Garchomp\n|-supereffective|p1a: Garchomp\n|-damage|p1a: Garchomp|0 fnt\n|-damage|p2a: Charizard|88/100|[from] ability: Rough Skin|[of] p1a: Garchomp\n|-damage|p2a: Charizard|72/100|[from] item: Rocky Helmet|[of] p1a: Garchomp\n|faint|p1a: Garchomp\n|\n|upkeep\n|\n|t:|1771223807\n|switch|p1a: Iron Valiant|Iron Valiant|100/100\n|-activate|p1a: Iron Valiant|ability: Quark Drive\n|-start|p1a: Iron Valiant|quarkdrivespa\n|turn|7\n|\n|t:|1771223810\n|switch|p2a: Toxapex|Toxapex, M|100/100\n|move|p1a: Iron Valiant|Moonblast|p2a: Toxapex\n|-resisted|p2a: Toxapex\n|-damage|p2a: Toxapex|62/100\n|\n|-fieldend|move: Electric Terrain\n|-end|p1a: Iron Valiant|Quark Drive\n|upkeep\n|turn|8\n|\n|t:|1771223821\n|-end|p1a: Iron Valiant|Quark Drive|[silent]\n|switch|p1a: Tapu Koko|Tapu Koko|88/100 tox\n|-fieldstart|move: Electric Terrain|[from] ability: Electric Surge|[of] p1a: Tapu Koko\n|move|p2a: Toxapex|Toxic Spikes|p1a: Tapu Koko\n|-sidestart|p1: AyyOmega|move: Toxic Spikes\n|\n|-damage|p1a: Tapu Koko|82/100 tox|[from] psn\n|upkeep\n|turn|9\n|\n|t:|1771223828\n|switch|p2a: Chansey|Chansey, F|100/100\n|move|p1a: Tapu Koko|U-turn|p2a: Chansey\n|-damage|p2a: Chansey|89/100\n|\n|t:|1771223830\n|switch|p1a: Tyranitar|Tyranitar-Mega, F|94/100 tox|[from] U-turn\n|-weather|Sandstorm|[from] ability: Sand Stream|[of] p1a: Tyranitar\n|\n|-weather|Sandstorm|[upkeep]\n|-damage|p2a: Chansey|83/100|[from] Sandstorm\n|-damage|p1a: Tyranitar|88/100 tox|[from] psn\n|upkeep\n|turn|10\n|\n|t:|1771223834\n|-activate|p2a: Chansey|move: Pursuit\n|move|p1a: Tyranitar|Pursuit|p2a: Chansey|[from] Pursuit\n|-damage|p2a: Chansey|50/100\n|switch|p2a: Toxapex|Toxapex, M|95/100\n|\n|-weather|Sandstorm|[upkeep]\n|-damage|p2a: Toxapex|89/100|[from] Sandstorm\n|-damage|p1a: Tyranitar|76/100 tox|[from] psn\n|upkeep\n|turn|11\n|\n|t:|1771223843\n|switch|p1a: Zapdos|Zapdos|94/100\n|move|p2a: Toxapex|Toxic Spikes|p1a: Zapdos\n|-sidestart|p1: AyyOmega|move: Toxic Spikes\n|\n|-weather|Sandstorm|[upkeep]\n|-damage|p1a: Zapdos|88/100|[from] Sandstorm\n|-damage|p2a: Toxapex|82/100|[from] Sandstorm\n|upkeep\n|turn|12\n|\n|t:|1771223848\n|switch|p2a: Chansey|Chansey, F|50/100\n|move|p1a: Zapdos|Defog|p2a: Chansey\n|-unboost|p2a: Chansey|evasion|1\n|-sideend|p1: AyyOmega|Toxic Spikes|[from] move: Defog|[of] p1a: Zapdos\n|-fieldend|move: Electric Terrain\n|\n|-weather|Sandstorm|[upkeep]\n|-damage|p1a: Zapdos|82/100|[from] Sandstorm\n|-damage|p2a: Chansey|43/100|[from] Sandstorm\n|upkeep\n|turn|13\n|\n|t:|1771223852\n|move|p1a: Zapdos|Volt Switch|p2a: Chansey\n|-crit|p2a: Chansey\n|-damage|p2a: Chansey|30/100\n|\n|t:|1771223854\n|switch|p1a: Tyranitar|Tyranitar-Mega, F|76/100 tox|[from] Volt Switch\n|move|p2a: Chansey|Soft-Boiled|p2a: Chansey\n|-heal|p2a: Chansey|80/100\n|\n|-weather|none\n|-damage|p1a: Tyranitar|70/100 tox|[from] psn\n|upkeep\n|turn|14\n|\n|t:|1771223857\n|-activate|p2a: Chansey|move: Pursuit\n|move|p1a: Tyranitar|Pursuit|p2a: Chansey|[from] Pursuit\n|-damage|p2a: Chansey|45/100\n|switch|p2a: Toxapex|Toxapex, M|100/100\n|\n|-damage|p1a: Tyranitar|58/100 tox|[from] psn\n|upkeep\n|turn|15\n|\n|t:|1771223863\n|switch|p1a: Zapdos|Zapdos|82/100\n|move|p2a: Toxapex|Toxic Spikes|p1a: Zapdos\n|-sidestart|p1: AyyOmega|move: Toxic Spikes\n|\n|upkeep\n|turn|16\n|\n|t:|1771223866\n|move|p2a: Toxapex|Baneful Bunker|p2a: Toxapex\n|-singleturn|p2a: Toxapex|move: Protect\n|move|p1a: Zapdos|Volt Switch|p2a: Toxapex\n|-activate|p2a: Toxapex|move: Protect\n|\n|upkeep\n|turn|17\n|\n|t:|1771223877\n|switch|p1a: Tapu Koko|Tapu Koko|82/100 tox\n|-fieldstart|move: Electric Terrain|[from] ability: Electric Surge|[of] p1a: Tapu Koko\n|switch|p2a: Gliscor|Gliscor, M, shiny|66/100 tox\n|\n|-damage|p1a: Tapu Koko|76/100 tox|[from] psn\n|-heal|p2a: Gliscor|79/100 tox|[from] ability: Poison Heal\n|upkeep\n|turn|18\n|\n|t:|1771223884\n|move|p1a: Tapu Koko|Hidden Power|p2a: Gliscor\n|-supereffective|p2a: Gliscor\n|-damage|p2a: Gliscor|0 fnt\n|faint|p2a: Gliscor\n|\n|-damage|p1a: Tapu Koko|64/100 tox|[from] psn\n|upkeep\n|\n|t:|1771223887\n|switch|p2a: Charizard|Charizard-Mega-X, M|72/100\n|turn|19\n|\n|t:|1771223893\n|switch|p1a: Zapdos|Zapdos|82/100\n|move|p2a: Charizard|Dragon Dance|p2a: Charizard\n|-boost|p2a: Charizard|atk|1\n|-boost|p2a: Charizard|spe|1\n|\n|upkeep\n|turn|20\n|\n|t:|1771223898\n|move|p2a: Charizard|Dragon Claw|p1a: Zapdos\n|-damage|p1a: Zapdos|25/100\n|move|p1a: Zapdos|Defog|p2a: Charizard\n|-unboost|p2a: Charizard|evasion|1\n|-sideend|p1: AyyOmega|Toxic Spikes|[from] move: Defog|[of] p1a: Zapdos\n|-fieldend|move: Electric Terrain\n|\n|upkeep\n|turn|21\n|\n|t:|1771223918\n|move|p2a: Charizard|Dragon Claw|p1a: Zapdos\n|-damage|p1a: Zapdos|0 fnt\n|faint|p1a: Zapdos\n|\n|upkeep\n|\n|t:|1771223921\n|switch|p1a: Tyranitar|Tyranitar-Mega, F|58/100 tox\n|-weather|Sandstorm|[from] ability: Sand Stream|[of] p1a: Tyranitar\n|turn|22\n|\n|t:|1771223925\n|switch|p2a: Toxapex|Toxapex, M|100/100\n|move|p1a: Tyranitar|Stone Edge|p2a: Toxapex\n|-damage|p2a: Toxapex|57/100\n|\n|-weather|Sandstorm|[upkeep]\n|-damage|p2a: Toxapex|50/100|[from] Sandstorm\n|-damage|p1a: Tyranitar|52/100 tox|[from] psn\n|upkeep\n|turn|23\n|\n|t:|1771223934\n|move|p1a: Tyranitar|Knock Off|p2a: Toxapex\n|-damage|p2a: Toxapex|8/100\n|-damage|p1a: Tyranitar|36/100 tox|[from] item: Rocky Helmet|[of] p2a: Toxapex\n|-enditem|p2a: Toxapex|Rocky Helmet|[from] move: Knock Off|[of] p1a: Tyranitar\n|move|p2a: Toxapex|Toxic Spikes|p1a: Tyranitar\n|-sidestart|p1: AyyOmega|move: Toxic Spikes\n|\n|-weather|Sandstorm|[upkeep]\n|-damage|p2a: Toxapex|1/100|[from] Sandstorm\n|-damage|p1a: Tyranitar|24/100 tox|[from] psn\n|upkeep\n|turn|24\n|\n|t:|1771223943\n|switch|p1a: Iron Valiant|Iron Valiant|100/100\n|-status|p1a: Iron Valiant|psn\n|move|p2a: Toxapex|Baneful Bunker||[still]\n|-fail|p2a: Toxapex\n|\n|-weather|Sandstorm|[upkeep]\n|-damage|p1a: Iron Valiant|94/100 psn|[from] Sandstorm\n|-damage|p2a: Toxapex|0 fnt|[from] Sandstorm\n|faint|p2a: Toxapex\n|-damage|p1a: Iron Valiant|82/100 psn|[from] psn\n|upkeep\n|\n|t:|1771223947\n|switch|p2a: Tornadus|Tornadus-Therian, M|100/100\n|turn|25\n|\n|t:|1771223951\n|-end|p1a: Iron Valiant|Quark Drive|[silent]\n|switch|p1a: Alomomola|Alomomola, M|100/100\n|-status|p1a: Alomomola|psn\n|move|p2a: Tornadus|Substitute|p2a: Tornadus\n|-start|p2a: Tornadus|Substitute\n|-damage|p2a: Tornadus|76/100\n|\n|-weather|Sandstorm|[upkeep]\n|-damage|p2a: Tornadus|70/100|[from] Sandstorm\n|-damage|p1a: Alomomola|94/100 psn|[from] Sandstorm\n|-damage|p1a: Alomomola|82/100 psn|[from] psn\n|upkeep\n|turn|26\n|\n|t:|1771223955\n|move|p2a: Tornadus|Nasty Plot|p2a: Tornadus\n|-boost|p2a: Tornadus|spa|2\n|move|p1a: Alomomola|Flip Turn|p2a: Tornadus\n|-activate|p2a: Tornadus|move: Substitute|[damage]\n|\n|t:|1771223961\n|switch|p1a: Tapu Koko|Tapu Koko|64/100 tox|[from] Flip Turn\n|-fieldstart|move: Electric Terrain|[from] ability: Electric Surge|[of] p1a: Tapu Koko\n|\n|-weather|none\n|-damage|p1a: Tapu Koko|58/100 tox|[from] psn\n|upkeep\n|turn|27\n|\n|t:|1771223967\n|move|p1a: Tapu Koko|U-turn|p2a: Tornadus\n|-resisted|p2a: Tornadus\n|-end|p2a: Tornadus|Substitute\n|\n|t:|1771223969\n|switch|p1a: Tyranitar|Tyranitar-Mega, F|24/100 tox|[from] U-turn\n|-weather|Sandstorm|[from] ability: Sand Stream|[of] p1a: Tyranitar\n|move|p2a: Tornadus|Substitute|p2a: Tornadus\n|-start|p2a: Tornadus|Substitute\n|-damage|p2a: Tornadus|45/100\n|\n|-weather|Sandstorm|[upkeep]\n|-damage|p2a: Tornadus|39/100|[from] Sandstorm\n|-damage|p1a: Tyranitar|18/100 tox|[from] psn\n|upkeep\n|turn|28\n|\n|t:|1771223975\n|move|p2a: Tornadus|Hurricane|p1a: Tyranitar|[miss]\n|-miss|p2a: Tornadus|p1a: Tyranitar\n|move|p1a: Tyranitar|Stone Edge|p2a: Tornadus\n|-supereffective|p2a: Tornadus\n|-end|p2a: Tornadus|Substitute\n|\n|-weather|Sandstorm|[upkeep]\n|-damage|p2a: Tornadus|33/100|[from] Sandstorm\n|-damage|p1a: Tyranitar|5/100 tox|[from] psn\n|upkeep\n|turn|29\n|\n|t:|1771223981\n|move|p2a: Tornadus|Substitute|p2a: Tornadus\n|-start|p2a: Tornadus|Substitute\n|-damage|p2a: Tornadus|8/100\n|move|p1a: Tyranitar|Stone Edge|p2a: Tornadus|[miss]\n|-miss|p1a: Tyranitar|p2a: Tornadus\n|\n|-weather|Sandstorm|[upkeep]\n|-damage|p2a: Tornadus|2/100|[from] Sandstorm\n|-damage|p1a: Tyranitar|0 fnt|[from] psn\n|faint|p1a: Tyranitar\n|detailschange|p1: Tyranitar|Tyranitar, F|[silent]\n|upkeep\n|\n|t:|1771223987\n|switch|p1a: Alomomola|Alomomola, M|100/100 psn\n|turn|30\n|\n|t:|1771223992\n|-zpower|p2a: Tornadus\n|move|p2a: Tornadus|Supersonic Skystrike|p1a: Alomomola|[zeffect]\n|-damage|p1a: Alomomola|14/100 psn\n|move|p1a: Alomomola|Flip Turn|p2a: Tornadus\n|-activate|p2a: Tornadus|move: Substitute|[damage]\n|\n|t:|1771223996\n|switch|p1a: Iron Valiant|Iron Valiant|82/100 psn|[from] Flip Turn\n|-activate|p1a: Iron Valiant|ability: Quark Drive\n|-start|p1a: Iron Valiant|quarkdrivespa\n|\n|-weather|Sandstorm|[upkeep]\n|-damage|p2a: Tornadus|0 fnt|[from] Sandstorm\n|-damage|p1a: Iron Valiant|76/100 psn|[from] Sandstorm\n|faint|p2a: Tornadus\n|-damage|p1a: Iron Valiant|63/100 psn|[from] psn\n|-fieldend|move: Electric Terrain\n|-end|p1a: Iron Valiant|Quark Drive\n|upkeep\n|\n|t:|1771224000\n|switch|p2a: Clefable|Clefable, M|82/100\n|turn|31\n|\n|t:|1771224003\n|-end|p1a: Iron Valiant|Quark Drive|[silent]\n|switch|p1a: Tapu Koko|Tapu Koko|58/100 tox\n|-fieldstart|move: Electric Terrain|[from] ability: Electric Surge|[of] p1a: Tapu Koko\n|move|p2a: Clefable|Moonblast|p1a: Tapu Koko\n|-damage|p1a: Tapu Koko|6/100 tox\n|-unboost|p1a: Tapu Koko|spa|1\n|\n|-weather|none\n|-damage|p1a: Tapu Koko|0 fnt|[from] psn\n|faint|p1a: Tapu Koko\n|upkeep\n|\n|t:|1771224006\n|switch|p1a: Iron Valiant|Iron Valiant|63/100 psn\n|-activate|p1a: Iron Valiant|ability: Quark Drive\n|-start|p1a: Iron Valiant|quarkdrivespa\n|turn|32\n|\n|t:|1771224009\n|move|p2a: Clefable|Protect|p2a: Clefable\n|-singleturn|p2a: Clefable|Protect\n|move|p1a: Iron Valiant|Moonblast|p2a: Clefable\n|-activate|p2a: Clefable|move: Protect\n|\n|-damage|p1a: Iron Valiant|51/100 psn|[from] psn\n|upkeep\n|turn|33\n|\n|t:|1771224015\n|move|p1a: Iron Valiant|Moonblast|p2a: Clefable\n|-damage|p2a: Clefable|0 fnt\n|faint|p2a: Clefable\n|\n|-damage|p1a: Iron Valiant|38/100 psn|[from] psn\n|upkeep\n|\n|t:|1771224017\n|switch|p2a: Chansey|Chansey, F|45/100\n|turn|34\n|j| ghdsghjjjffssg\n|\n|t:|1771224027\n|-end|p1a: Iron Valiant|Quark Drive|[silent]\n|switch|p1a: Alomomola|Alomomola, M|47/100 psn\n|move|p2a: Chansey|Soft-Boiled|p2a: Chansey\n|-heal|p2a: Chansey|95/100\n|\n|-damage|p1a: Alomomola|35/100 psn|[from] psn\n|upkeep\n|turn|35\n|\n|t:|1771224034\n|move|p1a: Alomomola|Flip Turn|p2a: Chansey\n|-damage|p2a: Chansey|86/100\n|\n|t:|1771224036\n|switch|p1a: Iron Valiant|Iron Valiant|38/100 psn|[from] Flip Turn\n|-activate|p1a: Iron Valiant|ability: Quark Drive\n|-start|p1a: Iron Valiant|quarkdrivespa\n|move|p2a: Chansey|Teleport|p2a: Chansey\n|\n|t:|1771224038\n|switch|p2a: Charizard|Charizard-Mega-X, M|72/100|[from] Teleport\n|\n|-damage|p1a: Iron Valiant|26/100 psn|[from] psn\n|-fieldend|move: Electric Terrain\n|-end|p1a: Iron Valiant|Quark Drive\n|upkeep\n|turn|36\n|\n|t:|1771224043\n|switch|p2a: Chansey|Chansey, F|86/100\n|move|p1a: Iron Valiant|Aura Sphere|p2a: Chansey\n|-supereffective|p2a: Chansey\n|-damage|p2a: Chansey|46/100\n|\n|-damage|p1a: Iron Valiant|13/100 psn|[from] psn\n|upkeep\n|turn|37\n|\n|t:|1771224051\n|move|p1a: Iron Valiant|Aura Sphere|p2a: Chansey\n|-supereffective|p2a: Chansey\n|-damage|p2a: Chansey|7/100\n|move|p2a: Chansey|Teleport|p2a: Chansey\n|\n|t:|1771224052\n|switch|p2a: Charizard|Charizard-Mega-X, M|72/100|[from] Teleport\n|\n|-damage|p1a: Iron Valiant|1/100 psn|[from] psn\n|upkeep\n|turn|38\n|\n|t:|1771224056\n|-end|p1a: Iron Valiant|Quark Drive|[silent]\n|switch|p1a: Alomomola|Alomomola, M|68/100 psn\n|switch|p2a: Chansey|Chansey, F|7/100\n|\n|-damage|p1a: Alomomola|56/100 psn|[from] psn\n|upkeep\n|turn|39\n|\n|t:|1771224060\n|move|p2a: Chansey|Soft-Boiled|p2a: Chansey\n|-heal|p2a: Chansey|57/100\n|move|p1a: Alomomola|Flip Turn|p2a: Chansey\n|-damage|p2a: Chansey|46/100\n|\n|t:|1771224064\n|switch|p1a: Iron Valiant|Iron Valiant|1/100 psn|[from] Flip Turn\n|\n|-damage|p1a: Iron Valiant|0 fnt|[from] psn\n|faint|p1a: Iron Valiant\n|-end|p1a: Iron Valiant|Quark Drive|[silent]\n|upkeep\n|\n|t:|1771224065\n|switch|p1a: Alomomola|Alomomola, M|89/100 psn\n|turn|40\n|c|☆AyyOmega|gg\n|-message|AyyOmega forfeited.\n|\n|win|Red over MT Silver\n|raw|AyyOmega's rating: 1679 &rarr; <strong>1661</strong><br />(-18 for losing)\n|raw|Red over MT Silver's rating: 1722 &rarr; <strong>1740</strong><br />(+18 for winning)\n|l|☆AyyOmega\n|player|p1|\n|l|☆Red over MT Silver\n|player|p2|\n|l| ghdsghjjjffssg\n|l| corvipelon\n", "uploadtime": 1771224201, "views": 8, "formatid": "gen9nationaldex", "rating": 1661, "private": 0, "password": null}