{"id": "gen9nationaldex-2540745049", "format": "[Gen 9] National Dex", "players": ["pat25", "bh_33"], "log": "|j|☆pat25\n|j|☆bh_33\n|t:|1771248918\n|gametype|singles\n|player|p1|pat25|ghetsis|1600\n|player|p2|bh_33|169|1554\n|gen|9\n|tier|[Gen 9] National Dex\n|rated|\n|rule|HP Percentage Mod: HP is shown in percentages\n|rule|Endless Battle Clause: Forcing endless battles is banned\n|rule|Species Clause: Limit one of each Pokémon\n|rule|OHKO Clause: OHKO moves are banned\n|rule|Evasion Clause: Evasion abilities, items, and moves are banned\n|rule|Evasion Abilities Clause: Evasion abilities are banned\n|rule|Evasion Items Clause: Evasion items are banned\n|rule|Evasion Moves Clause: Evasion moves are banned\n|rule|Sleep Clause Mod: Limit one foe put to sleep\n|rule|Terastal Clause: You cannot Terastallize\n|clearpoke\n|poke|p1|Sceptile, M|\n|poke|p1|Arctovish|\n|poke|p1|Pecharunt|\n|poke|p1|Hydreigon, M|\n|poke|p1|Slowking-Galar, M|\n|poke|p1|Cetitan, M|\n|poke|p2|Sableye, M|\n|poke|p2|Chansey, F|\n|poke|p2|Corviknight, M|\n|poke|p2|Toxapex, M|\n|poke|p2|Dondozo, M|\n|poke|p2|Gliscor, M|\n|teampreview\n|inactive|Battle timer is ON: inactive players will automatically lose when time's up. (requested by pat25)\n|\n|t:|1771248941\n|teamsize|p1|6\n|teamsize|p2|6\n|start\n|switch|p1a: Hydreigon|Hydreigon, M|100/100\n|switch|p2a: Gliscor|Gliscor, M, shiny|100/100\n|turn|1\n|\n|t:|1771248946\n|move|p2a: Gliscor|Knock Off|p1a: Hydreigon\n|-resisted|p1a: Hydreigon\n|-damage|p1a: Hydreigon|91/100\n|-enditem|p1a: Hydreigon|Heavy-Duty Boots|[from] move: Knock Off|[of] p2a: Gliscor\n|move|p1a: Hydreigon|Stealth Rock|p2a: Gliscor\n|-sidestart|p2: bh_33|move: Stealth Rock\n|\n|-status|p2a: Gliscor|tox|[from] item: Toxic Orb\n|upkeep\n|turn|2\n|\n|t:|1771248951\n|move|p2a: Gliscor|Spikes|p1a: Hydreigon\n|-sidestart|p1: pat25|Spikes\n|move|p1a: Hydreigon|U-turn|p2a: Gliscor\n|-resisted|p2a: Gliscor\n|-damage|p2a: Gliscor|93/100 tox\n|\n|t:|1771248954\n|switch|p1a: Slowking|Slowking-Galar, M|100/100|[from] U-turn\n|-damage|p1a: Slowking|88/100|[from] Spikes\n|\n|-heal|p2a: Gliscor|100/100 tox|[from] ability: Poison Heal\n|upkeep\n|turn|3\n|\n|t:|1771248962\n|move|p2a: Gliscor|Spikes|p1a: Slowking\n|-sidestart|p1: pat25|Spikes\n|-prepare|p1a: Slowking|Chilly Reception|[premajor]\n|move|p1a: Slowking|Chilly Reception|p1a: Slowking\n|-weather|Snowscape\n|\n|t:|1771248964\n|switch|p1a: Arctovish|Arctovish|100/100|[from] Chilly Reception\n|-damage|p1a: Arctovish|84/100|[from] Spikes\n|\n|-weather|Snowscape|[upkeep]\n|-heal|p1a: Arctovish|90/100|[from] item: Leftovers\n|upkeep\n|turn|4\n|\n|t:|1771248969\n|switch|p2a: Dondozo|Dondozo, M, shiny|100/100\n|-damage|p2a: Dondozo|88/100|[from] Stealth Rock\n|move|p1a: Arctovish|Substitute|p1a: Arctovish\n|-start|p1a: Arctovish|Substitute\n|-damage|p1a: Arctovish|65/100\n|\n|-weather|Snowscape|[upkeep]\n|-heal|p1a: Arctovish|72/100|[from] item: Leftovers\n|-heal|p2a: Dondozo|94/100|[from] item: Leftovers\n|upkeep\n|turn|5\n|\n|t:|1771248972\n|move|p1a: Arctovish|Freeze-Dry|p2a: Dondozo\n|-supereffective|p2a: Dondozo\n|-damage|p2a: Dondozo|62/100\n|move|p2a: Dondozo|Curse|p2a: Dondozo\n|-unboost|p2a: Dondozo|spe|1\n|-boost|p2a: Dondozo|atk|1\n|-boost|p2a: Dondozo|def|1\n|\n|-weather|Snowscape|[upkeep]\n|-heal|p1a: Arctovish|78/100|[from] item: Leftovers\n|-heal|p2a: Dondozo|68/100|[from] item: Leftovers\n|upkeep\n|turn|6\n|\n|t:|1771248978\n|move|p1a: Arctovish|Freeze-Dry|p2a: Dondozo\n|-supereffective|p2a: Dondozo\n|-damage|p2a: Dondozo|30/100\n|move|p2a: Dondozo|Waterfall|p1a: Arctovish\n|-resisted|p1a: Arctovish\n|-activate|p1a: Arctovish|move: Substitute|[damage]\n|\n|-weather|Snowscape|[upkeep]\n|-heal|p1a: Arctovish|84/100|[from] item: Leftovers\n|-heal|p2a: Dondozo|36/100|[from] item: Leftovers\n|upkeep\n|turn|7\n|\n|t:|1771248990\n|switch|p2a: Corviknight|Corviknight, M, shiny|100/100\n|-damage|p2a: Corviknight|88/100|[from] Stealth Rock\n|-ability|p2a: Corviknight|Pressure\n|move|p1a: Arctovish|Freeze-Dry|p2a: Corviknight\n|-damage|p2a: Corviknight|71/100\n|\n|-weather|Snowscape|[upkeep]\n|-heal|p1a: Arctovish|90/100|[from] item: Leftovers\n|-heal|p2a: Corviknight|77/100|[from] item: Leftovers\n|upkeep\n|turn|8\n|\n|t:|1771248997\n|move|p1a: Arctovish|Fishious Rend|p2a: Corviknight\n|-damage|p2a: Corviknight|29/100\n|move|p2a: Corviknight|Body Press|p1a: Arctovish\n|-supereffective|p1a: Arctovish\n|-end|p1a: Arctovish|Substitute\n|\n|-weather|Snowscape|[upkeep]\n|-heal|p1a: Arctovish|96/100|[from] item: Leftovers\n|-heal|p2a: Corviknight|35/100|[from] item: Leftovers\n|upkeep\n|turn|9\n|\n|t:|1771249019\n|move|p1a: Arctovish|Fishious Rend|p2a: Corviknight\n|-damage|p2a: Corviknight|0 fnt\n|faint|p2a: Corviknight\n|\n|-weather|Snowscape|[upkeep]\n|-heal|p1a: Arctovish|100/100|[from] item: Leftovers\n|upkeep\n|\n|t:|1771249021\n|switch|p2a: Sableye|Sableye, M, shiny|100/100\n|-damage|p2a: Sableye|88/100|[from] Stealth Rock\n|turn|10\n|\n|t:|1771249030\n|switch|p1a: Hydreigon|Hydreigon, M|91/100\n|detailschange|p2a: Sableye|Sableye-Mega, M, shiny\n|-mega|p2a: Sableye|Sableye|Sablenite\n|move|p2a: Sableye|Will-O-Wisp|p1a: Hydreigon\n|-status|p1a: Hydreigon|brn\n|\n|-weather|none\n|-damage|p1a: Hydreigon|85/100 brn|[from] brn\n|upkeep\n|turn|11\n|\n|t:|1771249039\n|switch|p2a: Toxapex|Toxapex, M, shiny|100/100\n|-damage|p2a: Toxapex|88/100|[from] Stealth Rock\n|move|p1a: Hydreigon|Defog|p2a: Toxapex\n|-unboost|p2a: Toxapex|evasion|1\n|-sideend|p2: bh_33|Stealth Rock|[from] move: Defog|[of] p1a: Hydreigon\n|-sideend|p1: pat25|Spikes|[from] move: Defog|[of] p1a: Hydreigon\n|\n|-damage|p1a: Hydreigon|79/100 brn|[from] brn\n|upkeep\n|turn|12\n|\n|t:|1771249041\n|move|p1a: Hydreigon|Stealth Rock|p2a: Toxapex\n|-sidestart|p2: bh_33|move: Stealth Rock\n|move|p2a: Toxapex|Toxic Spikes|p1a: Hydreigon\n|-sidestart|p1: pat25|move: Toxic Spikes\n|\n|-damage|p1a: Hydreigon|72/100 brn|[from] brn\n|upkeep\n|turn|13\n|\n|t:|1771249044\n|move|p1a: Hydreigon|U-turn|p2a: Toxapex\n|-resisted|p2a: Toxapex\n|-damage|p2a: Toxapex|85/100\n|\n|t:|1771249048\n|switch|p1a: Slowking|Slowking-Galar, M|100/100|[from] U-turn\n|-sideend|p1: pat25|move: Toxic Spikes|[of] p1a: Slowking\n|move|p2a: Toxapex|Scald|p1a: Slowking\n|-damage|p1a: Slowking|91/100\n|\n|upkeep\n|turn|14\n|\n|t:|1771249059\n|switch|p2a: Dondozo|Dondozo, M, shiny|36/100\n|-damage|p2a: Dondozo|23/100|[from] Stealth Rock\n|move|p1a: Slowking|Future Sight|p2a: Dondozo\n|-start|p1a: Slowking|move: Future Sight\n|\n|-heal|p2a: Dondozo|29/100|[from] item: Leftovers\n|upkeep\n|turn|15\n|\n|t:|1771249063\n|move|p2a: Dondozo|Rest|p2a: Dondozo\n|-status|p2a: Dondozo|slp|[from] move: Rest\n|-heal|p2a: Dondozo|100/100 slp|[silent]\n|-prepare|p1a: Slowking|Chilly Reception|[premajor]\n|move|p1a: Slowking|Chilly Reception|p1a: Slowking\n|-weather|Snowscape\n|\n|t:|1771249065\n|switch|p1a: Arctovish|Arctovish|100/100|[from] Chilly Reception\n|\n|-weather|Snowscape|[upkeep]\n|upkeep\n|turn|16\n|\n|t:|1771249081\n|switch|p2a: Sableye|Sableye-Mega, M, shiny|88/100\n|-damage|p2a: Sableye|75/100|[from] Stealth Rock\n|move|p1a: Arctovish|Substitute|p1a: Arctovish\n|-start|p1a: Arctovish|Substitute\n|-damage|p1a: Arctovish|76/100\n|\n|-weather|Snowscape|[upkeep]\n|-end|p2a: Sableye|move: Future Sight\n|-immune|p2a: Sableye\n|-heal|p1a: Arctovish|82/100|[from] item: Leftovers\n|upkeep\n|turn|17\n|\n|t:|1771249087\n|move|p1a: Arctovish|Fishious Rend|p2a: Sableye\n|-damage|p2a: Sableye|27/100\n|move|p2a: Sableye|Recover|p2a: Sableye\n|-heal|p2a: Sableye|77/100\n|\n|-weather|Snowscape|[upkeep]\n|-heal|p1a: Arctovish|88/100|[from] item: Leftovers\n|upkeep\n|turn|18\n|j| corvipelon\n|\n|t:|1771249093\n|switch|p2a: Toxapex|Toxapex, M, shiny|100/100\n|-damage|p2a: Toxapex|88/100|[from] Stealth Rock\n|move|p1a: Arctovish|Freeze-Dry|p2a: Toxapex\n|-supereffective|p2a: Toxapex\n|-damage|p2a: Toxapex|64/100\n|\n|-weather|Snowscape|[upkeep]\n|-heal|p1a: Arctovish|94/100|[from] item: Leftovers\n|upkeep\n|turn|19\n|\n|t:|1771249100\n|move|p1a: Arctovish|Freeze-Dry|p2a: Toxapex\n|-supereffective|p2a: Toxapex\n|-damage|p2a: Toxapex|38/100\n|move|p2a: Toxapex|Toxic Spikes|p1a: Arctovish\n|-sidestart|p1: pat25|move: Toxic Spikes\n|\n|-weather|Snowscape|[upkeep]\n|-heal|p1a: Arctovish|100/100|[from] item: Leftovers\n|upkeep\n|turn|20\n|\n|t:|1771249112\n|move|p1a: Arctovish|Freeze-Dry|p2a: Toxapex\n|-supereffective|p2a: Toxapex\n|-damage|p2a: Toxapex|14/100\n|move|p2a: Toxapex|Recover|p2a: Toxapex\n|-heal|p2a: Toxapex|64/100\n|\n|-weather|Snowscape|[upkeep]\n|upkeep\n|turn|21\n|\n|t:|1771249121\n|move|p1a: Arctovish|Hail|p1a: Arctovish\n|-weather|Hail\n|move|p2a: Toxapex|Recover|p2a: Toxapex\n|-heal|p2a: Toxapex|100/100\n|\n|-weather|Hail|[upkeep]\n|-damage|p2a: Toxapex|94/100|[from] Hail\n|upkeep\n|turn|22\n|\n|t:|1771249126\n|move|p1a: Arctovish|Freeze-Dry|p2a: Toxapex\n|-supereffective|p2a: Toxapex\n|-damage|p2a: Toxapex|72/100\n|move|p2a: Toxapex|Scald|p1a: Arctovish\n|-resisted|p1a: Arctovish\n|-activate|p1a: Arctovish|move: Substitute|[damage]\n|\n|-weather|Hail|[upkeep]\n|-damage|p2a: Toxapex|66/100|[from] Hail\n|upkeep\n|turn|23\n|\n|t:|1771249131\n|move|p1a: Arctovish|Freeze-Dry|p2a: Toxapex\n|-supereffective|p2a: Toxapex\n|-damage|p2a: Toxapex|42/100\n|move|p2a: Toxapex|Scald|p1a: Arctovish\n|-resisted|p1a: Arctovish\n|-activate|p1a: Arctovish|move: Substitute|[damage]\n|\n|-weather|Hail|[upkeep]\n|-damage|p2a: Toxapex|36/100|[from] Hail\n|upkeep\n|turn|24\n|\n|t:|1771249137\n|move|p1a: Arctovish|Freeze-Dry|p2a: Toxapex\n|-supereffective|p2a: Toxapex\n|-damage|p2a: Toxapex|9/100\n|move|p2a: Toxapex|Recover|p2a: Toxapex\n|-heal|p2a: Toxapex|59/100\n|\n|-weather|Hail|[upkeep]\n|-damage|p2a: Toxapex|53/100|[from] Hail\n|upkeep\n|turn|25\n|\n|t:|1771249151\n|move|p1a: Arctovish|Freeze-Dry|p2a: Toxapex\n|-supereffective|p2a: Toxapex\n|-damage|p2a: Toxapex|27/100\n|move|p2a: Toxapex|Scald|p1a: Arctovish\n|-resisted|p1a: Arctovish\n|-end|p1a: Arctovish|Substitute\n|\n|-weather|none\n|upkeep\n|turn|26\n|\n|t:|1771249157\n|move|p1a: Arctovish|Substitute|p1a: Arctovish\n|-start|p1a: Arctovish|Substitute\n|-damage|p1a: Arctovish|76/100\n|move|p2a: Toxapex|Recover|p2a: Toxapex\n|-heal|p2a: Toxapex|77/100\n|\n|-heal|p1a: Arctovish|82/100|[from] item: Leftovers\n|upkeep\n|turn|27\n|\n|t:|1771249167\n|switch|p2a: Sableye|Sableye-Mega, M, shiny|77/100\n|-damage|p2a: Sableye|64/100|[from] Stealth Rock\n|move|p1a: Arctovish|Hail|p1a: Arctovish\n|-weather|Hail\n|\n|-weather|Hail|[upkeep]\n|-damage|p2a: Sableye|58/100|[from] Hail\n|-heal|p1a: Arctovish|88/100|[from] item: Leftovers\n|upkeep\n|turn|28\n|\n|t:|1771249169\n|move|p1a: Arctovish|Fishious Rend|p2a: Sableye\n|-damage|p2a: Sableye|6/100\n|move|p2a: Sableye|Knock Off|p1a: Arctovish\n|-crit|p1a: Arctovish\n|-end|p1a: Arctovish|Substitute\n|\n|-weather|Hail|[upkeep]\n|-damage|p2a: Sableye|0 fnt|[from] Hail\n|faint|p2a: Sableye\n|detailschange|p2: Sableye|Sableye, M, shiny|[silent]\n|-heal|p1a: Arctovish|94/100|[from] item: Leftovers\n|upkeep\n|-message|bh_33 forfeited.\n|\n|win|pat25\n|raw|pat25's rating: 1600 &rarr; <strong>1617</strong><br />(+17 for winning)\n|raw|bh_33's rating: 1554 &rarr; <strong>1537</strong><br />(-17 for losing)\n|l|☆bh_33\n|player|p2|\n|l|☆pat25\n|player|p1|\n|l| corvipelon\n", "uploadtime": 1771249418, "views": 3, "formatid": "gen9nationaldex", "rating": 1537, "private": 0, "password": null}