{"id": "gen9nationaldex-2540475651", "format": "[Gen 9] National Dex", "players": ["vandosaurus", "wuerling"], "log": "|j|☆vandosaurus\n|j|☆wuerling\n|t:|1771206703\n|gametype|singles\n|player|p1|vandosaurus|blaine|1557\n|player|p2|wuerling|266|1517\n|gen|9\n|tier|[Gen 9] National Dex\n|rated|\n|rule|HP Percentage Mod: HP is shown in percentages\n|rule|Endless Battle Clause: Forcing endless battles is banned\n|rule|Species Clause: Limit one of each Pokémon\n|rule|OHKO Clause: OHKO moves are banned\n|rule|Evasion Clause: Evasion abilities, items, and moves are banned\n|rule|Evasion Abilities Clause: Evasion abilities are banned\n|rule|Evasion Items Clause: Evasion items are banned\n|rule|Evasion Moves Clause: Evasion moves are banned\n|rule|Sleep Clause Mod: Limit one foe put to sleep\n|rule|Terastal Clause: You cannot Terastallize\n|clearpoke\n|poke|p1|Archeops, F|\n|poke|p1|Hatterene, F|\n|poke|p1|Alomomola, F|\n|poke|p1|Urshifu-*, M|\n|poke|p1|Great Tusk|\n|poke|p1|Tapu Koko|\n|poke|p2|Terapagos, M|\n|poke|p2|Ogerpon-Wellspring, F|\n|poke|p2|Volcarona, F|\n|poke|p2|Zamazenta-*|\n|poke|p2|Hatterene, F|\n|poke|p2|Dragonite, F|\n|teampreview\n|\n|t:|1771206716\n|teamsize|p1|6\n|teamsize|p2|6\n|start\n|switch|p1a: Urshifu|Urshifu-Rapid-Strike, M|100/100\n|switch|p2a: Hatterene|Hatterene, F|100/100\n|turn|1\n|\n|t:|1771206722\n|move|p1a: Urshifu|U-turn|p2a: Hatterene\n|-damage|p2a: Hatterene|76/100\n|\n|t:|1771206734\n|switch|p1a: Hatterene|Hatterene, F|100/100|[from] U-turn\n|move|p2a: Hatterene|Draining Kiss|p1a: Hatterene\n|-damage|p1a: Hatterene|71/100\n|-heal|p2a: Hatterene|98/100|[from] drain|[of] p1a: Hatterene\n|-enditem|p1a: Hatterene|Eject Button\n|\n|t:|1771206743\n|switch|p1a: Archeops|Archeops, F|100/100\n|\n|-heal|p2a: Hatterene|100/100|[from] item: Leftovers\n|upkeep\n|turn|2\n|\n|t:|1771206759\n|move|p1a: Archeops|Meteor Beam||[still]\n|-prepare|p1a: Archeops|Meteor Beam\n|-boost|p1a: Archeops|spa|1\n|-enditem|p1a: Archeops|Power Herb\n|-anim|p1a: Archeops|Meteor Beam|p2a: Hatterene\n|-damage|p2a: Hatterene|13/100\n|move|p2a: Hatterene|Draining Kiss|p1a: Archeops\n|-damage|p1a: Archeops|53/100\n|-heal|p2a: Hatterene|45/100|[from] drain|[of] p1a: Archeops\n|\n|-heal|p2a: Hatterene|51/100|[from] item: Leftovers\n|upkeep\n|turn|3\n|\n|t:|1771206776\n|move|p1a: Archeops|Air Slash|p2a: Hatterene\n|-damage|p2a: Hatterene|0 fnt\n|faint|p2a: Hatterene\n|\n|upkeep\n|\n|t:|1771206782\n|switch|p2a: Dragonite|Dragonite, F|100/100\n|turn|4\n|\n|t:|1771206788\n|switch|p1a: Great Tusk|Great Tusk|100/100\n|move|p2a: Dragonite|Dragon Dance|p2a: Dragonite\n|-boost|p2a: Dragonite|atk|1\n|-boost|p2a: Dragonite|spe|1\n|\n|upkeep\n|turn|5\n|\n|t:|1771206796\n|move|p2a: Dragonite|Dragon Dance|p2a: Dragonite\n|-boost|p2a: Dragonite|atk|1\n|-boost|p2a: Dragonite|spe|1\n|move|p1a: Great Tusk|Ice Spinner|p2a: Dragonite\n|-supereffective|p2a: Dragonite\n|-damage|p2a: Dragonite|43/100\n|\n|upkeep\n|turn|6\n|\n|t:|1771206804\n|-zpower|p2a: Dragonite\n|move|p2a: Dragonite|Supersonic Skystrike|p1a: Great Tusk|[zeffect]\n|-supereffective|p1a: Great Tusk\n|-damage|p1a: Great Tusk|0 fnt\n|faint|p1a: Great Tusk\n|-end|p1a: Great Tusk|Protosynthesis|[silent]\n|\n|upkeep\n|\n|t:|1771206815\n|switch|p1a: Hatterene|Hatterene, F|71/100\n|turn|7\n|\n|t:|1771206823\n|move|p2a: Dragonite|Earthquake|p1a: Hatterene\n|-damage|p1a: Hatterene|6/100\n|move|p1a: Hatterene|Nuzzle|p2a: Dragonite\n|-damage|p2a: Dragonite|39/100\n|-status|p2a: Dragonite|par\n|\n|upkeep\n|turn|8\n|\n|t:|1771206827\n|move|p2a: Dragonite|Earthquake|p1a: Hatterene\n|-damage|p1a: Hatterene|0 fnt\n|faint|p1a: Hatterene\n|\n|upkeep\n|\n|t:|1771206835\n|switch|p1a: Tapu Koko|Tapu Koko|100/100\n|-fieldstart|move: Electric Terrain|[from] ability: Electric Surge|[of] p1a: Tapu Koko\n|turn|9\n|\n|t:|1771206841\n|move|p1a: Tapu Koko|Dazzling Gleam|p2a: Dragonite\n|-supereffective|p2a: Dragonite\n|-damage|p2a: Dragonite|0 fnt\n|faint|p2a: Dragonite\n|\n|upkeep\n|\n|t:|1771206848\n|switch|p2a: Volcarona|Volcarona, F|100/100\n|turn|10\n|\n|t:|1771206857\n|-zpower|p1a: Tapu Koko\n|move|p1a: Tapu Koko|Gigavolt Havoc|p2a: Volcarona|[zeffect]\n|-damage|p2a: Volcarona|14/100\n|move|p2a: Volcarona|Quiver Dance|p2a: Volcarona\n|-boost|p2a: Volcarona|spa|1\n|-boost|p2a: Volcarona|spd|1\n|-boost|p2a: Volcarona|spe|1\n|\n|-heal|p2a: Volcarona|20/100|[from] item: Leftovers\n|upkeep\n|turn|11\n|\n|t:|1771206867\n|switch|p1a: Archeops|Archeops, F|53/100\n|move|p2a: Volcarona|Roost|p2a: Volcarona\n|-heal|p2a: Volcarona|70/100\n|-singleturn|p2a: Volcarona|move: Roost\n|\n|-heal|p2a: Volcarona|76/100|[from] item: Leftovers\n|upkeep\n|turn|12\n|\n|t:|1771206874\n|move|p2a: Volcarona|Fiery Dance|p1a: Archeops\n|-resisted|p1a: Archeops\n|-damage|p1a: Archeops|6/100\n|move|p1a: Archeops|Air Slash|p2a: Volcarona\n|-supereffective|p2a: Volcarona\n|-damage|p2a: Volcarona|54/100\n|\n|-heal|p2a: Volcarona|61/100|[from] item: Leftovers\n|upkeep\n|turn|13\n|\n|t:|1771206881\n|move|p2a: Volcarona|Fiery Dance|p1a: Archeops\n|-resisted|p1a: Archeops\n|-damage|p1a: Archeops|0 fnt\n|faint|p1a: Archeops\n|\n|-heal|p2a: Volcarona|67/100|[from] item: Leftovers\n|-fieldend|move: Electric Terrain\n|upkeep\n|\n|t:|1771206885\n|switch|p1a: Alomomola|Alomomola, F|100/100\n|turn|14\n|\n|t:|1771206888\n|move|p2a: Volcarona|Quiver Dance|p2a: Volcarona\n|-boost|p2a: Volcarona|spa|1\n|-boost|p2a: Volcarona|spd|1\n|-boost|p2a: Volcarona|spe|1\n|move|p1a: Alomomola|Mirror Coat||[still]\n|-fail|p1a: Alomomola\n|\n|-heal|p2a: Volcarona|73/100|[from] item: Leftovers\n|upkeep\n|turn|15\n|\n|t:|1771206891\n|move|p2a: Volcarona|Quiver Dance|p2a: Volcarona\n|-boost|p2a: Volcarona|spa|1\n|-boost|p2a: Volcarona|spd|1\n|-boost|p2a: Volcarona|spe|1\n|move|p1a: Alomomola|Scald|p2a: Volcarona\n|-supereffective|p2a: Volcarona\n|-damage|p2a: Volcarona|63/100\n|\n|-heal|p2a: Volcarona|69/100|[from] item: Leftovers\n|upkeep\n|turn|16\n|\n|t:|1771206896\n|move|p2a: Volcarona|Quiver Dance|p2a: Volcarona\n|-boost|p2a: Volcarona|spa|1\n|-boost|p2a: Volcarona|spd|1\n|-boost|p2a: Volcarona|spe|1\n|move|p1a: Alomomola|Flip Turn|p2a: Volcarona\n|-supereffective|p2a: Volcarona\n|-damage|p2a: Volcarona|33/100\n|\n|t:|1771206902\n|switch|p1a: Urshifu|Urshifu-Rapid-Strike, M|100/100|[from] Flip Turn\n|\n|-heal|p2a: Volcarona|39/100|[from] item: Leftovers\n|upkeep\n|turn|17\n|\n|t:|1771206909\n|move|p2a: Volcarona|Roost|p2a: Volcarona\n|-heal|p2a: Volcarona|89/100\n|-singleturn|p2a: Volcarona|move: Roost\n|move|p1a: Urshifu|Surging Strikes|p2a: Volcarona\n|-supereffective|p2a: Volcarona\n|-crit|p2a: Volcarona\n|-damage|p2a: Volcarona|42/100\n|-supereffective|p2a: Volcarona\n|-crit|p2a: Volcarona\n|-damage|p2a: Volcarona|0 fnt\n|faint|p2a: Volcarona\n|-hitcount|p2: Volcarona|2\n|\n|upkeep\n|\n|t:|1771206922\n|switch|p2a: Zamazenta|Zamazenta|100/100\n|-ability|p2a: Zamazenta|Dauntless Shield|boost\n|-boost|p2a: Zamazenta|def|1\n|turn|18\n|\n|t:|1771206925\n|switch|p1a: Alomomola|Alomomola, F|100/100\n|move|p2a: Zamazenta|Substitute|p2a: Zamazenta\n|-start|p2a: Zamazenta|Substitute\n|-damage|p2a: Zamazenta|76/100\n|\n|-heal|p2a: Zamazenta|82/100|[from] item: Leftovers\n|upkeep\n|turn|19\n|\n|t:|1771206928\n|move|p2a: Zamazenta|Iron Defense|p2a: Zamazenta\n|-boost|p2a: Zamazenta|def|2\n|move|p1a: Alomomola|Scald|p2a: Zamazenta\n|-activate|p2a: Zamazenta|move: Substitute|[damage]\n|\n|-heal|p2a: Zamazenta|88/100|[from] item: Leftovers\n|upkeep\n|turn|20\n|\n|t:|1771206930\n|move|p2a: Zamazenta|Iron Defense|p2a: Zamazenta\n|-boost|p2a: Zamazenta|def|2\n|move|p1a: Alomomola|Scald|p2a: Zamazenta\n|-activate|p2a: Zamazenta|move: Substitute|[damage]\n|\n|-heal|p2a: Zamazenta|94/100|[from] item: Leftovers\n|upkeep\n|turn|21\n|\n|t:|1771206942\n|move|p2a: Zamazenta|Iron Defense|p2a: Zamazenta\n|-boost|p2a: Zamazenta|def|1\n|move|p1a: Alomomola|Flip Turn|p2a: Zamazenta\n|-activate|p2a: Zamazenta|move: Substitute|[damage]\n|\n|t:|1771206945\n|switch|p1a: Tapu Koko|Tapu Koko|100/100|[from] Flip Turn\n|-fieldstart|move: Electric Terrain|[from] ability: Electric Surge|[of] p1a: Tapu Koko\n|\n|-heal|p2a: Zamazenta|99/100|[from] item: Leftovers\n|upkeep\n|turn|22\n|\n|t:|1771206950\n|move|p1a: Tapu Koko|Dazzling Gleam|p2a: Zamazenta\n|-supereffective|p2a: Zamazenta\n|-end|p2a: Zamazenta|Substitute\n|move|p2a: Zamazenta|Body Press|p1a: Tapu Koko\n|-resisted|p1a: Tapu Koko\n|-damage|p1a: Tapu Koko|0 fnt\n|faint|p1a: Tapu Koko\n|\n|-heal|p2a: Zamazenta|100/100|[from] item: Leftovers\n|upkeep\n|\n|t:|1771206959\n|switch|p1a: Urshifu|Urshifu-Rapid-Strike, M|100/100\n|turn|23\n|\n|t:|1771206961\n|move|p1a: Urshifu|Surging Strikes|p2a: Zamazenta\n|-crit|p2a: Zamazenta\n|-damage|p2a: Zamazenta|85/100\n|-crit|p2a: Zamazenta\n|-damage|p2a: Zamazenta|71/100\n|-crit|p2a: Zamazenta\n|-damage|p2a: Zamazenta|55/100\n|-hitcount|p2a: Zamazenta|3\n|move|p2a: Zamazenta|Body Press|p1a: Urshifu\n|-damage|p1a: Urshifu|0 fnt\n|faint|p1a: Urshifu\n|\n|-heal|p2a: Zamazenta|61/100|[from] item: Leftovers\n|upkeep\n|-message|vandosaurus forfeited.\n|\n|win|wuerling\n|raw|vandosaurus's rating: 1557 &rarr; <strong>1535</strong><br />(-22 for losing)\n|raw|wuerling's rating: 1517 &rarr; <strong>1539</strong><br />(+22 for winning)\n|l|☆vandosaurus\n|player|p1|\n|l|☆wuerling\n|player|p2|\n", "uploadtime": 1771207265, "views": 8, "formatid": "gen9nationaldex", "rating": 1535, "private": 0, "password": null}