{"id": "gen9nationaldex-2540694366", "format": "[Gen 9] National Dex", "players": ["Cerberus 17", "darretyle"], "log": "|j|☆Cerberus 17\n|j|☆darretyle\n|t:|1771241490\n|gametype|singles\n|player|p1|Cerberus 17|cynthia-gen4|1701\n|player|p2|darretyle|bugcatcher-gen4dp|1662\n|gen|9\n|tier|[Gen 9] National Dex\n|rated|\n|rule|HP Percentage Mod: HP is shown in percentages\n|rule|Endless Battle Clause: Forcing endless battles is banned\n|rule|Species Clause: Limit one of each Pokémon\n|rule|OHKO Clause: OHKO moves are banned\n|rule|Evasion Clause: Evasion abilities, items, and moves are banned\n|rule|Evasion Abilities Clause: Evasion abilities are banned\n|rule|Evasion Items Clause: Evasion items are banned\n|rule|Evasion Moves Clause: Evasion moves are banned\n|rule|Sleep Clause Mod: Limit one foe put to sleep\n|rule|Terastal Clause: You cannot Terastallize\n|clearpoke\n|poke|p1|Tyranitar, F|\n|poke|p1|Kartana|\n|poke|p1|Diancie|\n|poke|p1|Excadrill, M|\n|poke|p1|Sinistcha-Masterpiece|\n|poke|p1|Kommo-o, M|\n|poke|p2|Greninja-*, M|\n|poke|p2|Venusaur, F|\n|poke|p2|Dragonite, F|\n|poke|p2|Ting-Lu|\n|poke|p2|Gholdengo|\n|poke|p2|Great Tusk|\n|teampreview\n|inactive|Battle timer is ON: inactive players will automatically lose when time's up. (requested by Cerberus 17)\n|j| Villain gligar\n|\n|t:|1771241517\n|teamsize|p1|6\n|teamsize|p2|6\n|start\n|switch|p1a: Kommo-o|Kommo-o, M|100/100\n|switch|p2a: Venusaur|Venusaur, F|100/100\n|turn|1\n|\n|t:|1771241526\n|switch|p2a: Ting-Lu|Ting-Lu|100/100\n|-ability|p2a: Ting-Lu|Vessel of Ruin\n|-zpower|p1a: Kommo-o\n|move|p1a: Kommo-o|Clangorous Soulblaze|p2a: Ting-Lu|[zeffect]\n|-damage|p2a: Ting-Lu|66/100\n|-boost|p1a: Kommo-o|atk|1\n|-boost|p1a: Kommo-o|def|1\n|-boost|p1a: Kommo-o|spa|1\n|-boost|p1a: Kommo-o|spd|1\n|-boost|p1a: Kommo-o|spe|1\n|\n|-heal|p2a: Ting-Lu|73/100|[from] item: Leftovers\n|upkeep\n|turn|2\n|\n|t:|1771241544\n|move|p1a: Kommo-o|Drain Punch|p2a: Ting-Lu\n|-supereffective|p2a: Ting-Lu\n|-damage|p2a: Ting-Lu|25/100\n|move|p2a: Ting-Lu|Whirlwind|p1a: Kommo-o\n|drag|p1a: Diancie|Diancie|100/100\n|\n|-heal|p2a: Ting-Lu|31/100|[from] item: Leftovers\n|upkeep\n|turn|3\n|\n|t:|1771241551\n|switch|p2a: Venusaur|Venusaur, F|100/100\n|detailschange|p1a: Diancie|Diancie-Mega\n|-mega|p1a: Diancie|Diancie|Diancite\n|move|p1a: Diancie|Moonblast|p2a: Venusaur\n|-resisted|p2a: Venusaur\n|-damage|p2a: Venusaur|75/100\n|-unboost|p2a: Venusaur|spa|1\n|\n|upkeep\n|turn|4\n|inactive|Cerberus 17 has 120 seconds left.\n|\n|t:|1771241583\n|detailschange|p2a: Venusaur|Venusaur-Mega, F\n|-mega|p2a: Venusaur|Venusaur|Venusaurite\n|move|p1a: Diancie|Mystical Fire|p2a: Venusaur\n|-supereffective|p2a: Venusaur\n|-damage|p2a: Venusaur|52/100\n|-unboost|p2a: Venusaur|spa|1\n|move|p2a: Venusaur|Giga Drain|p1a: Diancie\n|-supereffective|p1a: Diancie\n|-damage|p1a: Diancie|42/100\n|-heal|p2a: Venusaur|71/100|[from] drain|[of] p1a: Diancie\n|\n|upkeep\n|turn|5\n|l| Villain gligar\n|\n|t:|1771241589\n|move|p1a: Diancie|Diamond Storm|p2a: Venusaur\n|-damage|p2a: Venusaur|32/100\n|move|p2a: Venusaur|Giga Drain|p1a: Diancie\n|-supereffective|p1a: Diancie\n|-damage|p1a: Diancie|0 fnt\n|-heal|p2a: Venusaur|46/100|[from] drain|[of] p1a: Diancie\n|faint|p1a: Diancie\n|detailschange|p1: Diancie|Diancie|[silent]\n|\n|upkeep\n|inactive|Cerberus 17 has 120 seconds left.\n|\n|t:|1771241599\n|switch|p1a: Excadrill|Excadrill, M|100/100\n|turn|6\n|inactive|Cerberus 17 has 120 seconds left.\n|\n|t:|1771241611\n|switch|p2a: Great Tusk|Great Tusk|100/100\n|move|p1a: Excadrill|Iron Head|p2a: Great Tusk\n|-damage|p2a: Great Tusk|55/100\n|-damage|p1a: Excadrill|84/100|[from] item: Rocky Helmet|[of] p2a: Great Tusk\n|\n|upkeep\n|turn|7\n|\n|t:|1771241614\n|switch|p1a: Sinistcha|Sinistcha-Masterpiece|100/100\n|move|p2a: Great Tusk|Ice Spinner|p1a: Sinistcha\n|-supereffective|p1a: Sinistcha\n|-damage|p1a: Sinistcha|57/100\n|\n|-heal|p1a: Sinistcha|63/100|[from] item: Leftovers\n|upkeep\n|turn|8\n|\n|t:|1771241619\n|-end|p2a: Great Tusk|Protosynthesis|[silent]\n|switch|p2a: Venusaur|Venusaur-Mega, F|46/100\n|move|p1a: Sinistcha|Strength Sap|p2a: Venusaur\n|-unboost|p2a: Venusaur|atk|1\n|-heal|p1a: Sinistcha|100/100\n|\n|upkeep\n|turn|9\n|\n|t:|1771241622\n|switch|p1a: Tyranitar|Tyranitar, F|100/100\n|-weather|Sandstorm|[from] ability: Sand Stream|[of] p1a: Tyranitar\n|move|p2a: Venusaur|Synthesis|p2a: Venusaur\n|-heal|p2a: Venusaur|71/100\n|\n|-weather|Sandstorm|[upkeep]\n|-damage|p2a: Venusaur|65/100|[from] Sandstorm\n|upkeep\n|turn|10\n|\n|t:|1771241630\n|move|p2a: Venusaur|Giga Drain|p1a: Tyranitar\n|-supereffective|p1a: Tyranitar\n|-damage|p1a: Tyranitar|59/100\n|-heal|p2a: Venusaur|88/100|[from] drain|[of] p1a: Tyranitar\n|move|p1a: Tyranitar|Stone Edge|p2a: Venusaur\n|-damage|p2a: Venusaur|42/100\n|\n|-weather|Sandstorm|[upkeep]\n|-damage|p2a: Venusaur|36/100|[from] Sandstorm\n|upkeep\n|turn|11\n|\n|t:|1771241641\n|switch|p1a: Kommo-o|Kommo-o, M|100/100\n|move|p2a: Venusaur|Giga Drain|p1a: Kommo-o\n|-resisted|p1a: Kommo-o\n|-damage|p1a: Kommo-o|78/100\n|-heal|p2a: Venusaur|45/100|[from] drain|[of] p1a: Kommo-o\n|\n|-weather|Sandstorm|[upkeep]\n|-damage|p1a: Kommo-o|72/100|[from] Sandstorm\n|-damage|p2a: Venusaur|39/100|[from] Sandstorm\n|upkeep\n|turn|12\n|\n|t:|1771241647\n|move|p1a: Kommo-o|Clanging Scales|p2a: Venusaur\n|-damage|p2a: Venusaur|0 fnt\n|faint|p2a: Venusaur\n|detailschange|p2: Venusaur|Venusaur, F|[silent]\n|-unboost|p1a: Kommo-o|def|1\n|\n|-weather|Sandstorm|[upkeep]\n|-damage|p1a: Kommo-o|66/100|[from] Sandstorm\n|upkeep\n|\n|t:|1771241653\n|switch|p2a: Great Tusk|Great Tusk|55/100\n|turn|13\n|\n|t:|1771241659\n|switch|p1a: Sinistcha|Sinistcha-Masterpiece|100/100\n|move|p2a: Great Tusk|Ice Spinner|p1a: Sinistcha\n|-supereffective|p1a: Sinistcha\n|-damage|p1a: Sinistcha|58/100\n|\n|-weather|Sandstorm|[upkeep]\n|-damage|p1a: Sinistcha|52/100|[from] Sandstorm\n|-heal|p1a: Sinistcha|58/100|[from] item: Leftovers\n|upkeep\n|turn|14\n|\n|t:|1771241669\n|-end|p2a: Great Tusk|Protosynthesis|[silent]\n|switch|p2a: Ting-Lu|Ting-Lu|31/100\n|-ability|p2a: Ting-Lu|Vessel of Ruin\n|move|p1a: Sinistcha|Matcha Gotcha|p2a: Ting-Lu\n|-supereffective|p2a: Ting-Lu\n|-damage|p2a: Ting-Lu|5/100\n|-heal|p1a: Sinistcha|78/100|[from] drain|[of] p2a: Ting-Lu\n|\n|-weather|Sandstorm|[upkeep]\n|-damage|p1a: Sinistcha|72/100|[from] Sandstorm\n|-heal|p1a: Sinistcha|78/100|[from] item: Leftovers\n|-heal|p2a: Ting-Lu|11/100|[from] item: Leftovers\n|upkeep\n|turn|15\n|\n|t:|1771241674\n|move|p1a: Sinistcha|Scald|p2a: Ting-Lu\n|-supereffective|p2a: Ting-Lu\n|-damage|p2a: Ting-Lu|0 fnt\n|faint|p2a: Ting-Lu\n|\n|-weather|Sandstorm|[upkeep]\n|-damage|p1a: Sinistcha|72/100|[from] Sandstorm\n|-heal|p1a: Sinistcha|78/100|[from] item: Leftovers\n|upkeep\n|\n|t:|1771241678\n|switch|p2a: Gholdengo|Gholdengo|100/100\n|-item|p2a: Gholdengo|Air Balloon\n|turn|16\n|\n|t:|1771241692\n|switch|p1a: Kommo-o|Kommo-o, M|66/100\n|move|p2a: Gholdengo|Thunder Wave|p1a: Kommo-o\n|-status|p1a: Kommo-o|par\n|\n|-weather|none\n|upkeep\n|turn|17\n|\n|t:|1771241697\n|move|p2a: Gholdengo|Hex|p1a: Kommo-o\n|-damage|p1a: Kommo-o|0 fnt\n|faint|p1a: Kommo-o\n|\n|upkeep\n|\n|t:|1771241704\n|switch|p1a: Kartana|Kartana|100/100\n|turn|18\n|\n|t:|1771241707\n|move|p1a: Kartana|Knock Off|p2a: Gholdengo\n|-supereffective|p2a: Gholdengo\n|-damage|p2a: Gholdengo|32/100\n|-enditem|p2a: Gholdengo|Air Balloon\n|move|p2a: Gholdengo|Thunder Wave|p1a: Kartana\n|-status|p1a: Kartana|par\n|\n|upkeep\n|turn|19\n|\n|t:|1771241712\n|move|p1a: Kartana|Knock Off|p2a: Gholdengo\n|-supereffective|p2a: Gholdengo\n|-damage|p2a: Gholdengo|0 fnt\n|faint|p2a: Gholdengo\n|-ability|p1a: Kartana|Beast Boost|boost\n|-boost|p1a: Kartana|atk|1\n|\n|upkeep\n|\n|t:|1771241717\n|switch|p2a: Greninja|Greninja, M|100/100\n|turn|20\n|\n|t:|1771241722\n|switch|p1a: Tyranitar|Tyranitar, F|59/100\n|-weather|Sandstorm|[from] ability: Sand Stream|[of] p1a: Tyranitar\n|move|p2a: Greninja|Ice Beam|p1a: Tyranitar\n|-damage|p1a: Tyranitar|45/100\n|\n|-weather|Sandstorm|[upkeep]\n|-damage|p2a: Greninja|95/100|[from] Sandstorm\n|upkeep\n|turn|21\n|j| Villain gligar\n|\n|t:|1771241740\n|-zpower|p2a: Greninja\n|move|p2a: Greninja|Hydro Vortex|p1a: Tyranitar|[zeffect]\n|-supereffective|p1a: Tyranitar\n|-damage|p1a: Tyranitar|0 fnt\n|faint|p1a: Tyranitar\n|-ability|p2a: Greninja|Battle Bond|boost\n|-boost|p2a: Greninja|atk|1\n|-boost|p2a: Greninja|spa|1\n|-boost|p2a: Greninja|spe|1\n|-activate|p2a: Greninja|ability: Battle Bond\n|\n|-weather|Sandstorm|[upkeep]\n|-damage|p2a: Greninja|89/100|[from] Sandstorm\n|upkeep\n|\n|t:|1771241745\n|switch|p1a: Excadrill|Excadrill, M|84/100\n|turn|22\n|\n|t:|1771241750\n|move|p2a: Greninja|Water Shuriken|p1a: Excadrill\n|-supereffective|p1a: Excadrill\n|-damage|p1a: Excadrill|59/100\n|-supereffective|p1a: Excadrill\n|-crit|p1a: Excadrill\n|-damage|p1a: Excadrill|19/100\n|-hitcount|p1a: Excadrill|2\n|move|p1a: Excadrill|Earthquake|p2a: Greninja\n|-damage|p2a: Greninja|0 fnt\n|faint|p2a: Greninja\n|\n|-weather|Sandstorm|[upkeep]\n|upkeep\n|\n|t:|1771241759\n|switch|p2a: Great Tusk|Great Tusk|55/100\n|turn|23\n|\n|t:|1771241762\n|move|p1a: Excadrill|Earthquake|p2a: Great Tusk\n|-damage|p2a: Great Tusk|0 fnt\n|faint|p2a: Great Tusk\n|-end|p2a: Great Tusk|Protosynthesis|[silent]\n|\n|-weather|Sandstorm|[upkeep]\n|upkeep\n|\n|t:|1771241764\n|switch|p2a: Dragonite|Dragonite, F|100/100\n|turn|24\n|\n|t:|1771241767\n|switch|p1a: Sinistcha|Sinistcha-Masterpiece|78/100\n|move|p2a: Dragonite|Extreme Speed|p1a: Sinistcha\n|-immune|p1a: Sinistcha\n|\n|-weather|Sandstorm|[upkeep]\n|-damage|p2a: Dragonite|94/100|[from] Sandstorm\n|-damage|p1a: Sinistcha|72/100|[from] Sandstorm\n|-heal|p1a: Sinistcha|78/100|[from] item: Leftovers\n|upkeep\n|turn|25\n|-message|darretyle forfeited.\n|\n|win|Cerberus 17\n|raw|Cerberus 17's rating: 1701 &rarr; <strong>1719</strong><br />(+18 for winning)\n|raw|darretyle's rating: 1662 &rarr; <strong>1644</strong><br />(-18 for losing)\n|l|☆Cerberus 17\n|player|p1|\n|l|☆darretyle\n|player|p2|\n|l| Villain gligar\n", "uploadtime": 1771241942, "views": 7, "formatid": "gen9nationaldex", "rating": 1644, "private": 0, "password": null}