{"id": "gen9nationaldex-2540207078", "format": "[Gen 9] National Dex", "players": ["Cerberus 17", "whiteeey_11x"], "log": "|j|☆Cerberus 17\n|j|☆whiteeey_11x\n|t:|1771175795\n|gametype|singles\n|player|p1|Cerberus 17|cynthia-gen4|1745\n|player|p2|whiteeey_11x|byron|1584\n|gen|9\n|tier|[Gen 9] National Dex\n|rated|\n|rule|HP Percentage Mod: HP is shown in percentages\n|rule|Endless Battle Clause: Forcing endless battles is banned\n|rule|Species Clause: Limit one of each Pokémon\n|rule|OHKO Clause: OHKO moves are banned\n|rule|Evasion Clause: Evasion abilities, items, and moves are banned\n|rule|Evasion Abilities Clause: Evasion abilities are banned\n|rule|Evasion Items Clause: Evasion items are banned\n|rule|Evasion Moves Clause: Evasion moves are banned\n|rule|Sleep Clause Mod: Limit one foe put to sleep\n|rule|Terastal Clause: You cannot Terastallize\n|clearpoke\n|poke|p1|Tyranitar, M|\n|poke|p1|Kartana|\n|poke|p1|Diancie|\n|poke|p1|Excadrill, F|\n|poke|p1|Sinistcha-Masterpiece|\n|poke|p1|Kommo-o, F|\n|poke|p2|Indeedee, M|\n|poke|p2|Pelipper, M|\n|poke|p2|Kingambit, M|\n|poke|p2|Gallade, M|\n|poke|p2|Excadrill, M|\n|poke|p2|Sinistcha|\n|teampreview\n|inactive|Battle timer is ON: inactive players will automatically lose when time's up. (requested by Cerberus 17)\n|inactive|whiteeey_11x has 120 seconds left.\n|inactive|whiteeey_11x has 90 seconds left.\n|\n|t:|1771175880\n|teamsize|p1|6\n|teamsize|p2|6\n|start\n|switch|p1a: Tyranitar|Tyranitar, M|100/100\n|switch|p2a: Mariaano|Pelipper, M|100/100\n|-weather|RainDance|[from] ability: Drizzle|[of] p2a: Mariaano\n|-weather|Sandstorm|[from] ability: Sand Stream|[of] p1a: Tyranitar\n|turn|1\n|j| Reyanek\n|\n|t:|1771175898\n|move|p2a: Mariaano|U-turn|p1a: Tyranitar\n|-supereffective|p1a: Tyranitar\n|-damage|p1a: Tyranitar|87/100\n|\n|t:|1771175903\n|switch|p2a: Ruffuss|Excadrill, M|100/100|[from] U-turn\n|-ability|p2a: Ruffuss|Mold Breaker\n|move|p1a: Tyranitar|Stone Edge|p2a: Ruffuss\n|-resisted|p2a: Ruffuss\n|-damage|p2a: Ruffuss|82/100\n|\n|-weather|Sandstorm|[upkeep]\n|upkeep\n|turn|2\n|\n|t:|1771175917\n|switch|p1a: Sinistcha|Sinistcha-Masterpiece|100/100\n|move|p2a: Ruffuss|Earthquake|p1a: Sinistcha\n|-resisted|p1a: Sinistcha\n|-damage|p1a: Sinistcha|81/100\n|\n|-weather|Sandstorm|[upkeep]\n|-damage|p1a: Sinistcha|75/100|[from] Sandstorm\n|-heal|p1a: Sinistcha|81/100|[from] item: Leftovers\n|upkeep\n|turn|3\n|\n|t:|1771175939\n|switch|p2a: Dadann|Indeedee, M|100/100\n|-fieldstart|move: Psychic Terrain|[from] ability: Psychic Surge|[of] p2a: Dadann\n|move|p1a: Sinistcha|Matcha Gotcha|p2a: Dadann\n|-damage|p2a: Dadann|64/100\n|-heal|p1a: Sinistcha|98/100|[from] drain|[of] p2a: Dadann\n|-status|p2a: Dadann|brn\n|\n|-weather|Sandstorm|[upkeep]\n|-damage|p2a: Dadann|58/100 brn|[from] Sandstorm\n|-damage|p1a: Sinistcha|92/100|[from] Sandstorm\n|-heal|p1a: Sinistcha|98/100|[from] item: Leftovers\n|-damage|p2a: Dadann|52/100 brn|[from] brn\n|upkeep\n|turn|4\n|inactive|whiteeey_11x has 120 seconds left.\n|\n|t:|1771175985\n|switch|p2a: Crissanto|Gallade, M|100/100\n|switch|p1a: Tyranitar|Tyranitar, M|87/100\n|\n|-weather|Sandstorm|[upkeep]\n|-damage|p2a: Crissanto|94/100|[from] Sandstorm\n|upkeep\n|turn|5\n|inactive|Cerberus 17 has 120 seconds left.\n|\n|t:|1771176017\n|switch|p1a: Diancie|Diancie|100/100\n|move|p2a: Crissanto|Night Slash|p1a: Diancie\n|-resisted|p1a: Diancie\n|-crit|p1a: Diancie\n|-damage|p1a: Diancie|71/100\n|\n|-weather|Sandstorm|[upkeep]\n|-damage|p2a: Crissanto|88/100|[from] Sandstorm\n|upkeep\n|turn|6\n|inactive|Cerberus 17 has 120 seconds left.\n|\n|t:|1771176028\n|switch|p2a: Ruffuss|Excadrill, M|82/100\n|-ability|p2a: Ruffuss|Mold Breaker\n|detailschange|p1a: Diancie|Diancie-Mega\n|-mega|p1a: Diancie|Diancie|Diancite\n|move|p1a: Diancie|Moonblast|p2a: Ruffuss\n|-resisted|p2a: Ruffuss\n|-damage|p2a: Ruffuss|64/100\n|\n|-weather|Sandstorm|[upkeep]\n|upkeep\n|turn|7\n|inactive|Cerberus 17 has 120 seconds left.\n|\n|t:|1771176043\n|switch|p1a: Sinistcha|Sinistcha-Masterpiece|98/100\n|move|p2a: Ruffuss|Iron Head|p1a: Sinistcha\n|-damage|p1a: Sinistcha|70/100\n|\n|-weather|Sandstorm|[upkeep]\n|-damage|p1a: Sinistcha|64/100|[from] Sandstorm\n|-heal|p1a: Sinistcha|70/100|[from] item: Leftovers\n|-fieldend|move: Psychic Terrain\n|upkeep\n|turn|8\n|inactive|Cerberus 17 has 120 seconds left.\n|\n|t:|1771176057\n|move|p2a: Ruffuss|Iron Head|p1a: Sinistcha\n|-damage|p1a: Sinistcha|43/100\n|move|p1a: Sinistcha|Matcha Gotcha|p2a: Ruffuss\n|-damage|p2a: Ruffuss|44/100\n|-heal|p1a: Sinistcha|54/100|[from] drain|[of] p2a: Ruffuss\n|-status|p2a: Ruffuss|brn\n|\n|-weather|none\n|-heal|p1a: Sinistcha|60/100|[from] item: Leftovers\n|-damage|p2a: Ruffuss|38/100 brn|[from] brn\n|upkeep\n|turn|9\n|\n|t:|1771176072\n|switch|p2a: Teanina|Sinistcha|100/100\n|move|p1a: Sinistcha|Strength Sap|p2a: Teanina\n|-unboost|p2a: Teanina|atk|1\n|-heal|p1a: Sinistcha|93/100\n|\n|-heal|p1a: Sinistcha|99/100|[from] item: Leftovers\n|upkeep\n|turn|10\n|\n|t:|1771176080\n|switch|p1a: Kommo-o|Kommo-o, F|100/100\n|move|p2a: Teanina|Calm Mind|p2a: Teanina\n|-boost|p2a: Teanina|spa|1\n|-boost|p2a: Teanina|spd|1\n|\n|upkeep\n|turn|11\n|\n|t:|1771176099\n|switch|p1a: Tyranitar|Tyranitar, M|87/100\n|-weather|Sandstorm|[from] ability: Sand Stream|[of] p1a: Tyranitar\n|move|p2a: Teanina|Strength Sap|p1a: Tyranitar\n|-unboost|p1a: Tyranitar|atk|1\n|\n|-weather|Sandstorm|[upkeep]\n|-damage|p2a: Teanina|94/100|[from] Sandstorm\n|-heal|p2a: Teanina|100/100|[from] item: Leftovers\n|upkeep\n|turn|12\n|\n|t:|1771176110\n|move|p2a: Teanina|Calm Mind|p2a: Teanina\n|-boost|p2a: Teanina|spa|1\n|-boost|p2a: Teanina|spd|1\n|move|p1a: Tyranitar|Knock Off|p2a: Teanina\n|-supereffective|p2a: Teanina\n|-damage|p2a: Teanina|40/100\n|-enditem|p2a: Teanina|Leftovers|[from] move: Knock Off|[of] p1a: Tyranitar\n|\n|-weather|Sandstorm|[upkeep]\n|-damage|p2a: Teanina|34/100|[from] Sandstorm\n|upkeep\n|turn|13\n|\n|t:|1771176118\n|switch|p1a: Diancie|Diancie-Mega|71/100\n|move|p2a: Teanina|Strength Sap|p1a: Diancie\n|move|p1a: Diancie|Strength Sap|p2a: Teanina|[from] ability: Magic Bounce\n|-unboost|p2a: Teanina|atk|1\n|-heal|p1a: Diancie|100/100\n|\n|-weather|Sandstorm|[upkeep]\n|-damage|p2a: Teanina|28/100|[from] Sandstorm\n|upkeep\n|turn|14\n|\n|t:|1771176128\n|move|p1a: Diancie|Diamond Storm|p2a: Teanina\n|-damage|p2a: Teanina|0 fnt\n|-boost|p1a: Diancie|def|2\n|faint|p2a: Teanina\n|\n|-weather|Sandstorm|[upkeep]\n|upkeep\n|\n|t:|1771176142\n|switch|p2a: Ruffuss|Excadrill, M|38/100 brn\n|-ability|p2a: Ruffuss|Mold Breaker\n|turn|15\n|\n|t:|1771176165\n|switch|p1a: Sinistcha|Sinistcha-Masterpiece|99/100\n|move|p2a: Ruffuss|Iron Head|p1a: Sinistcha\n|-damage|p1a: Sinistcha|84/100\n|\n|-weather|Sandstorm|[upkeep]\n|-damage|p1a: Sinistcha|78/100|[from] Sandstorm\n|-heal|p1a: Sinistcha|84/100|[from] item: Leftovers\n|-damage|p2a: Ruffuss|32/100 brn|[from] brn\n|upkeep\n|turn|16\n|inactive|whiteeey_11x has 120 seconds left.\n|\n|t:|1771176184\n|move|p2a: Ruffuss|Iron Head|p1a: Sinistcha\n|-damage|p1a: Sinistcha|70/100\n|move|p1a: Sinistcha|Calm Mind|p1a: Sinistcha\n|-boost|p1a: Sinistcha|spa|1\n|-boost|p1a: Sinistcha|spd|1\n|\n|-weather|Sandstorm|[upkeep]\n|-damage|p1a: Sinistcha|64/100|[from] Sandstorm\n|-heal|p1a: Sinistcha|70/100|[from] item: Leftovers\n|-damage|p2a: Ruffuss|26/100 brn|[from] brn\n|upkeep\n|turn|17\n|\n|t:|1771176194\n|switch|p2a: Noaa|Kingambit, M|100/100\n|-activate|p2a: Noaa|ability: Supreme Overlord\n|-start|p2a: Noaa|fallen1|[silent]\n|move|p1a: Sinistcha|Strength Sap|p2a: Noaa\n|-unboost|p2a: Noaa|atk|1\n|-heal|p1a: Sinistcha|100/100\n|\n|-weather|Sandstorm|[upkeep]\n|-damage|p1a: Sinistcha|94/100|[from] Sandstorm\n|-heal|p1a: Sinistcha|100/100|[from] item: Leftovers\n|upkeep\n|turn|18\n|inactive|whiteeey_11x has 120 seconds left.\n|\n|t:|1771176205\n|move|p1a: Sinistcha|Scald|p2a: Noaa\n|-damage|p2a: Noaa|67/100\n|-status|p2a: Noaa|brn\n|move|p2a: Noaa|Swords Dance|p2a: Noaa\n|-boost|p2a: Noaa|atk|2\n|\n|-weather|none\n|-damage|p2a: Noaa|61/100 brn|[from] brn\n|upkeep\n|turn|19\n|inactive|whiteeey_11x has 120 seconds left.\n|-message|whiteeey_11x forfeited.\n|\n|win|Cerberus 17\n|raw|Cerberus 17's rating: 1745 &rarr; <strong>1756</strong><br />(+11 for winning)\n|raw|whiteeey_11x's rating: 1584 &rarr; <strong>1573</strong><br />(-11 for losing)\n|l|☆whiteeey_11x\n|player|p2|\n|l|☆Cerberus 17\n|player|p1|\n|l| Reyanek\n", "uploadtime": 1771176454, "views": 5, "formatid": "gen9nationaldex", "rating": 1573, "private": 0, "password": null}