{"id": "gen9nationaldex-2540775711", "format": "[Gen 9] National Dex", "players": ["e6e", "cladfvv"], "log": "|j|☆e6e\n|j|‽cladfvv\n|t:|1771252669\n|gametype|singles\n|player|p1|e6e|mallow|1689\n|player|p2|cladfvv|1|1701\n|gen|9\n|tier|[Gen 9] National Dex\n|rated|\n|rule|HP Percentage Mod: HP is shown in percentages\n|rule|Endless Battle Clause: Forcing endless battles is banned\n|rule|Species Clause: Limit one of each Pokémon\n|rule|OHKO Clause: OHKO moves are banned\n|rule|Evasion Clause: Evasion abilities, items, and moves are banned\n|rule|Evasion Abilities Clause: Evasion abilities are banned\n|rule|Evasion Items Clause: Evasion items are banned\n|rule|Evasion Moves Clause: Evasion moves are banned\n|rule|Sleep Clause Mod: Limit one foe put to sleep\n|rule|Terastal Clause: You cannot Terastallize\n|clearpoke\n|poke|p1|Mawile, M|\n|poke|p1|Indeedee, M|\n|poke|p1|Hatterene, F|\n|poke|p1|Iron Hands|\n|poke|p1|Hoopa-Unbound|\n|poke|p1|Mimikyu, F|\n|poke|p2|Landorus-Therian, M|\n|poke|p2|Tapu Lele|\n|poke|p2|Slowbro, M|\n|poke|p2|Samurott-Hisui, M|\n|poke|p2|Kyurem|\n|poke|p2|Gholdengo|\n|teampreview\n|\n|t:|1771252676\n|teamsize|p1|6\n|teamsize|p2|6\n|start\n|switch|p1a: G.O.A.T|Iron Hands, shiny|100/100\n|switch|p2a: Samurott|Samurott-Hisui, M|100/100\n|turn|1\n|\n|t:|1771252683\n|switch|p2a: Slowbro|Slowbro, M|100/100\n|move|p1a: G.O.A.T|Ice Punch|p2a: Slowbro\n|-resisted|p2a: Slowbro\n|-damage|p2a: Slowbro|92/100\n|-damage|p1a: G.O.A.T|84/100|[from] item: Rocky Helmet|[of] p2a: Slowbro\n|\n|upkeep\n|turn|2\n|\n|t:|1771252690\n|-end|p1a: G.O.A.T|Quark Drive|[silent]\n|switch|p1a: Kaneki|Indeedee, M|100/100\n|-fieldstart|move: Psychic Terrain|[from] ability: Psychic Surge|[of] p1a: Kaneki\n|switch|p2a: Landorus|Landorus-Therian, M|100/100\n|-ability|p2a: Landorus|Intimidate|boost\n|-unboost|p1a: Kaneki|atk|1\n|\n|upkeep\n|turn|3\n|\n|t:|1771252696\n|switch|p1a: Rize|Hatterene, F, shiny|100/100\n|move|p2a: Landorus|Earthquake|p1a: Rize\n|-damage|p1a: Rize|38/100\n|\n|upkeep\n|turn|4\n|\n|t:|1771252701\n|move|p2a: Landorus|Earthquake|p1a: Rize\n|-damage|p1a: Rize|0 fnt\n|faint|p1a: Rize\n|\n|upkeep\n|\n|t:|1771252708\n|switch|p1a: Netanyahu|Hoopa-Unbound|100/100\n|-enditem|p1a: Netanyahu|Psychic Seed\n|-boost|p1a: Netanyahu|spd|1|[from] item: Psychic Seed\n|turn|5\n|\n|t:|1771252713\n|move|p2a: Landorus|Earthquake|p1a: Netanyahu\n|-damage|p1a: Netanyahu|31/100\n|move|p1a: Netanyahu|Trick Room|p1a: Netanyahu\n|-fieldstart|move: Trick Room|[of] p1a: Netanyahu\n|\n|upkeep\n|turn|6\n|\n|t:|1771252718\n|move|p1a: Netanyahu|Expanding Force|p2a: Landorus\n|-enditem|p2a: Landorus|Focus Sash\n|-damage|p2a: Landorus|1/100\n|move|p2a: Landorus|Stealth Rock|p1a: Netanyahu\n|-sidestart|p1: e6e|move: Stealth Rock\n|\n|upkeep\n|turn|7\n|\n|t:|1771252724\n|move|p1a: Netanyahu|Hyperspace Fury|p2a: Landorus\n|-damage|p2a: Landorus|0 fnt\n|-unboost|p1a: Netanyahu|def|1\n|faint|p2a: Landorus\n|\n|upkeep\n|\n|t:|1771252743\n|switch|p2a: Samurott|Samurott-Hisui, M|100/100\n|turn|8\n|\n|t:|1771252749\n|move|p1a: Netanyahu|Focus Blast|p2a: Samurott|[miss]\n|-miss|p1a: Netanyahu|p2a: Samurott\n|move|p2a: Samurott|Ceaseless Edge|p1a: Netanyahu\n|-damage|p1a: Netanyahu|0 fnt\n|-sidestart|p1: e6e|Spikes\n|faint|p1a: Netanyahu\n|\n|upkeep\n|\n|t:|1771252755\n|switch|p1a: Maiden Knight|Mawile, M, shiny|100/100\n|-damage|p1a: Maiden Knight|94/100|[from] Stealth Rock\n|-damage|p1a: Maiden Knight|82/100|[from] Spikes\n|-ability|p1a: Maiden Knight|Intimidate|boost\n|-unboost|p2a: Samurott|atk|1\n|turn|9\n|\n|t:|1771252763\n|switch|p2a: Slowbro|Slowbro, M|100/100\n|detailschange|p1a: Maiden Knight|Mawile-Mega, M, shiny\n|-mega|p1a: Maiden Knight|Mawile|Mawilite\n|move|p1a: Maiden Knight|Knock Off|p2a: Slowbro\n|-supereffective|p2a: Slowbro\n|-damage|p2a: Slowbro|22/100\n|-damage|p1a: Maiden Knight|66/100|[from] item: Rocky Helmet|[of] p2a: Slowbro\n|-enditem|p2a: Slowbro|Rocky Helmet|[from] move: Knock Off|[of] p1a: Maiden Knight\n|\n|-fieldend|move: Trick Room\n|-fieldend|move: Psychic Terrain\n|upkeep\n|turn|10\n|\n|t:|1771252769\n|move|p2a: Slowbro|Flamethrower|p1a: Maiden Knight\n|-supereffective|p1a: Maiden Knight\n|-damage|p1a: Maiden Knight|10/100\n|-status|p1a: Maiden Knight|brn\n|move|p1a: Maiden Knight|Knock Off|p2a: Slowbro\n|-supereffective|p2a: Slowbro\n|-damage|p2a: Slowbro|0 fnt\n|faint|p2a: Slowbro\n|\n|-damage|p1a: Maiden Knight|4/100 brn|[from] brn\n|upkeep\n|\n|t:|1771252776\n|switch|p2a: Samurott|Samurott-Hisui, M|100/100\n|turn|11\n|\n|t:|1771252780\n|move|p2a: Samurott|Ceaseless Edge|p1a: Maiden Knight\n|-resisted|p1a: Maiden Knight\n|-crit|p1a: Maiden Knight\n|-damage|p1a: Maiden Knight|0 fnt\n|-sidestart|p1: e6e|Spikes\n|faint|p1a: Maiden Knight\n|detailschange|p1: Maiden Knight|Mawile, M, shiny|[silent]\n|\n|upkeep\n|\n|t:|1771252785\n|switch|p1a: Mimi|Mimikyu, F, shiny|100/100\n|-damage|p1a: Mimi|88/100|[from] Stealth Rock\n|-damage|p1a: Mimi|72/100|[from] Spikes\n|turn|12\n|\n|t:|1771252790\n|move|p2a: Samurott|Ceaseless Edge|p1a: Mimi\n|-activate|p1a: Mimi|ability: Disguise\n|-damage|p1a: Mimi|72/100\n|-sidestart|p1: e6e|Spikes\n|detailschange|p1a: Mimi|Mimikyu-Busted, F, shiny\n|-damage|p1a: Mimi|59/100|[from] pokemon: Mimikyu-Busted\n|-enditem|p1a: Mimi|Red Card|[of] p2a: Samurott\n|drag|p2a: Kyurem|Kyurem|100/100\n|-ability|p2a: Kyurem|Pressure\n|move|p1a: Mimi|Trick Room|p1a: Mimi\n|-fieldstart|move: Trick Room|[of] p1a: Mimi\n|\n|upkeep\n|turn|13\n|\n|t:|1771252803\n|switch|p2a: Gholdengo|Gholdengo|100/100\n|move|p1a: Mimi|Destiny Bond|p1a: Mimi\n|-singlemove|p1a: Mimi|Destiny Bond\n|\n|upkeep\n|turn|14\n|\n|t:|1771252810\n|switch|p1a: G.O.A.T|Iron Hands, shiny|84/100\n|-damage|p1a: G.O.A.T|78/100|[from] Stealth Rock\n|-damage|p1a: G.O.A.T|53/100|[from] Spikes\n|move|p2a: Gholdengo|Hex|p1a: G.O.A.T\n|-damage|p1a: G.O.A.T|39/100\n|\n|upkeep\n|turn|15\n|\n|t:|1771252818\n|move|p1a: G.O.A.T|Supercell Slam|p2a: Gholdengo\n|-damage|p2a: Gholdengo|57/100\n|move|p2a: Gholdengo|Hex|p1a: G.O.A.T\n|-damage|p1a: G.O.A.T|24/100\n|\n|-heal|p2a: Gholdengo|63/100|[from] item: Leftovers\n|upkeep\n|turn|16\n|\n|t:|1771252824\n|move|p1a: G.O.A.T|Supercell Slam|p2a: Gholdengo\n|-damage|p2a: Gholdengo|18/100\n|move|p2a: Gholdengo|Recover|p2a: Gholdengo\n|-heal|p2a: Gholdengo|68/100\n|\n|-heal|p2a: Gholdengo|74/100|[from] item: Leftovers\n|-fieldend|move: Trick Room\n|upkeep\n|turn|17\n|\n|t:|1771252829\n|move|p2a: Gholdengo|Hex|p1a: G.O.A.T\n|-damage|p1a: G.O.A.T|10/100\n|move|p1a: G.O.A.T|Supercell Slam|p2a: Gholdengo\n|-damage|p2a: Gholdengo|34/100\n|\n|-heal|p2a: Gholdengo|40/100|[from] item: Leftovers\n|upkeep\n|turn|18\n|\n|t:|1771252834\n|move|p2a: Gholdengo|Recover|p2a: Gholdengo\n|-heal|p2a: Gholdengo|90/100\n|move|p1a: G.O.A.T|Supercell Slam|p2a: Gholdengo|[miss]\n|-miss|p1a: G.O.A.T|p2a: Gholdengo\n|-damage|p1a: G.O.A.T|0 fnt|[from] supercellslam\n|faint|p1a: G.O.A.T\n|-end|p1a: G.O.A.T|Quark Drive|[silent]\n|\n|-heal|p2a: Gholdengo|97/100|[from] item: Leftovers\n|upkeep\n|\n|t:|1771252841\n|switch|p1a: Mimi|Mimikyu-Busted, F, shiny|59/100\n|-damage|p1a: Mimi|47/100|[from] Stealth Rock\n|-damage|p1a: Mimi|22/100|[from] Spikes\n|turn|19\n|\n|t:|1771252847\n|move|p1a: Mimi|Destiny Bond|p1a: Mimi\n|-singlemove|p1a: Mimi|Destiny Bond\n|move|p2a: Gholdengo|Hex|p1a: Mimi\n|-supereffective|p1a: Mimi\n|-damage|p1a: Mimi|0 fnt\n|faint|p1a: Mimi\n|-activate|p1a: Mimi|move: Destiny Bond\n|faint|p2a: Gholdengo\n|\n|upkeep\n|\n|t:|1771252851\n|switch|p1a: Kaneki|Indeedee, M|100/100\n|switch|p2a: Samurott|Samurott-Hisui, M|100/100\n|-damage|p1a: Kaneki|88/100|[from] Stealth Rock\n|-damage|p1a: Kaneki|63/100|[from] Spikes\n|-fieldstart|move: Psychic Terrain|[from] ability: Psychic Surge|[of] p1a: Kaneki\n|turn|20\n|\n|t:|1771252855\n|move|p2a: Samurott|Knock Off|p1a: Kaneki\n|-supereffective|p1a: Kaneki\n|-damage|p1a: Kaneki|0 fnt\n|-enditem|p1a: Kaneki|Terrain Extender|[from] move: Knock Off|[of] p2a: Samurott\n|faint|p1a: Kaneki\n|\n|win|cladfvv\n|raw|e6e's rating: 1689 &rarr; <strong>1670</strong><br />(-19 for losing)\n|raw|cladfvv's rating: 1701 &rarr; <strong>1720</strong><br />(+19 for winning)\n|l|☆e6e\n|player|p1|\n|l|‽cladfvv\n|player|p2|\n", "uploadtime": 1771252987, "views": 6, "formatid": "gen9nationaldex", "rating": 1670, "private": 0, "password": null}