{"id": "gen9nationaldex-2540813052", "format": "[Gen 9] National Dex", "players": ["The Dark Main", "G6Gambit"], "log": "|j|☆The Dark Main\n|j|☆G6Gambit\n|t:|1771256684\n|gametype|singles\n|player|p1|The Dark Main|grimsley|1548\n|player|p2|G6Gambit|miku-ghost|1551\n|gen|9\n|tier|[Gen 9] National Dex\n|rated|\n|rule|HP Percentage Mod: HP is shown in percentages\n|rule|Endless Battle Clause: Forcing endless battles is banned\n|rule|Species Clause: Limit one of each Pokémon\n|rule|OHKO Clause: OHKO moves are banned\n|rule|Evasion Clause: Evasion abilities, items, and moves are banned\n|rule|Evasion Abilities Clause: Evasion abilities are banned\n|rule|Evasion Items Clause: Evasion items are banned\n|rule|Evasion Moves Clause: Evasion moves are banned\n|rule|Sleep Clause Mod: Limit one foe put to sleep\n|rule|Terastal Clause: You cannot Terastallize\n|clearpoke\n|poke|p1|Xurkitree|\n|poke|p1|Kartana|\n|poke|p1|Landorus-Therian, M|\n|poke|p1|Blissey, F|\n|poke|p1|Greninja-*, M|\n|poke|p1|Charizard, M|\n|poke|p2|Landorus-Therian, M|\n|poke|p2|Zamazenta-*|\n|poke|p2|Scizor, F|\n|poke|p2|Raging Bolt|\n|poke|p2|Moltres|\n|poke|p2|Alomomola, M|\n|teampreview\n|inactive|Battle timer is ON: inactive players will automatically lose when time's up. (requested by G6Gambit)\n|\n|t:|1771256715\n|teamsize|p1|6\n|teamsize|p2|6\n|start\n|switch|p1a: Charizard|Charizard, M|100/100\n|switch|p2a: Landorus|Landorus-Therian, M|100/100\n|-ability|p2a: Landorus|Intimidate|boost\n|-unboost|p1a: Charizard|atk|1\n|turn|1\n|\n|t:|1771256720\n|switch|p1a: Landorus|Landorus-Therian, M|100/100\n|-ability|p1a: Landorus|Intimidate|boost\n|-unboost|p2a: Landorus|atk|1\n|move|p2a: Landorus|Stone Edge|p1a: Landorus\n|-damage|p1a: Landorus|74/100\n|\n|-heal|p1a: Landorus|80/100|[from] item: Leftovers\n|upkeep\n|turn|2\n|\n|t:|1771256736\n|switch|p2a: Scizor|Scizor, F|100/100\n|move|p1a: Landorus|Knock Off|p2a: Scizor\n|-damage|p2a: Scizor|82/100\n|\n|-heal|p1a: Landorus|86/100|[from] item: Leftovers\n|upkeep\n|turn|3\n|\n|t:|1771256744\n|detailschange|p2a: Scizor|Scizor-Mega, F\n|-mega|p2a: Scizor|Scizor|Scizorite\n|move|p1a: Landorus|Earthquake|p2a: Scizor\n|-damage|p2a: Scizor|47/100\n|move|p2a: Scizor|Knock Off|p1a: Landorus\n|-damage|p1a: Landorus|54/100\n|-enditem|p1a: Landorus|Leftovers|[from] move: Knock Off|[of] p2a: Scizor\n|\n|upkeep\n|turn|4\n|\n|t:|1771256755\n|move|p1a: Landorus|U-turn|p2a: Scizor\n|-resisted|p2a: Scizor\n|-damage|p2a: Scizor|40/100\n|\n|t:|1771256756\n|switch|p1a: Charizard|Charizard, M|100/100|[from] U-turn\n|move|p2a: Scizor|Roost|p2a: Scizor\n|-heal|p2a: Scizor|90/100\n|-singleturn|p2a: Scizor|move: Roost\n|\n|upkeep\n|turn|5\n|\n|t:|1771256762\n|switch|p2a: Raging Bolt|Raging Bolt|100/100\n|detailschange|p1a: Charizard|Charizard-Mega-Y, M\n|-mega|p1a: Charizard|Charizard|Charizardite Y\n|-weather|SunnyDay|[from] ability: Drought|[of] p1a: Charizard\n|-activate|p2a: Raging Bolt|ability: Protosynthesis\n|-start|p2a: Raging Bolt|protosynthesisspa\n|move|p1a: Charizard|Weather Ball|p2a: Raging Bolt\n|-resisted|p2a: Raging Bolt\n|-damage|p2a: Raging Bolt|57/100\n|\n|-weather|SunnyDay|[upkeep]\n|upkeep\n|turn|6\n|\n|t:|1771256774\n|move|p1a: Charizard|Scorching Sands|p2a: Raging Bolt\n|-supereffective|p2a: Raging Bolt\n|-damage|p2a: Raging Bolt|3/100\n|-status|p2a: Raging Bolt|brn\n|-zpower|p2a: Raging Bolt\n|move|p2a: Raging Bolt|Devastating Drake|p1a: Charizard|[zeffect]\n|-damage|p1a: Charizard|0 fnt\n|faint|p1a: Charizard\n|detailschange|p1: Charizard|Charizard, M|[silent]\n|\n|-weather|SunnyDay|[upkeep]\n|-damage|p2a: Raging Bolt|0 fnt|[from] brn\n|faint|p2a: Raging Bolt\n|-end|p2a: Raging Bolt|Protosynthesis|[silent]\n|upkeep\n|\n|t:|1771256797\n|switch|p1a: Kartana|Kartana|100/100\n|switch|p2a: Zamazenta|Zamazenta|100/100\n|-ability|p2a: Zamazenta|Dauntless Shield|boost\n|-boost|p2a: Zamazenta|def|1\n|turn|7\n|\n|t:|1771256802\n|move|p1a: Kartana|Solar Blade||[still]\n|-prepare|p1a: Kartana|Solar Blade\n|-anim|p1a: Kartana|Solar Blade|p2a: Zamazenta\n|-damage|p2a: Zamazenta|44/100\n|move|p2a: Zamazenta|Iron Defense|p2a: Zamazenta\n|-boost|p2a: Zamazenta|def|2\n|\n|-weather|SunnyDay|[upkeep]\n|-heal|p2a: Zamazenta|50/100|[from] item: Leftovers\n|upkeep\n|turn|8\n|\n|t:|1771256809\n|move|p1a: Kartana|Solar Blade||[still]\n|-prepare|p1a: Kartana|Solar Blade\n|-anim|p1a: Kartana|Solar Blade|p2a: Zamazenta\n|-damage|p2a: Zamazenta|18/100\n|move|p2a: Zamazenta|Body Press|p1a: Kartana\n|-supereffective|p1a: Kartana\n|-damage|p1a: Kartana|0 fnt\n|faint|p1a: Kartana\n|\n|-weather|SunnyDay|[upkeep]\n|-heal|p2a: Zamazenta|24/100|[from] item: Leftovers\n|upkeep\n|\n|t:|1771256819\n|switch|p1a: Landorus|Landorus-Therian, M|54/100\n|-ability|p1a: Landorus|Intimidate|boost\n|-unboost|p2a: Zamazenta|atk|1\n|turn|9\n|\n|t:|1771256825\n|move|p2a: Zamazenta|Body Press|p1a: Landorus\n|-resisted|p1a: Landorus\n|-damage|p1a: Landorus|11/100\n|move|p1a: Landorus|U-turn|p2a: Zamazenta\n|-resisted|p2a: Zamazenta\n|-damage|p2a: Zamazenta|19/100\n|\n|t:|1771256828\n|switch|p1a: Greninja|Greninja, M|100/100|[from] U-turn\n|\n|-weather|none\n|-heal|p2a: Zamazenta|25/100|[from] item: Leftovers\n|upkeep\n|turn|10\n|\n|t:|1771256835\n|move|p1a: Greninja|Water Shuriken|p2a: Zamazenta\n|-damage|p2a: Zamazenta|18/100\n|-damage|p2a: Zamazenta|12/100\n|-damage|p2a: Zamazenta|5/100\n|-damage|p2a: Zamazenta|0 fnt\n|faint|p2a: Zamazenta\n|-ability|p1a: Greninja|Battle Bond|boost\n|-boost|p1a: Greninja|atk|1\n|-boost|p1a: Greninja|spa|1\n|-boost|p1a: Greninja|spe|1\n|-activate|p1a: Greninja|ability: Battle Bond\n|-hitcount|p2: Zamazenta|4\n|\n|upkeep\n|\n|t:|1771256856\n|switch|p2a: Alomomola|Alomomola, M|100/100\n|turn|11\n|\n|t:|1771256859\n|move|p1a: Greninja|Dark Pulse|p2a: Alomomola\n|-damage|p2a: Alomomola|61/100\n|move|p2a: Alomomola|Toxic|p1a: Greninja|[miss]\n|-miss|p2a: Alomomola|p1a: Greninja\n|\n|upkeep\n|turn|12\n|c|☆G6Gambit|luckiest man alive\n|\n|t:|1771256876\n|move|p1a: Greninja|Dark Pulse|p2a: Alomomola\n|-damage|p2a: Alomomola|20/100\n|move|p2a: Alomomola|Wish|p2a: Alomomola\n|\n|upkeep\n|turn|13\n|\n|t:|1771256882\n|move|p2a: Alomomola|Protect|p2a: Alomomola\n|-singleturn|p2a: Alomomola|Protect\n|move|p1a: Greninja|Dark Pulse|p2a: Alomomola\n|-activate|p2a: Alomomola|move: Protect\n|\n|-heal|p2a: Alomomola|70/100|[from] move: Wish|[wisher] Alomomola\n|upkeep\n|turn|14\n|\n|t:|1771256886\n|move|p1a: Greninja|Dark Pulse|p2a: Alomomola\n|-damage|p2a: Alomomola|28/100\n|move|p2a: Alomomola|Wish|p2a: Alomomola\n|\n|upkeep\n|turn|15\n|\n|t:|1771256890\n|move|p2a: Alomomola|Protect|p2a: Alomomola\n|-singleturn|p2a: Alomomola|Protect\n|move|p1a: Greninja|Dark Pulse|p2a: Alomomola\n|-activate|p2a: Alomomola|move: Protect\n|\n|-heal|p2a: Alomomola|78/100|[from] move: Wish|[wisher] Alomomola\n|upkeep\n|turn|16\n|\n|t:|1771256896\n|move|p1a: Greninja|Dark Pulse|p2a: Alomomola\n|-damage|p2a: Alomomola|38/100\n|move|p2a: Alomomola|Wish|p2a: Alomomola\n|\n|upkeep\n|turn|17\n|\n|t:|1771256901\n|move|p2a: Alomomola|Protect|p2a: Alomomola\n|-singleturn|p2a: Alomomola|Protect\n|move|p1a: Greninja|Dark Pulse|p2a: Alomomola\n|-activate|p2a: Alomomola|move: Protect\n|\n|-heal|p2a: Alomomola|88/100|[from] move: Wish|[wisher] Alomomola\n|upkeep\n|turn|18\n|\n|t:|1771256909\n|move|p1a: Greninja|Dark Pulse|p2a: Alomomola\n|-damage|p2a: Alomomola|48/100\n|move|p2a: Alomomola|Wish|p2a: Alomomola\n|\n|upkeep\n|turn|19\n|\n|t:|1771256913\n|move|p1a: Greninja|Dark Pulse|p2a: Alomomola\n|-damage|p2a: Alomomola|8/100\n|move|p2a: Alomomola|Toxic|p1a: Greninja\n|-status|p1a: Greninja|tox\n|\n|-heal|p2a: Alomomola|58/100|[from] move: Wish|[wisher] Alomomola\n|-damage|p1a: Greninja|95/100 tox|[from] psn\n|upkeep\n|turn|20\n|\n|t:|1771256923\n|move|p2a: Alomomola|Protect|p2a: Alomomola\n|-singleturn|p2a: Alomomola|Protect\n|move|p1a: Greninja|Dark Pulse|p2a: Alomomola\n|-activate|p2a: Alomomola|move: Protect\n|\n|-damage|p1a: Greninja|83/100 tox|[from] psn\n|upkeep\n|turn|21\n|\n|t:|1771256931\n|switch|p2a: Scizor|Scizor-Mega, F|90/100\n|move|p1a: Greninja|Dark Pulse|p2a: Scizor\n|-damage|p2a: Scizor|47/100\n|\n|-damage|p1a: Greninja|65/100 tox|[from] psn\n|upkeep\n|turn|22\n|\n|t:|1771256940\n|switch|p1a: Blissey|Blissey, F|100/100\n|move|p2a: Scizor|Swords Dance|p2a: Scizor\n|-boost|p2a: Scizor|atk|2\n|\n|upkeep\n|turn|23\n|\n|t:|1771256945\n|move|p2a: Scizor|Knock Off|p1a: Blissey\n|-damage|p1a: Blissey|48/100\n|-enditem|p1a: Blissey|Heavy-Duty Boots|[from] move: Knock Off|[of] p2a: Scizor\n|move|p1a: Blissey|Seismic Toss|p2a: Scizor\n|-damage|p2a: Scizor|17/100\n|\n|upkeep\n|turn|24\n|\n|t:|1771256951\n|move|p2a: Scizor|Roost|p2a: Scizor\n|-heal|p2a: Scizor|68/100\n|-singleturn|p2a: Scizor|move: Roost\n|move|p1a: Blissey|Stealth Rock|p2a: Scizor\n|-sidestart|p2: G6Gambit|move: Stealth Rock\n|\n|upkeep\n|turn|25\n|\n|t:|1771256955\n|move|p2a: Scizor|Roost|p2a: Scizor\n|-heal|p2a: Scizor|100/100\n|-singleturn|p2a: Scizor|move: Roost\n|move|p1a: Blissey|Seismic Toss|p2a: Scizor\n|-damage|p2a: Scizor|71/100\n|\n|upkeep\n|turn|26\n|\n|t:|1771256957\n|move|p2a: Scizor|Swords Dance|p2a: Scizor\n|-boost|p2a: Scizor|atk|2\n|move|p1a: Blissey|Seismic Toss|p2a: Scizor\n|-damage|p2a: Scizor|42/100\n|\n|upkeep\n|turn|27\n|\n|t:|1771256965\n|move|p2a: Scizor|Roost|p2a: Scizor\n|-heal|p2a: Scizor|92/100\n|-singleturn|p2a: Scizor|move: Roost\n|move|p1a: Blissey|Seismic Toss|p2a: Scizor\n|-damage|p2a: Scizor|63/100\n|\n|upkeep\n|turn|28\n|\n|t:|1771256970\n|move|p2a: Scizor|Swords Dance|p2a: Scizor\n|-boost|p2a: Scizor|atk|2\n|move|p1a: Blissey|Teleport|p1a: Blissey\n|\n|t:|1771256971\n|switch|p1a: Xurkitree|Xurkitree|100/100|[from] Teleport\n|\n|upkeep\n|turn|29\n|\n|t:|1771256984\n|move|p2a: Scizor|Bullet Punch|p1a: Xurkitree\n|-resisted|p1a: Xurkitree\n|-damage|p1a: Xurkitree|18/100\n|-zpower|p1a: Xurkitree\n|move|p1a: Xurkitree|Z-Hypnosis|p2a: Scizor|[anim]Hypnosis|[miss]\n|-boost|p1a: Xurkitree|spe|1|[zeffect]\n|-miss|p1a: Xurkitree|p2a: Scizor\n|\n|upkeep\n|turn|30\n|-message|The Dark Main forfeited.\n|\n|win|G6Gambit\n|raw|The Dark Main's rating: 1548 &rarr; <strong>1528</strong><br />(-20 for losing)\n|raw|G6Gambit's rating: 1551 &rarr; <strong>1571</strong><br />(+20 for winning)\n|l|☆The Dark Main\n|player|p1|\n|l|☆G6Gambit\n|player|p2|\n", "uploadtime": 1771257247, "views": 4, "formatid": "gen9nationaldex", "rating": 1528, "private": 0, "password": null}