{"id": "gen9nationaldex-2540357645", "format": "[Gen 9] National Dex", "players": ["BlanketEnthusiast", "kev64"], "log": "|j|☆BlanketEnthusiast\n|j|‽kev64\n|t:|1771192491\n|gametype|singles\n|player|p1|BlanketEnthusiast|dawn|1642\n|player|p2|kev64|ethan|1721\n|gen|9\n|tier|[Gen 9] National Dex\n|rated|\n|rule|HP Percentage Mod: HP is shown in percentages\n|rule|Endless Battle Clause: Forcing endless battles is banned\n|rule|Species Clause: Limit one of each Pokémon\n|rule|OHKO Clause: OHKO moves are banned\n|rule|Evasion Clause: Evasion abilities, items, and moves are banned\n|rule|Evasion Abilities Clause: Evasion abilities are banned\n|rule|Evasion Items Clause: Evasion items are banned\n|rule|Evasion Moves Clause: Evasion moves are banned\n|rule|Sleep Clause Mod: Limit one foe put to sleep\n|rule|Terastal Clause: You cannot Terastallize\n|clearpoke\n|poke|p1|Tornadus-Therian, M|\n|poke|p1|Heatran, M|\n|poke|p1|Corviknight, M|\n|poke|p1|Tapu Lele|\n|poke|p1|Great Tusk|\n|poke|p1|Venusaur, F|\n|poke|p2|Diancie|\n|poke|p2|Great Tusk|\n|poke|p2|Moltres|\n|poke|p2|Samurott-Hisui, M|\n|poke|p2|Raging Bolt|\n|poke|p2|Ferrothorn, M|\n|teampreview\n|inactive|Battle timer is ON: inactive players will automatically lose when time's up. (requested by kev64)\n|inactive|BlanketEnthusiast also wants the timer to be on.\n|\n|t:|1771192510\n|teamsize|p1|6\n|teamsize|p2|6\n|start\n|switch|p1a: Venusaur|Venusaur, F|100/100\n|switch|p2a: Moltres|Moltres|100/100\n|turn|1\n|\n|t:|1771192514\n|detailschange|p1a: Venusaur|Venusaur-Mega, F\n|-mega|p1a: Venusaur|Venusaur|Venusaurite\n|move|p2a: Moltres|Hurricane|p1a: Venusaur\n|-supereffective|p1a: Venusaur\n|-damage|p1a: Venusaur|26/100\n|move|p1a: Venusaur|Sludge Bomb|p2a: Moltres\n|-damage|p2a: Moltres|54/100\n|\n|upkeep\n|turn|2\n|\n|t:|1771192521\n|switch|p1a: Heatran|Heatran, M|100/100\n|move|p2a: Moltres|U-turn|p1a: Heatran\n|-resisted|p1a: Heatran\n|-damage|p1a: Heatran|98/100\n|\n|t:|1771192527\n|switch|p2a: Samurott|Samurott-Hisui, M|100/100|[from] U-turn\n|\n|-heal|p1a: Heatran|100/100|[from] item: Leftovers\n|upkeep\n|turn|3\n|\n|t:|1771192547\n|switch|p1a: Corviknight|Corviknight, M|100/100\n|-ability|p1a: Corviknight|Pressure\n|move|p2a: Samurott|Knock Off|p1a: Corviknight\n|-damage|p1a: Corviknight|62/100\n|-damage|p2a: Samurott|84/100|[from] item: Rocky Helmet|[of] p1a: Corviknight\n|-enditem|p1a: Corviknight|Rocky Helmet|[from] move: Knock Off|[of] p2a: Samurott\n|\n|upkeep\n|turn|4\n|\n|t:|1771192551\n|switch|p2a: Moltres|Moltres|54/100\n|move|p1a: Corviknight|Roost|p1a: Corviknight\n|-heal|p1a: Corviknight|100/100\n|-singleturn|p1a: Corviknight|move: Roost\n|\n|upkeep\n|turn|5\n|\n|t:|1771192555\n|switch|p1a: Heatran|Heatran, M|100/100\n|move|p2a: Moltres|Roost|p2a: Moltres\n|-heal|p2a: Moltres|100/100\n|-singleturn|p2a: Moltres|move: Roost\n|\n|upkeep\n|turn|6\n|\n|t:|1771192563\n|switch|p2a: Great Tusk|Great Tusk|100/100\n|move|p1a: Heatran|Toxic|p2a: Great Tusk\n|-status|p2a: Great Tusk|tox\n|\n|-damage|p2a: Great Tusk|94/100 tox|[from] psn\n|upkeep\n|turn|7\n|\n|t:|1771192568\n|switch|p1a: Corviknight|Corviknight, M|100/100\n|-ability|p1a: Corviknight|Pressure\n|move|p2a: Great Tusk|Close Combat|p1a: Corviknight\n|-crit|p1a: Corviknight\n|-damage|p1a: Corviknight|22/100\n|-unboost|p2a: Great Tusk|def|1\n|-unboost|p2a: Great Tusk|spd|1\n|\n|-damage|p2a: Great Tusk|82/100 tox|[from] psn\n|upkeep\n|turn|8\n|\n|t:|1771192583\n|move|p2a: Great Tusk|Ice Spinner|p1a: Corviknight\n|-damage|p1a: Corviknight|0 fnt\n|faint|p1a: Corviknight\n|\n|-damage|p2a: Great Tusk|63/100 tox|[from] psn\n|upkeep\n|\n|t:|1771192590\n|switch|p1a: Tapu Lele|Tapu Lele|100/100\n|-fieldstart|move: Psychic Terrain|[from] ability: Psychic Surge|[of] p1a: Tapu Lele\n|turn|9\n|\n|t:|1771192598\n|switch|p1a: Heatran|Heatran, M|100/100\n|move|p2a: Great Tusk|Earthquake|p1a: Heatran\n|-supereffective|p1a: Heatran\n|-damage|p1a: Heatran|0 fnt\n|faint|p1a: Heatran\n|\n|-damage|p2a: Great Tusk|39/100 tox|[from] psn\n|upkeep\n|\n|t:|1771192613\n|switch|p1a: Great Tusk|Great Tusk|100/100\n|turn|10\n|\n|t:|1771192620\n|-end|p2a: Great Tusk|Protosynthesis|[silent]\n|switch|p2a: Ferrothorn|Ferrothorn, M|100/100\n|move|p1a: Great Tusk|Ice Spinner|p2a: Ferrothorn\n|-damage|p2a: Ferrothorn|83/100\n|-damage|p1a: Great Tusk|88/100|[from] ability: Iron Barbs|[of] p2a: Ferrothorn\n|-fieldend|move: Psychic Terrain\n|\n|-heal|p2a: Ferrothorn|89/100|[from] item: Leftovers\n|upkeep\n|turn|11\n|\n|t:|1771192634\n|-end|p1a: Great Tusk|Protosynthesis|[silent]\n|switch|p1a: Venusaur|Venusaur-Mega, F|26/100\n|switch|p2a: Great Tusk|Great Tusk|39/100 tox\n|\n|-damage|p2a: Great Tusk|32/100 tox|[from] psn\n|upkeep\n|turn|12\n|\n|t:|1771192645\n|move|p2a: Great Tusk|Earthquake|p1a: Venusaur\n|-damage|p1a: Venusaur|0 fnt\n|faint|p1a: Venusaur\n|detailschange|p1: Venusaur|Venusaur, F|[silent]\n|\n|-damage|p2a: Great Tusk|20/100 tox|[from] psn\n|upkeep\n|\n|t:|1771192647\n|switch|p1a: Tornadus|Tornadus-Therian, M|100/100\n|turn|13\n|\n|t:|1771192657\n|move|p1a: Tornadus|Bleakwind Storm|p2a: Great Tusk\n|-supereffective|p2a: Great Tusk\n|-damage|p2a: Great Tusk|0 fnt\n|faint|p2a: Great Tusk\n|-end|p2a: Great Tusk|Protosynthesis|[silent]\n|\n|upkeep\n|\n|t:|1771192663\n|switch|p2a: Diancie|Diancie|100/100\n|turn|14\n|\n|t:|1771192670\n|detailschange|p2a: Diancie|Diancie-Mega\n|-mega|p2a: Diancie|Diancie|Diancite\n|move|p1a: Tornadus|Nasty Plot|p1a: Tornadus\n|-boost|p1a: Tornadus|spa|2\n|move|p2a: Diancie|Moonblast|p1a: Tornadus\n|-damage|p1a: Tornadus|32/100\n|\n|upkeep\n|turn|15\n|\n|t:|1771192683\n|switch|p2a: Ferrothorn|Ferrothorn, M|89/100\n|move|p1a: Tornadus|Focus Blast|p2a: Ferrothorn\n|-supereffective|p2a: Ferrothorn\n|-damage|p2a: Ferrothorn|0 fnt\n|faint|p2a: Ferrothorn\n|\n|upkeep\n|\n|t:|1771192687\n|switch|p2a: Samurott|Samurott-Hisui, M|84/100\n|turn|16\n|\n|t:|1771192708\n|move|p2a: Samurott|Flip Turn|p1a: Tornadus\n|-damage|p1a: Tornadus|0 fnt\n|faint|p1a: Tornadus\n|\n|t:|1771192720\n|switch|p2a: Raging Bolt|Raging Bolt|100/100|[from] Flip Turn\n|\n|upkeep\n|\n|t:|1771192728\n|switch|p1a: Tapu Lele|Tapu Lele|100/100\n|-fieldstart|move: Psychic Terrain|[from] ability: Psychic Surge|[of] p1a: Tapu Lele\n|turn|17\n|\n|t:|1771192736\n|switch|p1a: Great Tusk|Great Tusk|88/100\n|move|p2a: Raging Bolt|Volt Switch|p1a: Great Tusk\n|-immune|p1a: Great Tusk\n|\n|upkeep\n|turn|18\n|\n|t:|1771192741\n|-end|p2a: Raging Bolt|Protosynthesis|[silent]\n|switch|p2a: Moltres|Moltres|100/100\n|move|p1a: Great Tusk|Head Smash|p2a: Moltres\n|-supereffective|p2a: Moltres\n|-damage|p2a: Moltres|0 fnt\n|faint|p2a: Moltres\n|-damage|p1a: Great Tusk|36/100|[from] Recoil\n|\n|upkeep\n|\n|t:|1771192752\n|switch|p2a: Samurott|Samurott-Hisui, M|84/100\n|turn|19\n|\n|t:|1771192755\n|move|p1a: Great Tusk|Head Smash|p2a: Samurott\n|-damage|p2a: Samurott|19/100\n|-damage|p1a: Great Tusk|8/100|[from] Recoil\n|move|p2a: Samurott|Aqua Cutter|p1a: Great Tusk\n|-supereffective|p1a: Great Tusk\n|-damage|p1a: Great Tusk|0 fnt\n|faint|p1a: Great Tusk\n|-end|p1a: Great Tusk|Protosynthesis|[silent]\n|\n|upkeep\n|\n|t:|1771192757\n|switch|p1a: Tapu Lele|Tapu Lele|100/100\n|turn|20\n|\n|t:|1771192760\n|move|p1a: Tapu Lele|Moonblast|p2a: Samurott\n|-supereffective|p2a: Samurott\n|-damage|p2a: Samurott|0 fnt\n|faint|p2a: Samurott\n|\n|upkeep\n|\n|t:|1771192765\n|switch|p2a: Diancie|Diancie-Mega|100/100\n|turn|21\n|\n|t:|1771192767\n|move|p1a: Tapu Lele|Moonblast|p2a: Diancie\n|-damage|p2a: Diancie|35/100\n|-unboost|p2a: Diancie|spa|1\n|move|p2a: Diancie|Mystical Fire|p1a: Tapu Lele\n|-damage|p1a: Tapu Lele|78/100\n|-unboost|p1a: Tapu Lele|spa|1\n|\n|-fieldend|move: Psychic Terrain\n|upkeep\n|turn|22\n|\n|t:|1771192776\n|move|p1a: Tapu Lele|Moonblast|p2a: Diancie\n|-damage|p2a: Diancie|0 fnt\n|faint|p2a: Diancie\n|detailschange|p2: Diancie|Diancie|[silent]\n|\n|upkeep\n|\n|t:|1771192779\n|switch|p2a: Raging Bolt|Raging Bolt|100/100\n|turn|23\n|\n|t:|1771192780\n|move|p1a: Tapu Lele|Moonblast|p2a: Raging Bolt\n|-supereffective|p2a: Raging Bolt\n|-damage|p2a: Raging Bolt|31/100\n|move|p2a: Raging Bolt|Thunderbolt|p1a: Tapu Lele\n|-damage|p1a: Tapu Lele|0 fnt\n|faint|p1a: Tapu Lele\n|\n|win|kev64\n|raw|BlanketEnthusiast's rating: 1642 &rarr; <strong>1626</strong><br />(-16 for losing)\n|raw|kev64's rating: 1721 &rarr; <strong>1737</strong><br />(+16 for winning)\n|c|☆BlanketEnthusiast|haxed\n|c|☆BlanketEnthusiast|gg\n|l|☆BlanketEnthusiast\n|player|p1|\n|l|‽kev64\n|player|p2|\n", "uploadtime": 1771192788, "views": 8, "formatid": "gen9nationaldex", "rating": 1626, "private": 0, "password": null}