{"id": "gen9nationaldex-2540227587", "format": "[Gen 9] National Dex", "players": ["My Pal Pawmot", "tpfire"], "log": "|j|☆My Pal Pawmot\n|j|☆tpfire\n|t:|1771178144\n|gametype|singles\n|player|p1|My Pal Pawmot|bea-masters|1614\n|player|p2|tpfire|birdkeeper-gen4dp|1657\n|gen|9\n|tier|[Gen 9] National Dex\n|rated|\n|rule|HP Percentage Mod: HP is shown in percentages\n|rule|Endless Battle Clause: Forcing endless battles is banned\n|rule|Species Clause: Limit one of each Pokémon\n|rule|OHKO Clause: OHKO moves are banned\n|rule|Evasion Clause: Evasion abilities, items, and moves are banned\n|rule|Evasion Abilities Clause: Evasion abilities are banned\n|rule|Evasion Items Clause: Evasion items are banned\n|rule|Evasion Moves Clause: Evasion moves are banned\n|rule|Sleep Clause Mod: Limit one foe put to sleep\n|rule|Terastal Clause: You cannot Terastallize\n|clearpoke\n|poke|p1|Pawmot, M|\n|poke|p1|Hoopa-Unbound|\n|poke|p1|Gliscor, M|\n|poke|p1|Melmetal|\n|poke|p1|Alomomola, M|\n|poke|p1|Zapdos|\n|poke|p2|Rillaboom, M|\n|poke|p2|Slowking, M|\n|poke|p2|Zamazenta-*|\n|poke|p2|Iron Treads|\n|poke|p2|Moltres|\n|poke|p2|Diancie|\n|teampreview\n|inactive|Battle timer is ON: inactive players will automatically lose when time's up. (requested by tpfire)\n|\n|t:|1771178155\n|teamsize|p1|6\n|teamsize|p2|6\n|start\n|switch|p1a: Gliscor|Gliscor, M|100/100\n|switch|p2a: Slowking|Slowking, M|100/100\n|turn|1\n|\n|t:|1771178160\n|move|p1a: Gliscor|Protect|p1a: Gliscor\n|-singleturn|p1a: Gliscor|Protect\n|move|p2a: Slowking|Future Sight|p1a: Gliscor\n|-start|p2a: Slowking|move: Future Sight\n|\n|-status|p1a: Gliscor|tox|[from] item: Toxic Orb\n|upkeep\n|turn|2\n|\n|t:|1771178163\n|move|p1a: Gliscor|Toxic|p2a: Slowking\n|-status|p2a: Slowking|tox\n|move|p2a: Slowking|Teleport|p2a: Slowking\n|\n|t:|1771178166\n|switch|p2a: Rillaboom|Rillaboom, M|100/100|[from] Teleport\n|-fieldstart|move: Grassy Terrain|[from] ability: Grassy Surge|[of] p2a: Rillaboom\n|\n|upkeep\n|turn|3\n|\n|t:|1771178169\n|move|p2a: Rillaboom|Wood Hammer|p1a: Gliscor\n|-damage|p1a: Gliscor|2/100 tox\n|-damage|p2a: Rillaboom|67/100|[from] Recoil\n|move|p1a: Gliscor|Toxic|p2a: Rillaboom\n|-status|p2a: Rillaboom|tox\n|\n|-end|p1a: Gliscor|move: Future Sight\n|-damage|p1a: Gliscor|0 fnt\n|faint|p1a: Gliscor\n|-heal|p2a: Rillaboom|73/100 tox|[from] Grassy Terrain\n|-damage|p2a: Rillaboom|67/100 tox|[from] psn\n|upkeep\n|\n|t:|1771178179\n|switch|p1a: Zapdos|Zapdos|100/100\n|turn|4\n|\n|t:|1771178182\n|switch|p2a: Iron Treads|Iron Treads|100/100\n|move|p1a: Zapdos|Volt Switch|p2a: Iron Treads\n|-immune|p2a: Iron Treads\n|\n|upkeep\n|turn|5\n|\n|t:|1771178187\n|switch|p1a: Alomomola|Alomomola, M|100/100\n|move|p2a: Iron Treads|Stealth Rock|p1a: Alomomola\n|-sidestart|p1: My Pal Pawmot|move: Stealth Rock\n|\n|upkeep\n|turn|6\n|\n|t:|1771178206\n|-end|p2a: Iron Treads|Quark Drive|[silent]\n|switch|p2a: Rillaboom|Rillaboom, M|67/100 tox\n|move|p1a: Alomomola|Flip Turn|p2a: Rillaboom\n|-resisted|p2a: Rillaboom\n|-damage|p2a: Rillaboom|57/100 tox\n|\n|t:|1771178218\n|switch|p1a: Zapdos|Zapdos|100/100|[from] Flip Turn\n|\n|-heal|p2a: Rillaboom|64/100 tox|[from] Grassy Terrain\n|-damage|p2a: Rillaboom|57/100 tox|[from] psn\n|-fieldend|move: Grassy Terrain\n|upkeep\n|turn|7\n|\n|t:|1771178221\n|switch|p2a: Iron Treads|Iron Treads|100/100\n|move|p1a: Zapdos|Defog|p2a: Iron Treads\n|-unboost|p2a: Iron Treads|evasion|1\n|-sideend|p1: My Pal Pawmot|Stealth Rock|[from] move: Defog|[of] p1a: Zapdos\n|\n|upkeep\n|turn|8\n|\n|t:|1771178224\n|move|p2a: Iron Treads|Stealth Rock|p1a: Zapdos\n|-sidestart|p1: My Pal Pawmot|move: Stealth Rock\n|move|p1a: Zapdos|Hurricane|p2a: Iron Treads\n|-resisted|p2a: Iron Treads\n|-damage|p2a: Iron Treads|81/100\n|\n|-heal|p2a: Iron Treads|87/100|[from] item: Leftovers\n|upkeep\n|turn|9\n|\n|t:|1771178227\n|-end|p2a: Iron Treads|Quark Drive|[silent]\n|switch|p2a: Diancie|Diancie|100/100\n|move|p1a: Zapdos|Defog|p2a: Diancie\n|-fail|p2a: Diancie|unboost|[from] ability: Clear Body|[of] p2a: Diancie\n|-sideend|p1: My Pal Pawmot|Stealth Rock|[from] move: Defog|[of] p1a: Zapdos\n|\n|upkeep\n|turn|10\n|\n|t:|1771178230\n|switch|p1a: Melmetal|Melmetal|100/100\n|detailschange|p2a: Diancie|Diancie-Mega\n|-mega|p2a: Diancie|Diancie|Diancite\n|move|p2a: Diancie|Diamond Storm|p1a: Melmetal\n|-resisted|p1a: Melmetal\n|-damage|p1a: Melmetal|84/100\n|\n|upkeep\n|turn|11\n|j| Reyanek\n|l| Reyanek\n|\n|t:|1771178255\n|switch|p2a: Moltres|Moltres|100/100\n|switch|p1a: Alomomola|Alomomola, M|100/100\n|\n|upkeep\n|turn|12\n|\n|t:|1771178259\n|move|p2a: Moltres|U-turn|p1a: Alomomola\n|-damage|p1a: Alomomola|91/100\n|\n|t:|1771178263\n|switch|p2a: Slowking|Slowking, M|100/100 tox|[from] U-turn\n|move|p1a: Alomomola|Flip Turn|p2a: Slowking\n|-resisted|p2a: Slowking\n|-damage|p2a: Slowking|94/100 tox\n|\n|t:|1771178266\n|switch|p1a: Hoopa|Hoopa-Unbound|100/100|[from] Flip Turn\n|\n|-damage|p2a: Slowking|88/100 tox|[from] psn\n|upkeep\n|turn|13\n|\n|t:|1771178270\n|switch|p2a: Zamazenta|Zamazenta|100/100\n|-ability|p2a: Zamazenta|Dauntless Shield|boost\n|-boost|p2a: Zamazenta|def|1\n|move|p1a: Hoopa|Hyperspace Fury|p2a: Zamazenta\n|-resisted|p2a: Zamazenta\n|-damage|p2a: Zamazenta|75/100\n|-unboost|p1a: Hoopa|def|1\n|\n|upkeep\n|turn|14\n|\n|t:|1771178278\n|switch|p2a: Rillaboom|Rillaboom, M|57/100 tox\n|-fieldstart|move: Grassy Terrain|[from] ability: Grassy Surge|[of] p2a: Rillaboom\n|switch|p1a: Zapdos|Zapdos|100/100\n|\n|-heal|p2a: Rillaboom|64/100 tox|[from] Grassy Terrain\n|-damage|p2a: Rillaboom|57/100 tox|[from] psn\n|upkeep\n|turn|15\n|\n|t:|1771178281\n|move|p2a: Rillaboom|Knock Off|p1a: Zapdos\n|-damage|p1a: Zapdos|61/100\n|-enditem|p1a: Zapdos|Heavy-Duty Boots|[from] move: Knock Off|[of] p2a: Rillaboom\n|move|p1a: Zapdos|Hurricane|p2a: Rillaboom|[miss]\n|-miss|p1a: Zapdos|p2a: Rillaboom\n|\n|-heal|p2a: Rillaboom|64/100 tox|[from] Grassy Terrain\n|-damage|p2a: Rillaboom|51/100 tox|[from] psn\n|upkeep\n|turn|16\n|\n|t:|1771178284\n|switch|p2a: Iron Treads|Iron Treads|87/100\n|move|p1a: Zapdos|Roost|p1a: Zapdos\n|-heal|p1a: Zapdos|100/100\n|-singleturn|p1a: Zapdos|move: Roost\n|\n|-heal|p2a: Iron Treads|94/100|[from] Grassy Terrain\n|-heal|p2a: Iron Treads|99/100|[from] item: Leftovers\n|upkeep\n|turn|17\n|\n|t:|1771178287\n|switch|p1a: Alomomola|Alomomola, M|100/100\n|move|p2a: Iron Treads|Stealth Rock|p1a: Alomomola\n|-sidestart|p1: My Pal Pawmot|move: Stealth Rock\n|\n|-heal|p2a: Iron Treads|100/100|[from] Grassy Terrain\n|upkeep\n|turn|18\n|\n|t:|1771178294\n|-end|p2a: Iron Treads|Quark Drive|[silent]\n|switch|p2a: Slowking|Slowking, M|100/100 tox\n|move|p1a: Alomomola|Knock Off|p2a: Slowking\n|-supereffective|p2a: Slowking\n|-damage|p2a: Slowking|74/100 tox\n|-enditem|p2a: Slowking|Heavy-Duty Boots|[from] move: Knock Off|[of] p1a: Alomomola\n|\n|-heal|p2a: Slowking|80/100 tox|[from] Grassy Terrain\n|-damage|p2a: Slowking|74/100 tox|[from] psn\n|-fieldend|move: Grassy Terrain\n|upkeep\n|turn|19\n|\n|t:|1771178298\n|move|p1a: Alomomola|Flip Turn|p2a: Slowking\n|-resisted|p2a: Slowking\n|-damage|p2a: Slowking|67/100 tox\n|\n|t:|1771178302\n|switch|p1a: Hoopa|Hoopa-Unbound|100/100|[from] Flip Turn\n|-damage|p1a: Hoopa|88/100|[from] Stealth Rock\n|move|p2a: Slowking|Teleport|p2a: Slowking\n|\n|t:|1771178305\n|switch|p2a: Diancie|Diancie-Mega|100/100|[from] Teleport\n|\n|upkeep\n|turn|20\n|\n|t:|1771178311\n|switch|p1a: Alomomola|Alomomola, M|100/100\n|move|p2a: Diancie|Moonblast|p1a: Alomomola\n|-damage|p1a: Alomomola|45/100\n|\n|upkeep\n|turn|21\n|\n|t:|1771178315\n|switch|p1a: Melmetal|Melmetal|84/100\n|-damage|p1a: Melmetal|78/100|[from] Stealth Rock\n|move|p2a: Diancie|Moonblast|p1a: Melmetal\n|-resisted|p1a: Melmetal\n|-damage|p1a: Melmetal|61/100\n|\n|upkeep\n|turn|22\n|\n|t:|1771178327\n|switch|p2a: Moltres|Moltres|100/100\n|move|p1a: Melmetal|Thunder Punch|p2a: Moltres\n|-supereffective|p2a: Moltres\n|-damage|p2a: Moltres|29/100\n|\n|upkeep\n|turn|23\n|\n|t:|1771178331\n|move|p2a: Moltres|U-turn|p1a: Melmetal\n|-resisted|p1a: Melmetal\n|-damage|p1a: Melmetal|57/100\n|\n|t:|1771178333\n|switch|p2a: Iron Treads|Iron Treads|100/100|[from] U-turn\n|move|p1a: Melmetal|Earthquake|p2a: Iron Treads\n|-supereffective|p2a: Iron Treads\n|-damage|p2a: Iron Treads|38/100\n|\n|-heal|p2a: Iron Treads|44/100|[from] item: Leftovers\n|upkeep\n|turn|24\n|\n|t:|1771178340\n|switch|p1a: Alomomola|Alomomola, M|78/100\n|move|p2a: Iron Treads|High Horsepower|p1a: Alomomola\n|-damage|p1a: Alomomola|57/100\n|\n|-heal|p2a: Iron Treads|50/100|[from] item: Leftovers\n|upkeep\n|turn|25\n|\n|t:|1771178345\n|-end|p2a: Iron Treads|Quark Drive|[silent]\n|switch|p2a: Rillaboom|Rillaboom, M|51/100 tox\n|-fieldstart|move: Grassy Terrain|[from] ability: Grassy Surge|[of] p2a: Rillaboom\n|move|p1a: Alomomola|Wish|p1a: Alomomola\n|\n|-heal|p2a: Rillaboom|57/100 tox|[from] Grassy Terrain\n|-heal|p1a: Alomomola|63/100|[from] Grassy Terrain\n|-damage|p2a: Rillaboom|51/100 tox|[from] psn\n|upkeep\n|turn|26\n|\n|t:|1771178355\n|switch|p1a: Melmetal|Melmetal|57/100\n|-damage|p1a: Melmetal|50/100|[from] Stealth Rock\n|move|p2a: Rillaboom|Knock Off|p1a: Melmetal\n|-damage|p1a: Melmetal|17/100\n|-enditem|p1a: Melmetal|Assault Vest|[from] move: Knock Off|[of] p2a: Rillaboom\n|\n|-heal|p1a: Melmetal|71/100|[from] move: Wish|[wisher] Alomomola\n|-heal|p2a: Rillaboom|57/100 tox|[from] Grassy Terrain\n|-heal|p1a: Melmetal|77/100|[from] Grassy Terrain\n|-damage|p2a: Rillaboom|45/100 tox|[from] psn\n|upkeep\n|turn|27\n|\n|t:|1771178361\n|switch|p2a: Moltres|Moltres|29/100\n|move|p1a: Melmetal|Thunder Punch|p2a: Moltres\n|-supereffective|p2a: Moltres\n|-damage|p2a: Moltres|0 fnt\n|-status|p1a: Melmetal|brn|[from] ability: Flame Body|[of] p2a: Moltres\n|faint|p2a: Moltres\n|\n|-heal|p1a: Melmetal|83/100 brn|[from] Grassy Terrain\n|-damage|p1a: Melmetal|77/100 brn|[from] brn\n|upkeep\n|\n|t:|1771178373\n|switch|p2a: Zamazenta|Zamazenta|75/100\n|turn|28\n|\n|t:|1771178377\n|switch|p1a: Zapdos|Zapdos|100/100\n|-damage|p1a: Zapdos|76/100|[from] Stealth Rock\n|move|p2a: Zamazenta|Stone Edge|p1a: Zapdos\n|-supereffective|p1a: Zapdos\n|-damage|p1a: Zapdos|13/100\n|-damage|p2a: Zamazenta|65/100|[from] item: Life Orb\n|\n|-heal|p2a: Zamazenta|71/100|[from] Grassy Terrain\n|upkeep\n|turn|29\n|\n|t:|1771178382\n|move|p2a: Zamazenta|Close Combat|p1a: Zapdos\n|-resisted|p1a: Zapdos\n|-damage|p1a: Zapdos|0 fnt\n|-unboost|p2a: Zamazenta|def|1\n|-unboost|p2a: Zamazenta|spd|1\n|faint|p1a: Zapdos\n|-damage|p2a: Zamazenta|61/100|[from] item: Life Orb\n|\n|-heal|p2a: Zamazenta|67/100|[from] Grassy Terrain\n|-fieldend|move: Grassy Terrain\n|upkeep\n|\n|t:|1771178390\n|switch|p1a: Pawmot|Pawmot, M|100/100\n|-damage|p1a: Pawmot|94/100|[from] Stealth Rock\n|turn|30\n|\n|t:|1771178396\n|move|p1a: Pawmot|Close Combat|p2a: Zamazenta\n|-damage|p2a: Zamazenta|0 fnt\n|-unboost|p1a: Pawmot|def|1\n|-unboost|p1a: Pawmot|spd|1\n|faint|p2a: Zamazenta\n|\n|upkeep\n|\n|t:|1771178403\n|switch|p2a: Diancie|Diancie-Mega|100/100\n|turn|31\n|\n|t:|1771178412\n|switch|p1a: Melmetal|Melmetal|77/100 brn\n|-damage|p1a: Melmetal|71/100 brn|[from] Stealth Rock\n|move|p2a: Diancie|Moonblast|p1a: Melmetal\n|-resisted|p1a: Melmetal\n|-damage|p1a: Melmetal|47/100 brn\n|-unboost|p1a: Melmetal|spa|1\n|\n|-damage|p1a: Melmetal|41/100 brn|[from] brn\n|upkeep\n|turn|32\n|\n|t:|1771178417\n|switch|p1a: Alomomola|Alomomola, M|96/100\n|move|p2a: Diancie|Earth Power|p1a: Alomomola\n|-damage|p1a: Alomomola|63/100\n|-unboost|p1a: Alomomola|spd|1\n|\n|upkeep\n|turn|33\n|\n|t:|1771178421\n|switch|p1a: Melmetal|Melmetal|41/100 brn\n|-damage|p1a: Melmetal|35/100 brn|[from] Stealth Rock\n|move|p2a: Diancie|Moonblast|p1a: Melmetal\n|-resisted|p1a: Melmetal\n|-damage|p1a: Melmetal|8/100 brn\n|\n|-damage|p1a: Melmetal|2/100 brn|[from] brn\n|upkeep\n|turn|34\n|\n|t:|1771178424\n|move|p2a: Diancie|Moonblast|p1a: Melmetal\n|-resisted|p1a: Melmetal\n|-damage|p1a: Melmetal|0 fnt\n|faint|p1a: Melmetal\n|\n|upkeep\n|\n|t:|1771178426\n|switch|p1a: Alomomola|Alomomola, M|96/100\n|turn|35\n|\n|t:|1771178429\n|switch|p2a: Iron Treads|Iron Treads|50/100\n|move|p1a: Alomomola|Flip Turn|p2a: Iron Treads\n|-supereffective|p2a: Iron Treads\n|-damage|p2a: Iron Treads|27/100\n|\n|t:|1771178432\n|switch|p1a: Pawmot|Pawmot, M|94/100|[from] Flip Turn\n|-damage|p1a: Pawmot|88/100|[from] Stealth Rock\n|\n|-heal|p2a: Iron Treads|33/100|[from] item: Leftovers\n|upkeep\n|turn|36\n|\n|t:|1771178435\n|move|p1a: Pawmot|Close Combat|p2a: Iron Treads\n|-supereffective|p2a: Iron Treads\n|-damage|p2a: Iron Treads|0 fnt\n|-unboost|p1a: Pawmot|def|1\n|-unboost|p1a: Pawmot|spd|1\n|faint|p2a: Iron Treads\n|-end|p2a: Iron Treads|Quark Drive|[silent]\n|\n|upkeep\n|\n|t:|1771178437\n|switch|p2a: Rillaboom|Rillaboom, M|45/100 tox\n|-fieldstart|move: Grassy Terrain|[from] ability: Grassy Surge|[of] p2a: Rillaboom\n|turn|37\n|\n|t:|1771178439\n|switch|p1a: Hoopa|Hoopa-Unbound|88/100\n|-damage|p1a: Hoopa|76/100|[from] Stealth Rock\n|move|p2a: Rillaboom|Grassy Glide|p1a: Hoopa\n|-damage|p1a: Hoopa|0 fnt\n|faint|p1a: Hoopa\n|\n|-heal|p2a: Rillaboom|51/100 tox|[from] Grassy Terrain\n|-damage|p2a: Rillaboom|45/100 tox|[from] psn\n|upkeep\n|\n|t:|1771178442\n|switch|p1a: Alomomola|Alomomola, M|100/100\n|turn|38\n|\n|t:|1771178444\n|move|p2a: Rillaboom|Grassy Glide|p1a: Alomomola\n|-supereffective|p1a: Alomomola\n|-damage|p1a: Alomomola|22/100\n|move|p1a: Alomomola|Knock Off|p2a: Rillaboom\n|-damage|p2a: Rillaboom|24/100 tox\n|-enditem|p2a: Rillaboom|Choice Band|[from] move: Knock Off|[of] p1a: Alomomola\n|\n|-heal|p2a: Rillaboom|30/100 tox|[from] Grassy Terrain\n|-heal|p1a: Alomomola|28/100|[from] Grassy Terrain\n|-damage|p2a: Rillaboom|18/100 tox|[from] psn\n|upkeep\n|turn|39\n|\n|t:|1771178455\n|move|p1a: Alomomola|Protect|p1a: Alomomola\n|-singleturn|p1a: Alomomola|Protect\n|move|p2a: Rillaboom|Grassy Glide|p1a: Alomomola\n|-activate|p1a: Alomomola|move: Protect\n|\n|-heal|p2a: Rillaboom|24/100 tox|[from] Grassy Terrain\n|-heal|p1a: Alomomola|34/100|[from] Grassy Terrain\n|-damage|p2a: Rillaboom|5/100 tox|[from] psn\n|upkeep\n|turn|40\n|\n|t:|1771178463\n|move|p1a: Alomomola|Protect||[still]\n|-fail|p1a: Alomomola\n|move|p2a: Rillaboom|Grassy Glide|p1a: Alomomola\n|-supereffective|p1a: Alomomola\n|-damage|p1a: Alomomola|0 fnt\n|faint|p1a: Alomomola\n|\n|-heal|p2a: Rillaboom|12/100 tox|[from] Grassy Terrain\n|-damage|p2a: Rillaboom|0 fnt|[from] psn\n|faint|p2a: Rillaboom\n|upkeep\n|\n|t:|1771178466\n|switch|p2a: Diancie|Diancie-Mega|100/100\n|switch|p1a: Pawmot|Pawmot, M|88/100\n|-damage|p1a: Pawmot|82/100|[from] Stealth Rock\n|turn|41\n|\n|t:|1771178470\n|move|p1a: Pawmot|Close Combat|p2a: Diancie\n|-damage|p2a: Diancie|18/100\n|-unboost|p1a: Pawmot|def|1\n|-unboost|p1a: Pawmot|spd|1\n|move|p2a: Diancie|Moonblast|p1a: Pawmot\n|-supereffective|p1a: Pawmot\n|-damage|p1a: Pawmot|0 fnt\n|faint|p1a: Pawmot\n|\n|win|tpfire\n|raw|My Pal Pawmot's rating: 1614 &rarr; <strong>1596</strong><br />(-18 for losing)\n|raw|tpfire's rating: 1657 &rarr; <strong>1675</strong><br />(+18 for winning)\n|l|☆My Pal Pawmot\n|player|p1|\n|l|☆tpfire\n|player|p2|\n", "uploadtime": 1771178633, "views": 7, "formatid": "gen9nationaldex", "rating": 1596, "private": 0, "password": null}