{"id": "gen9nationaldex-2540521597", "format": "[Gen 9] National Dex", "players": ["dragon god111龙王", "pvttyroneslothrop"], "log": "|j|☆dragon god111龙王\n|j|☆pvttyroneslothrop\n|t:|1771212576\n|gametype|singles\n|player|p1|dragon god111龙王|pokemaniac|1537\n|player|p2|pvttyroneslothrop|2|1588\n|gen|9\n|tier|[Gen 9] National Dex\n|rated|\n|rule|HP Percentage Mod: HP is shown in percentages\n|rule|Endless Battle Clause: Forcing endless battles is banned\n|rule|Species Clause: Limit one of each Pokémon\n|rule|OHKO Clause: OHKO moves are banned\n|rule|Evasion Clause: Evasion abilities, items, and moves are banned\n|rule|Evasion Abilities Clause: Evasion abilities are banned\n|rule|Evasion Items Clause: Evasion items are banned\n|rule|Evasion Moves Clause: Evasion moves are banned\n|rule|Sleep Clause Mod: Limit one foe put to sleep\n|rule|Terastal Clause: You cannot Terastallize\n|clearpoke\n|poke|p1|Camerupt, M|\n|poke|p1|Jynx, F|\n|poke|p1|Araquanid, F|\n|poke|p1|Rillaboom, M|\n|poke|p1|Terapagos, M|\n|poke|p1|Lucario, M|\n|poke|p2|Porygon2|\n|poke|p2|Hatterene, F|\n|poke|p2|Ursaluna, M|\n|poke|p2|Camerupt, M|\n|poke|p2|Kingambit, M|\n|poke|p2|Cresselia, F|\n|teampreview\n|inactive|Battle timer is ON: inactive players will automatically lose when time's up. (requested by dragon god111龙王)\n|\n|t:|1771212592\n|teamsize|p1|6\n|teamsize|p2|6\n|start\n|switch|p1a: Camerupt|Camerupt, M|100/100\n|switch|p2a: Porygon2|Porygon2|100/100\n|-ability|p2a: Porygon2|Download|boost\n|-boost|p2a: Porygon2|atk|1\n|turn|1\n|\n|t:|1771212614\n|detailschange|p1a: Camerupt|Camerupt-Mega, M\n|-mega|p1a: Camerupt|Camerupt|Cameruptite\n|move|p1a: Camerupt|Flamethrower|p2a: Porygon2\n|-damage|p2a: Porygon2|60/100\n|move|p2a: Porygon2|Trick Room|p2a: Porygon2\n|-fieldstart|move: Trick Room|[of] p2a: Porygon2\n|\n|upkeep\n|turn|2\n|\n|t:|1771212628\n|move|p1a: Camerupt|Earth Power|p2a: Porygon2\n|-damage|p2a: Porygon2|19/100\n|move|p2a: Porygon2|Tri Attack|p1a: Camerupt\n|-damage|p1a: Camerupt|71/100\n|\n|upkeep\n|turn|3\n|\n|t:|1771212635\n|move|p1a: Camerupt|Earth Power|p2a: Porygon2\n|-damage|p2a: Porygon2|0 fnt\n|faint|p2a: Porygon2\n|\n|upkeep\n|\n|t:|1771212637\n|switch|p2a: Ursaluna|Ursaluna, M|100/100\n|turn|4\n|\n|t:|1771212652\n|move|p1a: Camerupt|Flamethrower|p2a: Ursaluna\n|-damage|p2a: Ursaluna|34/100\n|move|p2a: Ursaluna|Headlong Rush|p1a: Camerupt\n|-supereffective|p1a: Camerupt\n|-damage|p1a: Camerupt|0 fnt\n|-unboost|p2a: Ursaluna|def|1\n|-unboost|p2a: Ursaluna|spd|1\n|faint|p1a: Camerupt\n|detailschange|p1: Camerupt|Camerupt, M|[silent]\n|\n|-status|p2a: Ursaluna|brn|[from] item: Flame Orb\n|upkeep\n|\n|t:|1771212660\n|switch|p1a: Rillaboom|Rillaboom, M|100/100\n|-fieldstart|move: Grassy Terrain|[from] ability: Grassy Surge|[of] p1a: Rillaboom\n|turn|5\n|\n|t:|1771212670\n|switch|p2a: Cresselia|Cresselia, F|100/100\n|move|p1a: Rillaboom|U-turn|p2a: Cresselia\n|-supereffective|p2a: Cresselia\n|-damage|p2a: Cresselia|64/100\n|-damage|p1a: Rillaboom|84/100|[from] item: Rocky Helmet|[of] p2a: Cresselia\n|\n|t:|1771212682\n|switch|p1a: Jynx|Jynx, F|100/100|[from] U-turn\n|\n|-fieldend|move: Trick Room\n|upkeep\n|turn|6\n|\n|t:|1771212693\n|move|p1a: Jynx|Lovely Kiss|p2a: Cresselia\n|-status|p2a: Cresselia|slp|[from] move: Lovely Kiss\n|cant|p2a: Cresselia|slp\n|\n|upkeep\n|turn|7\n|\n|t:|1771212704\n|switch|p1a: Terapagos|Terapagos, M|100/100\n|-activate|p1a: Terapagos|ability: Tera Shift\n|detailschange|p1a: Terapagos|Terapagos-Terastal, M\n|-heal|p1a: Terapagos|100/100|[silent]\n|switch|p2a: Hatterene|Hatterene, F|100/100\n|\n|upkeep\n|turn|8\n|\n|t:|1771212711\n|move|p1a: Terapagos|Tera Starstorm|p2a: Hatterene\n|-damage|p2a: Hatterene|58/100\n|move|p2a: Hatterene|Psychic Noise|p1a: Terapagos\n|-activate|p1a: Terapagos|ability: Tera Shell\n|-resisted|p1a: Terapagos\n|-damage|p1a: Terapagos|82/100\n|-start|p1a: Terapagos|move: Heal Block\n|\n|-heal|p2a: Hatterene|64/100|[from] Grassy Terrain\n|upkeep\n|turn|9\n|\n|t:|1771212718\n|switch|p1a: Araquanid|Araquanid, F|100/100\n|move|p2a: Hatterene|Trick Room|p2a: Hatterene\n|-fieldstart|move: Trick Room|[of] p2a: Hatterene\n|\n|-heal|p2a: Hatterene|70/100|[from] Grassy Terrain\n|-fieldend|move: Grassy Terrain\n|upkeep\n|turn|10\n|\n|t:|1771212731\n|switch|p1a: Lucario|Lucario, M|100/100\n|-zpower|p2a: Hatterene\n|move|p2a: Hatterene|Twinkle Tackle|p1a: Lucario|[zeffect]\n|-damage|p1a: Lucario|0 fnt\n|faint|p1a: Lucario\n|\n|upkeep\n|\n|t:|1771212740\n|switch|p1a: Araquanid|Araquanid, F|100/100\n|turn|11\n|\n|t:|1771212757\n|move|p2a: Hatterene|Psychic Noise|p1a: Araquanid\n|-damage|p1a: Araquanid|67/100\n|-start|p1a: Araquanid|move: Heal Block\n|move|p1a: Araquanid|Liquidation|p2a: Hatterene\n|-damage|p2a: Hatterene|0 fnt\n|faint|p2a: Hatterene\n|\n|upkeep\n|\n|t:|1771212766\n|switch|p2a: Ursaluna|Ursaluna, M|34/100 brn\n|turn|12\n|\n|t:|1771212773\n|move|p2a: Ursaluna|Facade|p1a: Araquanid\n|-damage|p1a: Araquanid|0 fnt\n|faint|p1a: Araquanid\n|\n|-damage|p2a: Ursaluna|28/100 brn|[from] brn\n|upkeep\n|\n|t:|1771212777\n|switch|p1a: Rillaboom|Rillaboom, M|84/100\n|-fieldstart|move: Grassy Terrain|[from] ability: Grassy Surge|[of] p1a: Rillaboom\n|turn|13\n|\n|t:|1771212780\n|switch|p2a: Kingambit|Kingambit, M|100/100\n|-activate|p2a: Kingambit|ability: Supreme Overlord\n|-start|p2a: Kingambit|fallen2|[silent]\n|move|p1a: Rillaboom|Grassy Glide|p2a: Kingambit\n|-resisted|p2a: Kingambit\n|-damage|p2a: Kingambit|86/100\n|\n|-heal|p2a: Kingambit|92/100|[from] Grassy Terrain\n|-heal|p2a: Kingambit|98/100|[from] item: Leftovers\n|-heal|p1a: Rillaboom|90/100|[from] Grassy Terrain\n|-fieldend|move: Trick Room\n|upkeep\n|turn|14\n|\n|t:|1771212788\n|move|p1a: Rillaboom|High Horsepower|p2a: Kingambit\n|-supereffective|p2a: Kingambit\n|-damage|p2a: Kingambit|44/100\n|move|p2a: Kingambit|Swords Dance|p2a: Kingambit\n|-boost|p2a: Kingambit|atk|2\n|\n|-heal|p1a: Rillaboom|96/100|[from] Grassy Terrain\n|-heal|p2a: Kingambit|50/100|[from] Grassy Terrain\n|-heal|p2a: Kingambit|56/100|[from] item: Leftovers\n|upkeep\n|turn|15\n|\n|t:|1771212801\n|switch|p1a: Jynx|Jynx, F|100/100\n|move|p2a: Kingambit|Sucker Punch||[still]\n|-fail|p2a: Kingambit\n|\n|-heal|p2a: Kingambit|62/100|[from] Grassy Terrain\n|-heal|p2a: Kingambit|68/100|[from] item: Leftovers\n|upkeep\n|turn|16\n|\n|t:|1771212808\n|move|p1a: Jynx|Future Sight|p2a: Kingambit\n|-start|p1a: Jynx|move: Future Sight\n|move|p2a: Kingambit|Knock Off|p1a: Jynx\n|-supereffective|p1a: Jynx\n|-damage|p1a: Jynx|0 fnt\n|-enditem|p1a: Jynx|Heavy-Duty Boots|[from] move: Knock Off|[of] p2a: Kingambit\n|faint|p1a: Jynx\n|\n|-heal|p2a: Kingambit|75/100|[from] Grassy Terrain\n|-heal|p2a: Kingambit|81/100|[from] item: Leftovers\n|upkeep\n|\n|t:|1771212811\n|switch|p1a: Terapagos|Terapagos-Terastal, M|82/100\n|turn|17\n|\n|t:|1771212820\n|move|p2a: Kingambit|Sucker Punch|p1a: Terapagos\n|-damage|p1a: Terapagos|21/100\n|move|p1a: Terapagos|Flamethrower|p2a: Kingambit\n|-supereffective|p2a: Kingambit\n|-damage|p2a: Kingambit|36/100\n|\n|-heal|p1a: Terapagos|27/100|[from] Grassy Terrain\n|-heal|p1a: Terapagos|33/100|[from] item: Leftovers\n|-heal|p2a: Kingambit|42/100|[from] Grassy Terrain\n|-heal|p2a: Kingambit|49/100|[from] item: Leftovers\n|-fieldend|move: Grassy Terrain\n|upkeep\n|turn|18\n|\n|t:|1771212826\n|move|p2a: Kingambit|Sucker Punch||[still]\n|-fail|p2a: Kingambit\n|move|p1a: Terapagos|Stealth Rock|p2a: Kingambit\n|-sidestart|p2: pvttyroneslothrop|move: Stealth Rock\n|\n|-end|p2a: Kingambit|move: Future Sight\n|-immune|p2a: Kingambit\n|-heal|p1a: Terapagos|39/100|[from] item: Leftovers\n|-heal|p2a: Kingambit|55/100|[from] item: Leftovers\n|upkeep\n|turn|19\n|\n|t:|1771212836\n|move|p2a: Kingambit|Sucker Punch|p1a: Terapagos\n|-crit|p1a: Terapagos\n|-damage|p1a: Terapagos|0 fnt\n|faint|p1a: Terapagos\n|\n|-heal|p2a: Kingambit|61/100|[from] item: Leftovers\n|upkeep\n|\n|t:|1771212838\n|switch|p1a: Rillaboom|Rillaboom, M|96/100\n|-fieldstart|move: Grassy Terrain|[from] ability: Grassy Surge|[of] p1a: Rillaboom\n|turn|20\n|\n|t:|1771212843\n|move|p1a: Rillaboom|Grassy Glide|p2a: Kingambit\n|-resisted|p2a: Kingambit\n|-damage|p2a: Kingambit|48/100\n|move|p2a: Kingambit|Sucker Punch||[still]\n|-fail|p2a: Kingambit\n|\n|-heal|p1a: Rillaboom|100/100|[from] Grassy Terrain\n|-heal|p2a: Kingambit|54/100|[from] Grassy Terrain\n|-heal|p2a: Kingambit|60/100|[from] item: Leftovers\n|upkeep\n|turn|21\n|\n|t:|1771212848\n|move|p1a: Rillaboom|High Horsepower|p2a: Kingambit\n|-supereffective|p2a: Kingambit\n|-damage|p2a: Kingambit|12/100\n|move|p2a: Kingambit|Knock Off|p1a: Rillaboom\n|-damage|p1a: Rillaboom|0 fnt\n|-enditem|p1a: Rillaboom|Assault Vest|[from] move: Knock Off|[of] p2a: Kingambit\n|faint|p1a: Rillaboom\n|\n|win|pvttyroneslothrop\n|raw|dragon god111龙王's rating: 1537 &rarr; <strong>1520</strong><br />(-17 for losing)\n|raw|pvttyroneslothrop's rating: 1588 &rarr; <strong>1605</strong><br />(+17 for winning)\n|l|☆dragon god111龙王\n|player|p1|\n|l|☆pvttyroneslothrop\n|player|p2|\n", "uploadtime": 1771213210, "views": 5, "formatid": "gen9nationaldex", "rating": 1520, "private": 0, "password": null}