{"id": "gen9nationaldex-2540641232", "format": "[Gen 9] National Dex", "players": ["xorialle", "WangShixiong"], "log": "|j|☆xorialle\n|j|‽WangShixiong\n|t:|1771232563\n|gametype|singles\n|player|p1|xorialle|blue|1514\n|player|p2|WangShixiong|cynthia-gen4|1750\n|gen|9\n|tier|[Gen 9] National Dex\n|rated|\n|rule|HP Percentage Mod: HP is shown in percentages\n|rule|Endless Battle Clause: Forcing endless battles is banned\n|rule|Species Clause: Limit one of each Pokémon\n|rule|OHKO Clause: OHKO moves are banned\n|rule|Evasion Clause: Evasion abilities, items, and moves are banned\n|rule|Evasion Abilities Clause: Evasion abilities are banned\n|rule|Evasion Items Clause: Evasion items are banned\n|rule|Evasion Moves Clause: Evasion moves are banned\n|rule|Sleep Clause Mod: Limit one foe put to sleep\n|rule|Terastal Clause: You cannot Terastallize\n|clearpoke\n|poke|p1|Serperior, F|\n|poke|p1|Victini|\n|poke|p1|Keldeo-Resolute|\n|poke|p1|Conkeldurr, M|\n|poke|p1|Gigalith, F|\n|poke|p1|Amoonguss, M|\n|poke|p2|Zamazenta-*|\n|poke|p2|Kingambit, M|\n|poke|p2|Ceruledge, F|\n|poke|p2|Landorus-Therian, M|\n|poke|p2|Diancie|\n|poke|p2|Ogerpon-Wellspring, F|\n|teampreview\n|inactive|Battle timer is ON: inactive players will automatically lose when time's up. (requested by WangShixiong)\n|\n|t:|1771232573\n|teamsize|p1|6\n|teamsize|p2|6\n|start\n|switch|p1a: Keldeo|Keldeo-Resolute|100/100\n|switch|p2a: Kingambit|Kingambit, M|100/100\n|-item|p2a: Kingambit|Air Balloon\n|turn|1\n|\n|t:|1771232581\n|-end|p2a: Kingambit|fallenundefined|[silent]\n|switch|p2a: Ogerpon|Ogerpon-Wellspring, F|100/100\n|move|p1a: Keldeo|Scald|p2a: Ogerpon\n|-immune|p2a: Ogerpon|[from] ability: Water Absorb\n|\n|upkeep\n|turn|2\n|\n|t:|1771232588\n|switch|p1a: Amoonguss|Amoonguss, M|100/100\n|switch|p2a: Landorus|Landorus-Therian, M|100/100\n|-ability|p2a: Landorus|Intimidate|boost\n|-unboost|p1a: Amoonguss|atk|1\n|\n|upkeep\n|turn|3\n|\n|t:|1771232601\n|move|p2a: Landorus|Stealth Rock|p1a: Amoonguss\n|-sidestart|p1: xorialle|move: Stealth Rock\n|move|p1a: Amoonguss|Stun Spore|p2a: Landorus\n|-status|p2a: Landorus|par\n|\n|upkeep\n|turn|4\n|\n|t:|1771232607\n|cant|p2a: Landorus|par\n|move|p1a: Amoonguss|Foul Play|p2a: Landorus\n|-damage|p2a: Landorus|67/100 par\n|\n|upkeep\n|turn|5\n|\n|t:|1771232631\n|move|p2a: Landorus|Earthquake|p1a: Amoonguss\n|-damage|p1a: Amoonguss|66/100\n|move|p1a: Amoonguss|Giga Drain|p2a: Landorus\n|-damage|p2a: Landorus|41/100 par\n|-heal|p1a: Amoonguss|77/100|[from] drain|[of] p2a: Landorus\n|\n|upkeep\n|turn|6\n|\n|t:|1771232638\n|move|p2a: Landorus|Earthquake|p1a: Amoonguss\n|-damage|p1a: Amoonguss|45/100\n|move|p1a: Amoonguss|Foul Play|p2a: Landorus\n|-damage|p2a: Landorus|8/100 par\n|\n|upkeep\n|turn|7\n|-enditem|p2a: Landorus|Custap Berry|[eat]\n|-activate|p2a: Landorus|item: Custap Berry|[consumed]\n|\n|t:|1771232646\n|move|p2a: Landorus|Explosion|p1a: Amoonguss\n|-damage|p1a: Amoonguss|0 fnt\n|faint|p2a: Landorus\n|faint|p1a: Amoonguss\n|\n|upkeep\n|\n|t:|1771232653\n|switch|p2a: Ceruledge|Ceruledge, F|100/100\n|switch|p1a: Keldeo|Keldeo-Resolute|100/100\n|-damage|p1a: Keldeo|94/100|[from] Stealth Rock\n|turn|8\n|\n|t:|1771232662\n|switch|p2a: Ogerpon|Ogerpon-Wellspring, F|100/100\n|move|p1a: Keldeo|Secret Sword|p2a: Ogerpon\n|-damage|p2a: Ogerpon|37/100\n|\n|upkeep\n|turn|9\n|\n|t:|1771232668\n|move|p1a: Keldeo|Secret Sword|p2a: Ogerpon\n|-damage|p2a: Ogerpon|0 fnt\n|faint|p2a: Ogerpon\n|\n|upkeep\n|\n|t:|1771232674\n|switch|p2a: Ceruledge|Ceruledge, F|100/100\n|turn|10\n|\n|t:|1771232681\n|switch|p1a: Gigalith|Gigalith, F|100/100\n|-damage|p1a: Gigalith|88/100|[from] Stealth Rock\n|-weather|Sandstorm|[from] ability: Sand Stream|[of] p1a: Gigalith\n|move|p2a: Ceruledge|Swords Dance|p2a: Ceruledge\n|-boost|p2a: Ceruledge|atk|2\n|\n|-weather|Sandstorm|[upkeep]\n|-damage|p2a: Ceruledge|94/100|[from] Sandstorm\n|upkeep\n|turn|11\n|\n|t:|1771232697\n|-zpower|p2a: Ceruledge\n|move|p2a: Ceruledge|Never-Ending Nightmare|p1a: Gigalith|[zeffect]\n|-damage|p1a: Gigalith|0 fnt\n|faint|p1a: Gigalith\n|\n|-weather|Sandstorm|[upkeep]\n|-damage|p2a: Ceruledge|88/100|[from] Sandstorm\n|upkeep\n|\n|t:|1771232708\n|switch|p1a: Keldeo|Keldeo-Resolute|94/100\n|-damage|p1a: Keldeo|88/100|[from] Stealth Rock\n|turn|12\n|\n|t:|1771232712\n|move|p1a: Keldeo|Scald|p2a: Ceruledge\n|-supereffective|p2a: Ceruledge\n|-damage|p2a: Ceruledge|0 fnt\n|faint|p2a: Ceruledge\n|\n|-weather|Sandstorm|[upkeep]\n|-damage|p1a: Keldeo|82/100|[from] Sandstorm\n|upkeep\n|\n|t:|1771232720\n|switch|p2a: Diancie|Diancie, shiny|100/100\n|turn|13\n|\n|t:|1771232732\n|switch|p1a: Serperior|Serperior, F|100/100\n|-damage|p1a: Serperior|88/100|[from] Stealth Rock\n|detailschange|p2a: Diancie|Diancie-Mega, shiny\n|-mega|p2a: Diancie|Diancie|Diancite\n|move|p2a: Diancie|Moonblast|p1a: Serperior\n|-damage|p1a: Serperior|15/100\n|\n|-weather|Sandstorm|[upkeep]\n|-damage|p1a: Serperior|9/100|[from] Sandstorm\n|upkeep\n|turn|14\n|\n|t:|1771232745\n|switch|p2a: Kingambit|Kingambit, M|100/100\n|-activate|p2a: Kingambit|ability: Supreme Overlord\n|-start|p2a: Kingambit|fallen3|[silent]\n|-item|p2a: Kingambit|Air Balloon\n|move|p1a: Serperior|Leaf Storm|p2a: Kingambit\n|-resisted|p2a: Kingambit\n|-damage|p2a: Kingambit|75/100\n|-boost|p1a: Serperior|spa|2\n|-enditem|p2a: Kingambit|Air Balloon\n|\n|-weather|none\n|upkeep\n|turn|15\n|\n|t:|1771232757\n|move|p2a: Kingambit|Sucker Punch||[still]\n|-fail|p2a: Kingambit\n|move|p1a: Serperior|Glare|p2a: Kingambit\n|-status|p2a: Kingambit|par\n|\n|upkeep\n|turn|16\n|\n|t:|1771232763\n|switch|p1a: Keldeo|Keldeo-Resolute|82/100\n|-damage|p1a: Keldeo|76/100|[from] Stealth Rock\n|move|p2a: Kingambit|Knock Off|p1a: Keldeo\n|-resisted|p1a: Keldeo\n|-damage|p1a: Keldeo|36/100\n|-ability|p1a: Keldeo|Justified|boost\n|-boost|p1a: Keldeo|atk|1\n|-enditem|p1a: Keldeo|Choice Scarf|[from] move: Knock Off|[of] p2a: Kingambit\n|\n|upkeep\n|turn|17\n|\n|t:|1771232774\n|move|p1a: Keldeo|Secret Sword|p2a: Kingambit\n|-supereffective|p2a: Kingambit\n|-damage|p2a: Kingambit|0 fnt\n|faint|p2a: Kingambit\n|-end|p2a: Kingambit|fallen3|[silent]\n|\n|upkeep\n|\n|t:|1771232776\n|switch|p2a: Diancie|Diancie-Mega, shiny|100/100\n|turn|18\n|\n|t:|1771232803\n|move|p2a: Diancie|Moonblast|p1a: Keldeo\n|-supereffective|p1a: Keldeo\n|-damage|p1a: Keldeo|0 fnt\n|faint|p1a: Keldeo\n|\n|upkeep\n|-message|xorialle forfeited.\n|\n|win|WangShixiong\n|raw|xorialle's rating: 1514 &rarr; <strong>1506</strong><br />(-8 for losing)\n|raw|WangShixiong's rating: 1759 &rarr; <strong>1767</strong><br />(+8 for winning)\n|l|☆xorialle\n|player|p1|\n|l|‽WangShixiong\n|player|p2|\n|j|‽WangShixiong\n|player|p2|WangShixiong|cynthia-gen4|\n", "uploadtime": 1771233093, "views": 9, "formatid": "gen9nationaldex", "rating": 1506, "private": 0, "password": null}