{"id": "gen9nationaldex-2540537070", "format": "[Gen 9] National Dex", "players": ["dragon god111龙王", "kokoko15615"], "log": "|j|☆dragon god111龙王\n|j|☆kokoko15615\n|t:|1771214674\n|gametype|singles\n|player|p1|dragon god111龙王|pokemaniac|1542\n|player|p2|kokoko15615|169|1570\n|gen|9\n|tier|[Gen 9] National Dex\n|rated|\n|rule|HP Percentage Mod: HP is shown in percentages\n|rule|Endless Battle Clause: Forcing endless battles is banned\n|rule|Species Clause: Limit one of each Pokémon\n|rule|OHKO Clause: OHKO moves are banned\n|rule|Evasion Clause: Evasion abilities, items, and moves are banned\n|rule|Evasion Abilities Clause: Evasion abilities are banned\n|rule|Evasion Items Clause: Evasion items are banned\n|rule|Evasion Moves Clause: Evasion moves are banned\n|rule|Sleep Clause Mod: Limit one foe put to sleep\n|rule|Terastal Clause: You cannot Terastallize\n|clearpoke\n|poke|p1|Camerupt, F|\n|poke|p1|Rillaboom, M|\n|poke|p1|Terapagos, M|\n|poke|p1|Lucario, M|\n|poke|p1|Pecharunt|\n|poke|p1|Greninja-*, M|\n|poke|p2|Kingambit, M|\n|poke|p2|Iron Valiant|\n|poke|p2|Slowbro, M|\n|poke|p2|Raging Bolt|\n|poke|p2|Iron Treads|\n|poke|p2|Charizard, F|\n|teampreview\n|inactive|Battle timer is ON: inactive players will automatically lose when time's up. (requested by dragon god111龙王)\n|\n|t:|1771214689\n|teamsize|p1|6\n|teamsize|p2|6\n|start\n|switch|p1a: Greninja|Greninja, M|100/100\n|switch|p2a: Kingambit|Kingambit, M, shiny|100/100\n|turn|1\n|\n|t:|1771214698\n|move|p1a: Greninja|Surf|p2a: Kingambit\n|-damage|p2a: Kingambit|55/100\n|move|p2a: Kingambit|Knock Off|p1a: Greninja\n|-resisted|p1a: Greninja\n|-damage|p1a: Greninja|61/100\n|\n|upkeep\n|turn|2\n|\n|t:|1771214714\n|-zpower|p1a: Greninja\n|move|p1a: Greninja|Hydro Vortex|p2a: Kingambit|[zeffect]\n|-damage|p2a: Kingambit|0 fnt\n|faint|p2a: Kingambit\n|-end|p2a: Kingambit|fallenundefined|[silent]\n|-ability|p1a: Greninja|Battle Bond|boost\n|-boost|p1a: Greninja|atk|1\n|-boost|p1a: Greninja|spa|1\n|-boost|p1a: Greninja|spe|1\n|-activate|p1a: Greninja|ability: Battle Bond\n|\n|upkeep\n|\n|t:|1771214722\n|switch|p2a: Raging Bolt|Raging Bolt|100/100\n|turn|3\n|\n|t:|1771214725\n|move|p2a: Raging Bolt|Thunderclap|p1a: Greninja\n|-supereffective|p1a: Greninja\n|-damage|p1a: Greninja|0 fnt\n|faint|p1a: Greninja\n|\n|upkeep\n|\n|t:|1771214732\n|switch|p1a: Rillaboom|Rillaboom, M|100/100\n|-fieldstart|move: Grassy Terrain|[from] ability: Grassy Surge|[of] p1a: Rillaboom\n|turn|4\n|\n|t:|1771214742\n|-zpower|p2a: Raging Bolt\n|move|p2a: Raging Bolt|Devastating Drake|p1a: Rillaboom|[zeffect]\n|-damage|p1a: Rillaboom|11/100\n|move|p1a: Rillaboom|U-turn|p2a: Raging Bolt\n|-damage|p2a: Raging Bolt|78/100\n|\n|t:|1771214748\n|switch|p1a: Camerupt|Camerupt, F|100/100|[from] U-turn\n|\n|-heal|p2a: Raging Bolt|84/100|[from] Grassy Terrain\n|upkeep\n|turn|5\n|\n|t:|1771214755\n|-end|p2a: Raging Bolt|Protosynthesis|[silent]\n|switch|p2a: Slowbro|Slowbro, M|100/100\n|detailschange|p1a: Camerupt|Camerupt-Mega, F\n|-mega|p1a: Camerupt|Camerupt|Cameruptite\n|move|p1a: Camerupt|Ancient Power|p2a: Slowbro\n|-damage|p2a: Slowbro|65/100\n|\n|-heal|p2a: Slowbro|71/100|[from] Grassy Terrain\n|upkeep\n|turn|6\n|\n|t:|1771214766\n|switch|p1a: Pecharunt|Pecharunt|100/100\n|move|p2a: Slowbro|Teleport|p2a: Slowbro\n|\n|t:|1771214771\n|switch|p2a: Raging Bolt|Raging Bolt|84/100|[from] Teleport\n|\n|-heal|p2a: Raging Bolt|90/100|[from] Grassy Terrain\n|upkeep\n|turn|7\n|\n|t:|1771214775\n|move|p2a: Raging Bolt|Calm Mind|p2a: Raging Bolt\n|-boost|p2a: Raging Bolt|spa|1\n|-boost|p2a: Raging Bolt|spd|1\n|move|p1a: Pecharunt|Malignant Chain|p2a: Raging Bolt\n|-damage|p2a: Raging Bolt|62/100\n|-status|p2a: Raging Bolt|tox\n|-start|p2a: Raging Bolt|confusion|[from] ability: Poison Puppeteer|[of] p1a: Pecharunt\n|\n|-heal|p2a: Raging Bolt|69/100 tox|[from] Grassy Terrain\n|-damage|p2a: Raging Bolt|62/100 tox|[from] psn\n|upkeep\n|turn|8\n|\n|t:|1771214785\n|-activate|p2a: Raging Bolt|confusion\n|move|p2a: Raging Bolt|Draco Meteor|p1a: Pecharunt\n|-damage|p1a: Pecharunt|0 fnt\n|-unboost|p2a: Raging Bolt|spa|2\n|faint|p1a: Pecharunt\n|\n|-heal|p2a: Raging Bolt|69/100 tox|[from] Grassy Terrain\n|-damage|p2a: Raging Bolt|56/100 tox|[from] psn\n|-fieldend|move: Grassy Terrain\n|upkeep\n|\n|t:|1771214793\n|switch|p1a: Lucario|Lucario, M|100/100\n|turn|9\n|\n|t:|1771214797\n|move|p1a: Lucario|Earthquake|p2a: Raging Bolt\n|-supereffective|p2a: Raging Bolt\n|-damage|p2a: Raging Bolt|0 fnt\n|faint|p2a: Raging Bolt\n|-end|p2a: Raging Bolt|Protosynthesis|[silent]\n|-damage|p1a: Lucario|91/100|[from] item: Life Orb\n|\n|upkeep\n|\n|t:|1771214810\n|switch|p2a: Slowbro|Slowbro, M|100/100\n|turn|10\n|\n|t:|1771214814\n|switch|p1a: Rillaboom|Rillaboom, M|11/100\n|-fieldstart|move: Grassy Terrain|[from] ability: Grassy Surge|[of] p1a: Rillaboom\n|move|p2a: Slowbro|Future Sight|p1a: Rillaboom\n|-start|p2a: Slowbro|move: Future Sight\n|\n|-heal|p1a: Rillaboom|17/100|[from] Grassy Terrain\n|upkeep\n|turn|11\n|\n|t:|1771214828\n|switch|p2a: Charizard|Charizard, F|100/100\n|move|p1a: Rillaboom|Knock Off|p2a: Charizard\n|-damage|p2a: Charizard|65/100\n|\n|-heal|p1a: Rillaboom|23/100|[from] Grassy Terrain\n|upkeep\n|turn|12\n|\n|t:|1771214845\n|detailschange|p2a: Charizard|Charizard-Mega-X, F\n|-mega|p2a: Charizard|Charizard|Charizardite X\n|move|p1a: Rillaboom|Grassy Glide|p2a: Charizard\n|-resisted|p2a: Charizard\n|-damage|p2a: Charizard|54/100\n|move|p2a: Charizard|Dragon Dance|p2a: Charizard\n|-boost|p2a: Charizard|atk|1\n|-boost|p2a: Charizard|spe|1\n|\n|-end|p1a: Rillaboom|move: Future Sight\n|-damage|p1a: Rillaboom|0 fnt\n|faint|p1a: Rillaboom\n|-heal|p2a: Charizard|60/100|[from] Grassy Terrain\n|upkeep\n|\n|t:|1771214855\n|switch|p1a: Terapagos|Terapagos, M|100/100\n|-activate|p1a: Terapagos|ability: Tera Shift\n|detailschange|p1a: Terapagos|Terapagos-Terastal, M\n|-heal|p1a: Terapagos|100/100|[silent]\n|turn|13\n|\n|t:|1771214860\n|move|p2a: Charizard|Dragon Claw|p1a: Terapagos\n|-activate|p1a: Terapagos|ability: Tera Shell\n|-resisted|p1a: Terapagos\n|-damage|p1a: Terapagos|67/100\n|move|p1a: Terapagos|Tera Starstorm|p2a: Charizard\n|-damage|p2a: Charizard|0 fnt\n|faint|p2a: Charizard\n|detailschange|p2: Charizard|Charizard, F|[silent]\n|\n|-heal|p1a: Terapagos|73/100|[from] Grassy Terrain\n|upkeep\n|\n|t:|1771214879\n|switch|p2a: Iron Valiant|Iron Valiant|100/100\n|-enditem|p2a: Iron Valiant|Booster Energy\n|-activate|p2a: Iron Valiant|ability: Quark Drive|[fromitem]\n|-start|p2a: Iron Valiant|quarkdrivespe\n|turn|14\n|\n|t:|1771214885\n|switch|p1a: Lucario|Lucario, M|91/100\n|move|p2a: Iron Valiant|Close Combat|p1a: Lucario\n|-supereffective|p1a: Lucario\n|-damage|p1a: Lucario|0 fnt\n|-unboost|p2a: Iron Valiant|def|1\n|-unboost|p2a: Iron Valiant|spd|1\n|faint|p1a: Lucario\n|\n|-fieldend|move: Grassy Terrain\n|upkeep\n|\n|t:|1771214891\n|switch|p1a: Camerupt|Camerupt-Mega, F|100/100\n|turn|15\n|\n|t:|1771214901\n|-end|p2a: Iron Valiant|Quark Drive|[silent]\n|switch|p2a: Slowbro|Slowbro, M|100/100\n|move|p1a: Camerupt|Earth Power|p2a: Slowbro\n|-damage|p2a: Slowbro|29/100\n|\n|upkeep\n|turn|16\n|\n|t:|1771214907\n|move|p1a: Camerupt|Earth Power|p2a: Slowbro\n|-damage|p2a: Slowbro|0 fnt\n|faint|p2a: Slowbro\n|\n|upkeep\n|\n|t:|1771214910\n|switch|p2a: Iron Treads|Iron Treads|100/100\n|turn|17\n|\n|t:|1771214915\n|move|p2a: Iron Treads|Earthquake|p1a: Camerupt\n|-supereffective|p1a: Camerupt\n|-damage|p1a: Camerupt|7/100\n|move|p1a: Camerupt|Flamethrower|p2a: Iron Treads\n|-supereffective|p2a: Iron Treads\n|-damage|p2a: Iron Treads|0 fnt\n|faint|p2a: Iron Treads\n|-end|p2a: Iron Treads|Quark Drive|[silent]\n|\n|upkeep\n|\n|t:|1771214917\n|switch|p2a: Iron Valiant|Iron Valiant|100/100\n|turn|18\n|\n|t:|1771214926\n|move|p2a: Iron Valiant|Knock Off|p1a: Camerupt\n|-damage|p1a: Camerupt|0 fnt\n|faint|p1a: Camerupt\n|detailschange|p1: Camerupt|Camerupt, F|[silent]\n|\n|upkeep\n|\n|t:|1771214929\n|switch|p1a: Terapagos|Terapagos-Terastal, M|73/100\n|turn|19\n|\n|t:|1771214932\n|move|p2a: Iron Valiant|Close Combat|p1a: Terapagos\n|-supereffective|p1a: Terapagos\n|-damage|p1a: Terapagos|0 fnt\n|-unboost|p2a: Iron Valiant|def|1\n|-unboost|p2a: Iron Valiant|spd|1\n|faint|p1a: Terapagos\n|\n|win|kokoko15615\n|raw|dragon god111龙王's rating: 1542 &rarr; <strong>1524</strong><br />(-18 for losing)\n|raw|kokoko15615's rating: 1570 &rarr; <strong>1588</strong><br />(+18 for winning)\n|l|☆dragon god111龙王\n|player|p1|\n|l|☆kokoko15615\n|player|p2|\n", "uploadtime": 1771215103, "views": 6, "formatid": "gen9nationaldex", "rating": 1524, "private": 0, "password": null}