{"id": "gen9nationaldex-2540958385", "format": "[Gen 9] National Dex", "players": ["Covenant Phantom", "ffuy"], "log": "|j|☆Covenant Phantom\n|j|☆ffuy\n|t:|1771270864\n|gametype|singles\n|player|p1|Covenant Phantom|medium-gen2jp|1595\n|player|p2|ffuy|1|1544\n|gen|9\n|tier|[Gen 9] National Dex\n|rated|\n|rule|HP Percentage Mod: HP is shown in percentages\n|rule|Endless Battle Clause: Forcing endless battles is banned\n|rule|Species Clause: Limit one of each Pokémon\n|rule|OHKO Clause: OHKO moves are banned\n|rule|Evasion Clause: Evasion abilities, items, and moves are banned\n|rule|Evasion Abilities Clause: Evasion abilities are banned\n|rule|Evasion Items Clause: Evasion items are banned\n|rule|Evasion Moves Clause: Evasion moves are banned\n|rule|Sleep Clause Mod: Limit one foe put to sleep\n|rule|Terastal Clause: You cannot Terastallize\n|clearpoke\n|poke|p1|Aggron, M|\n|poke|p1|Ogerpon-Wellspring, F|\n|poke|p1|Tapu Lele|\n|poke|p1|Zapdos|\n|poke|p1|Moltres|\n|poke|p1|Garchomp, M|\n|poke|p2|Diancie|\n|poke|p2|Tyranitar, M|\n|poke|p2|Alomomola, F|\n|poke|p2|Urshifu-*, M|\n|poke|p2|Kyurem|\n|poke|p2|Gliscor, M|\n|teampreview\n|inactive|Battle timer is ON: inactive players will automatically lose when time's up. (requested by ffuy)\n|j| nerci\n|l| nerci\n|inactive|ffuy has 120 seconds left.\n|j| corvipelon\n|\n|t:|1771270921\n|teamsize|p1|6\n|teamsize|p2|6\n|start\n|switch|p1a: Ogerpon|Ogerpon-Wellspring, F|100/100\n|switch|p2a: Diancie|Diancie|100/100\n|turn|1\n|\n|t:|1771270932\n|detailschange|p2a: Diancie|Diancie-Mega\n|-mega|p2a: Diancie|Diancie|Diancite\n|move|p1a: Ogerpon|Ivy Cudgel|p2a: Diancie|[anim] Ivy Cudgel Water\n|-supereffective|p2a: Diancie\n|-damage|p2a: Diancie|0 fnt\n|faint|p2a: Diancie\n|detailschange|p2: Diancie|Diancie|[silent]\n|\n|upkeep\n|\n|t:|1771270937\n|switch|p2a: Kyurem|Kyurem|100/100\n|-ability|p2a: Kyurem|Pressure\n|turn|2\n|\n|t:|1771270941\n|move|p2a: Kyurem|Freeze-Dry|p1a: Ogerpon\n|-supereffective|p1a: Ogerpon\n|-damage|p1a: Ogerpon|0 fnt\n|faint|p1a: Ogerpon\n|\n|upkeep\n|\n|t:|1771270953\n|switch|p1a: Aggron|Aggron, M|100/100\n|turn|3\n|\n|t:|1771270956\n|switch|p2a: Urshifu|Urshifu-Rapid-Strike, M|100/100\n|detailschange|p1a: Aggron|Aggron-Mega, M\n|-mega|p1a: Aggron|Aggron|Aggronite\n|move|p1a: Aggron|Iron Defense|p1a: Aggron\n|-boost|p1a: Aggron|def|2\n|\n|upkeep\n|turn|4\n|\n|t:|1771270963\n|move|p2a: Urshifu|Swords Dance|p2a: Urshifu\n|-boost|p2a: Urshifu|atk|2\n|move|p1a: Aggron|Body Press|p2a: Urshifu\n|-damage|p2a: Urshifu|13/100\n|\n|-heal|p2a: Urshifu|19/100|[from] item: Leftovers\n|upkeep\n|turn|5\n|\n|t:|1771270971\n|switch|p1a: Garchomp|Garchomp, M, shiny|100/100\n|move|p2a: Urshifu|Drain Punch|p1a: Garchomp\n|-damage|p1a: Garchomp|20/100\n|-heal|p2a: Urshifu|61/100|[from] drain|[of] p1a: Garchomp\n|-damage|p2a: Urshifu|49/100|[from] ability: Rough Skin|[of] p1a: Garchomp\n|\n|-heal|p2a: Urshifu|55/100|[from] item: Leftovers\n|upkeep\n|turn|6\n|j| Reyanek\n|\n|t:|1771270982\n|switch|p2a: Alomomola|Alomomola, F|100/100\n|move|p1a: Garchomp|Earthquake|p2a: Alomomola\n|-damage|p2a: Alomomola|72/100\n|\n|upkeep\n|turn|7\n|\n|t:|1771270985\n|move|p1a: Garchomp|Stealth Rock|p2a: Alomomola\n|-sidestart|p2: ffuy|move: Stealth Rock\n|move|p2a: Alomomola|Flip Turn|p1a: Garchomp\n|-damage|p1a: Garchomp|4/100\n|-damage|p2a: Alomomola|59/100|[from] ability: Rough Skin|[of] p1a: Garchomp\n|\n|t:|1771270990\n|switch|p2a: Gliscor|Gliscor, M|100/100|[from] Flip Turn\n|-damage|p2a: Gliscor|88/100|[from] Stealth Rock\n|\n|-status|p2a: Gliscor|tox|[from] item: Toxic Orb\n|upkeep\n|turn|8\n|\n|t:|1771270993\n|-zpower|p1a: Garchomp\n|move|p1a: Garchomp|Devastating Drake|p2a: Gliscor|[zeffect]\n|-damage|p2a: Gliscor|4/100 tox\n|move|p2a: Gliscor|Defog|p1a: Garchomp\n|-unboost|p1a: Garchomp|evasion|1\n|-sideend|p2: ffuy|Stealth Rock|[from] move: Defog|[of] p2a: Gliscor\n|\n|-heal|p2a: Gliscor|16/100 tox|[from] ability: Poison Heal\n|upkeep\n|turn|9\n|\n|t:|1771271006\n|move|p1a: Garchomp|Stealth Rock|p2a: Gliscor\n|-sidestart|p2: ffuy|move: Stealth Rock\n|move|p2a: Gliscor|Defog|p1a: Garchomp\n|-unboost|p1a: Garchomp|evasion|1\n|-sideend|p2: ffuy|Stealth Rock|[from] move: Defog|[of] p2a: Gliscor\n|\n|-heal|p2a: Gliscor|29/100 tox|[from] ability: Poison Heal\n|upkeep\n|turn|10\n|\n|t:|1771271012\n|move|p1a: Garchomp|Swords Dance|p1a: Garchomp\n|-boost|p1a: Garchomp|atk|2\n|move|p2a: Gliscor|Toxic|p1a: Garchomp\n|-status|p1a: Garchomp|tox\n|\n|-damage|p1a: Garchomp|0 fnt|[from] psn\n|faint|p1a: Garchomp\n|-heal|p2a: Gliscor|41/100 tox|[from] ability: Poison Heal\n|upkeep\n|\n|t:|1771271018\n|switch|p1a: Aggron|Aggron-Mega, M|100/100\n|turn|11\n|\n|t:|1771271030\n|move|p2a: Gliscor|U-turn|p1a: Aggron\n|-resisted|p1a: Aggron\n|-damage|p1a: Aggron|97/100\n|\n|t:|1771271032\n|switch|p2a: Urshifu|Urshifu-Rapid-Strike, M|55/100|[from] U-turn\n|move|p1a: Aggron|Iron Defense|p1a: Aggron\n|-boost|p1a: Aggron|def|2\n|\n|-heal|p2a: Urshifu|61/100|[from] item: Leftovers\n|upkeep\n|turn|12\n|\n|t:|1771271034\n|move|p2a: Urshifu|Drain Punch|p1a: Aggron\n|-supereffective|p1a: Aggron\n|-damage|p1a: Aggron|83/100\n|-heal|p2a: Urshifu|68/100|[from] drain|[of] p1a: Aggron\n|move|p1a: Aggron|Body Press|p2a: Urshifu\n|-damage|p2a: Urshifu|0 fnt\n|faint|p2a: Urshifu\n|\n|upkeep\n|j| Lario\n|\n|t:|1771271055\n|switch|p2a: Alomomola|Alomomola, F|93/100\n|turn|13\n|-message|ffuy forfeited.\n|\n|win|Covenant Phantom\n|raw|Covenant Phantom's rating: 1595 &rarr; <strong>1612</strong><br />(+17 for winning)\n|raw|ffuy's rating: 1544 &rarr; <strong>1527</strong><br />(-17 for losing)\n", "uploadtime": 1771271067, "views": 0, "formatid": "gen9nationaldex", "rating": 1527, "private": 0, "password": null}