{"id": "gen9nationaldex-2540214005", "format": "[Gen 9] National Dex", "players": ["kuro_xq", "gottapokeemall"], "log": "|j|☆kuro_xq\n|j|☆gottapokeemall\n|t:|1771176594\n|gametype|singles\n|player|p1|kuro_xq|iris-gen5bw2|1477\n|player|p2|gottapokeemall|flannery|1591\n|gen|9\n|tier|[Gen 9] National Dex\n|rated|\n|rule|HP Percentage Mod: HP is shown in percentages\n|rule|Endless Battle Clause: Forcing endless battles is banned\n|rule|Species Clause: Limit one of each Pokémon\n|rule|OHKO Clause: OHKO moves are banned\n|rule|Evasion Clause: Evasion abilities, items, and moves are banned\n|rule|Evasion Abilities Clause: Evasion abilities are banned\n|rule|Evasion Items Clause: Evasion items are banned\n|rule|Evasion Moves Clause: Evasion moves are banned\n|rule|Sleep Clause Mod: Limit one foe put to sleep\n|rule|Terastal Clause: You cannot Terastallize\n|clearpoke\n|poke|p1|Pinsir, M|\n|poke|p1|Melmetal|\n|poke|p1|Terapagos, M|\n|poke|p1|Zamazenta-*|\n|poke|p1|Blaziken, F|\n|poke|p1|Clefable, M|\n|poke|p2|Glimmora, F|\n|poke|p2|Latios, M|\n|poke|p2|Zapdos-Galar|\n|poke|p2|Basculegion-F, F|\n|poke|p2|Great Tusk|\n|poke|p2|Blacephalon|\n|teampreview\n|inactive|Battle timer is ON: inactive players will automatically lose when time's up. (requested by kuro_xq)\n|c|☆gottapokeemall|glhf\n|\n|t:|1771176606\n|teamsize|p1|6\n|teamsize|p2|6\n|start\n|switch|p1a: Melmetal|Melmetal|100/100\n|switch|p2a: Great Tusk|Great Tusk|100/100\n|turn|1\n|\n|t:|1771176616\n|switch|p1a: Zamazenta|Zamazenta|100/100\n|-ability|p1a: Zamazenta|Dauntless Shield|boost\n|-boost|p1a: Zamazenta|def|1\n|move|p2a: Great Tusk|Stealth Rock|p1a: Zamazenta\n|-sidestart|p1: kuro_xq|move: Stealth Rock\n|\n|upkeep\n|turn|2\n|\n|t:|1771176621\n|-end|p2a: Great Tusk|Protosynthesis|[silent]\n|switch|p2a: Latios|Latios, M|100/100\n|move|p1a: Zamazenta|Crunch|p2a: Latios\n|-supereffective|p2a: Latios\n|-damage|p2a: Latios|38/100\n|\n|upkeep\n|turn|3\n|\n|t:|1771176628\n|switch|p2a: Zapdos|Zapdos-Galar|100/100\n|move|p1a: Zamazenta|Crunch|p2a: Zapdos\n|-resisted|p2a: Zapdos\n|-damage|p2a: Zapdos|89/100\n|\n|upkeep\n|turn|4\n|\n|t:|1771176634\n|move|p2a: Zapdos|Brave Bird|p1a: Zamazenta\n|-supereffective|p1a: Zamazenta\n|-damage|p1a: Zamazenta|53/100\n|-damage|p2a: Zapdos|70/100|[from] Recoil\n|move|p1a: Zamazenta|Iron Defense|p1a: Zamazenta\n|-boost|p1a: Zamazenta|def|2\n|\n|-heal|p1a: Zamazenta|59/100|[from] item: Leftovers\n|upkeep\n|turn|5\n|\n|t:|1771176639\n|move|p2a: Zapdos|Brave Bird|p1a: Zamazenta\n|-supereffective|p1a: Zamazenta\n|-damage|p1a: Zamazenta|26/100\n|-damage|p2a: Zapdos|57/100|[from] Recoil\n|move|p1a: Zamazenta|Body Press|p2a: Zapdos\n|-resisted|p2a: Zapdos\n|-damage|p2a: Zapdos|2/100\n|\n|-heal|p1a: Zamazenta|32/100|[from] item: Leftovers\n|upkeep\n|turn|6\n|\n|t:|1771176647\n|move|p2a: Zapdos|Brave Bird|p1a: Zamazenta\n|-supereffective|p1a: Zamazenta\n|-damage|p1a: Zamazenta|0 fnt\n|faint|p1a: Zamazenta\n|-damage|p2a: Zapdos|0 fnt|[from] Recoil\n|faint|p2a: Zapdos\n|\n|upkeep\n|\n|t:|1771176655\n|switch|p2a: Basculegion|Basculegion-F, F|100/100\n|switch|p1a: Terapagos|Terapagos, M|100/100\n|-activate|p1a: Terapagos|ability: Tera Shift\n|detailschange|p1a: Terapagos|Terapagos-Terastal, M\n|-heal|p1a: Terapagos|100/100|[silent]\n|turn|7\n|\n|t:|1771176659\n|move|p1a: Terapagos|Earth Power|p2a: Basculegion\n|-damage|p2a: Basculegion|74/100\n|move|p2a: Basculegion|Flip Turn|p1a: Terapagos\n|-activate|p1a: Terapagos|ability: Tera Shell\n|-resisted|p1a: Terapagos\n|-damage|p1a: Terapagos|92/100\n|\n|t:|1771176682\n|switch|p2a: Great Tusk|Great Tusk|100/100|[from] Flip Turn\n|\n|upkeep\n|turn|8\n|\n|t:|1771176685\n|move|p1a: Terapagos|Rapid Spin|p2a: Great Tusk\n|-damage|p2a: Great Tusk|89/100\n|-boost|p1a: Terapagos|spe|1\n|-sideend|p1: kuro_xq|Stealth Rock|[from] move: Rapid Spin|[of] p1a: Terapagos\n|move|p2a: Great Tusk|Headlong Rush|p1a: Terapagos\n|-damage|p1a: Terapagos|34/100\n|-unboost|p2a: Great Tusk|def|1\n|-unboost|p2a: Great Tusk|spd|1\n|\n|upkeep\n|turn|9\n|\n|t:|1771176691\n|-end|p2a: Great Tusk|Protosynthesis|[silent]\n|switch|p2a: Basculegion|Basculegion-F, F|74/100\n|move|p1a: Terapagos|Tera Starstorm|p2a: Basculegion\n|-immune|p2a: Basculegion\n|\n|upkeep\n|turn|10\n|\n|t:|1771176696\n|move|p1a: Terapagos|Earth Power|p2a: Basculegion\n|-damage|p2a: Basculegion|46/100\n|move|p2a: Basculegion|Flip Turn|p1a: Terapagos\n|-damage|p1a: Terapagos|15/100\n|\n|t:|1771176698\n|switch|p2a: Blacephalon|Blacephalon|100/100|[from] Flip Turn\n|\n|upkeep\n|turn|11\n|\n|t:|1771176703\n|move|p2a: Blacephalon|Flamethrower|p1a: Terapagos\n|-damage|p1a: Terapagos|0 fnt\n|faint|p1a: Terapagos\n|-ability|p2a: Blacephalon|Beast Boost|boost\n|-boost|p2a: Blacephalon|spa|1\n|\n|upkeep\n|\n|t:|1771176708\n|switch|p1a: Blaziken|Blaziken, F|100/100\n|turn|12\n|\n|t:|1771176713\n|switch|p2a: Latios|Latios, M|38/100\n|move|p1a: Blaziken|Protect||[still]\n|-fail|p1a: Blaziken\n|\n|-ability|p1a: Blaziken|Speed Boost|boost\n|-boost|p1a: Blaziken|spe|1\n|upkeep\n|turn|13\n|\n|t:|1771176719\n|detailschange|p2a: Latios|Latios-Mega, M\n|-mega|p2a: Latios|Latios|Latiosite\n|move|p1a: Blaziken|Swords Dance|p1a: Blaziken\n|-boost|p1a: Blaziken|atk|2\n|move|p2a: Latios|Roost|p2a: Latios\n|-heal|p2a: Latios|88/100\n|-singleturn|p2a: Latios|move: Roost\n|\n|-ability|p1a: Blaziken|Speed Boost|boost\n|-boost|p1a: Blaziken|spe|1\n|upkeep\n|turn|14\n|\n|t:|1771176724\n|move|p1a: Blaziken|Blaze Kick|p2a: Latios\n|-resisted|p2a: Latios\n|-damage|p2a: Latios|34/100\n|move|p2a: Latios|Thunder Wave|p1a: Blaziken\n|-status|p1a: Blaziken|par\n|\n|-ability|p1a: Blaziken|Speed Boost|boost\n|-boost|p1a: Blaziken|spe|1\n|upkeep\n|turn|15\n|\n|t:|1771176728\n|move|p2a: Latios|Luster Purge|p1a: Blaziken\n|-supereffective|p1a: Blaziken\n|-enditem|p1a: Blaziken|Focus Sash\n|-damage|p1a: Blaziken|1/100 par\n|-unboost|p1a: Blaziken|spd|1\n|move|p1a: Blaziken|Blaze Kick|p2a: Latios|[miss]\n|-miss|p1a: Blaziken|p2a: Latios\n|\n|-ability|p1a: Blaziken|Speed Boost|boost\n|-boost|p1a: Blaziken|spe|1\n|upkeep\n|turn|16\n|\n|t:|1771176731\n|move|p1a: Blaziken|Blaze Kick|p2a: Latios\n|-resisted|p2a: Latios\n|-damage|p2a: Latios|0 fnt\n|faint|p2a: Latios\n|detailschange|p2: Latios|Latios, M|[silent]\n|\n|-ability|p1a: Blaziken|Speed Boost|boost\n|-boost|p1a: Blaziken|spe|1\n|upkeep\n|\n|t:|1771176734\n|switch|p2a: Glimmora|Glimmora, F|100/100\n|turn|17\n|\n|t:|1771176738\n|move|p1a: Blaziken|Reversal|p2a: Glimmora\n|-enditem|p2a: Glimmora|Focus Sash\n|-damage|p2a: Glimmora|1/100\n|-activate|p2a: Glimmora|ability: Toxic Debris\n|-sidestart|p1: kuro_xq|move: Toxic Spikes\n|move|p2a: Glimmora|Energy Ball|p1a: Blaziken\n|-resisted|p1a: Blaziken\n|-damage|p1a: Blaziken|0 fnt\n|faint|p1a: Blaziken\n|\n|upkeep\n|\n|t:|1771176744\n|switch|p1a: Clefable|Clefable, M|100/100\n|-status|p1a: Clefable|psn\n|turn|18\n|\n|t:|1771176748\n|switch|p1a: Melmetal|Melmetal|100/100\n|move|p2a: Glimmora|Sludge Wave|p1a: Melmetal\n|-immune|p1a: Melmetal\n|\n|upkeep\n|turn|19\n|\n|t:|1771176757\n|switch|p1a: Pinsir|Pinsir, M|100/100\n|-status|p1a: Pinsir|psn\n|move|p2a: Glimmora|Spikes|p1a: Pinsir\n|-sidestart|p1: kuro_xq|Spikes\n|\n|-damage|p1a: Pinsir|88/100 psn|[from] psn\n|upkeep\n|turn|20\n|\n|t:|1771176760\n|move|p1a: Pinsir|Quick Attack|p2a: Glimmora\n|-resisted|p2a: Glimmora\n|-damage|p2a: Glimmora|0 fnt\n|-activate|p2a: Glimmora|ability: Toxic Debris\n|-sidestart|p1: kuro_xq|move: Toxic Spikes\n|faint|p2a: Glimmora\n|-ability|p1a: Pinsir|Moxie|boost\n|-boost|p1a: Pinsir|atk|1\n|\n|-damage|p1a: Pinsir|76/100 psn|[from] psn\n|upkeep\n|\n|t:|1771176786\n|switch|p2a: Great Tusk|Great Tusk|89/100\n|turn|21\n|\n|t:|1771176792\n|detailschange|p1a: Pinsir|Pinsir-Mega, M\n|-mega|p1a: Pinsir|Pinsir|Pinsirite\n|move|p1a: Pinsir|Return|p2a: Great Tusk\n|-supereffective|p2a: Great Tusk\n|-damage|p2a: Great Tusk|0 fnt\n|faint|p2a: Great Tusk\n|-end|p2a: Great Tusk|Protosynthesis|[silent]\n|\n|-damage|p1a: Pinsir|64/100 psn|[from] psn\n|upkeep\n|\n|t:|1771176799\n|switch|p2a: Blacephalon|Blacephalon|100/100\n|turn|22\n|\n|t:|1771176802\n|move|p1a: Pinsir|Quick Attack|p2a: Blacephalon\n|-damage|p2a: Blacephalon|0 fnt\n|faint|p2a: Blacephalon\n|\n|-damage|p1a: Pinsir|52/100 psn|[from] psn\n|upkeep\n|c|☆gottapokeemall|damn\n|c|☆gottapokeemall|ggs\n|-message|gottapokeemall forfeited.\n|\n|win|kuro_xq\n|raw|kuro_xq's rating: 1477 &rarr; <strong>1503</strong><br />(+26 for winning)\n|raw|gottapokeemall's rating: 1591 &rarr; <strong>1565</strong><br />(-26 for losing)\n|l|☆gottapokeemall\n|player|p2|\n|l|☆kuro_xq\n|player|p1|\n", "uploadtime": 1771176815, "views": 6, "formatid": "gen9nationaldex", "rating": 1503, "private": 0, "password": null}