{"id": "gen9nationaldex-2540800000", "format": "[Gen 9] National Dex", "players": ["Az4k4", "monowatertesting"], "log": "|j|☆Az4k4\n|j|☆monowatertesting\n|t:|1771255329\n|gametype|singles\n|player|p1|Az4k4|n|1539\n|player|p2|monowatertesting|1|1531\n|gen|9\n|tier|[Gen 9] National Dex\n|rated|\n|rule|HP Percentage Mod: HP is shown in percentages\n|rule|Endless Battle Clause: Forcing endless battles is banned\n|rule|Species Clause: Limit one of each Pokémon\n|rule|OHKO Clause: OHKO moves are banned\n|rule|Evasion Clause: Evasion abilities, items, and moves are banned\n|rule|Evasion Abilities Clause: Evasion abilities are banned\n|rule|Evasion Items Clause: Evasion items are banned\n|rule|Evasion Moves Clause: Evasion moves are banned\n|rule|Sleep Clause Mod: Limit one foe put to sleep\n|rule|Terastal Clause: You cannot Terastallize\n|clearpoke\n|poke|p1|Charizard, F|\n|poke|p1|Great Tusk|\n|poke|p1|Raging Bolt|\n|poke|p1|Hatterene, F|\n|poke|p1|Tyranitar, F|\n|poke|p1|Victini|\n|poke|p2|Pelipper, F|\n|poke|p2|Swampert, F|\n|poke|p2|Kingdra, M|\n|poke|p2|Urshifu-*, M|\n|poke|p2|Primarina, F|\n|poke|p2|Empoleon, F|\n|teampreview\n|inactive|Battle timer is ON: inactive players will automatically lose when time's up. (requested by Az4k4)\n|inactive|monowatertesting has 120 seconds left.\n|inactive|monowatertesting has 90 seconds left.\n|\n|t:|1771255409\n|teamsize|p1|6\n|teamsize|p2|6\n|start\n|switch|p1a: Charizard|Charizard, F|100/100\n|switch|p2a: Pelipper|Pelipper, F|100/100\n|-weather|RainDance|[from] ability: Drizzle|[of] p2a: Pelipper\n|turn|1\n|\n|t:|1771255418\n|switch|p2a: Empoleon|Empoleon, F|100/100\n|detailschange|p1a: Charizard|Charizard-Mega-Y, F\n|-mega|p1a: Charizard|Charizard|Charizardite Y\n|-weather|SunnyDay|[from] ability: Drought|[of] p1a: Charizard\n|move|p1a: Charizard|Weather Ball|p2a: Empoleon\n|-damage|p2a: Empoleon|42/100\n|-enditem|p2a: Empoleon|Eject Button\n|\n|t:|1771255424\n|switch|p2a: Pelipper|Pelipper, F|100/100\n|-weather|RainDance|[from] ability: Drizzle|[of] p2a: Pelipper\n|\n|-weather|RainDance|[upkeep]\n|upkeep\n|turn|2\n|\n|t:|1771255429\n|switch|p1a: Tyranitar|Tyranitar, F|100/100\n|-weather|Sandstorm|[from] ability: Sand Stream|[of] p1a: Tyranitar\n|move|p2a: Pelipper|U-turn|p1a: Tyranitar\n|-supereffective|p1a: Tyranitar\n|-damage|p1a: Tyranitar|87/100\n|\n|t:|1771255433\n|switch|p2a: Urshifu|Urshifu-Rapid-Strike, M|100/100|[from] U-turn\n|\n|-weather|Sandstorm|[upkeep]\n|-damage|p2a: Urshifu|94/100|[from] Sandstorm\n|upkeep\n|turn|3\n|\n|t:|1771255442\n|switch|p1a: Raging Bolt|Raging Bolt|100/100\n|move|p2a: Urshifu|Surging Strikes|p1a: Raging Bolt\n|-resisted|p1a: Raging Bolt\n|-crit|p1a: Raging Bolt\n|-damage|p1a: Raging Bolt|86/100\n|-resisted|p1a: Raging Bolt\n|-crit|p1a: Raging Bolt\n|-damage|p1a: Raging Bolt|70/100\n|-resisted|p1a: Raging Bolt\n|-crit|p1a: Raging Bolt\n|-damage|p1a: Raging Bolt|53/100\n|-hitcount|p1a: Raging Bolt|3\n|\n|-weather|Sandstorm|[upkeep]\n|-damage|p2a: Urshifu|88/100|[from] Sandstorm\n|-damage|p1a: Raging Bolt|47/100|[from] Sandstorm\n|upkeep\n|turn|4\n|\n|t:|1771255449\n|switch|p2a: Empoleon|Empoleon, F|42/100\n|move|p1a: Raging Bolt|Draco Meteor|p2a: Empoleon\n|-resisted|p2a: Empoleon\n|-damage|p2a: Empoleon|5/100\n|-unboost|p1a: Raging Bolt|spa|2\n|\n|-weather|Sandstorm|[upkeep]\n|-damage|p1a: Raging Bolt|41/100|[from] Sandstorm\n|upkeep\n|turn|5\n|\n|t:|1771255454\n|move|p1a: Raging Bolt|Draco Meteor|p2a: Empoleon|[miss]\n|-miss|p1a: Raging Bolt|p2a: Empoleon\n|move|p2a: Empoleon|Flip Turn|p1a: Raging Bolt\n|-resisted|p1a: Raging Bolt\n|-damage|p1a: Raging Bolt|28/100\n|\n|t:|1771255457\n|switch|p2a: Pelipper|Pelipper, F|100/100|[from] Flip Turn\n|-weather|RainDance|[from] ability: Drizzle|[of] p2a: Pelipper\n|\n|-weather|RainDance|[upkeep]\n|upkeep\n|turn|6\n|\n|t:|1771255460\n|-end|p1a: Raging Bolt|Protosynthesis|[silent]\n|switch|p1a: Hatterene|Hatterene, F|100/100\n|switch|p2a: Empoleon|Empoleon, F|5/100\n|\n|-weather|RainDance|[upkeep]\n|upkeep\n|turn|7\n|\n|t:|1771255468\n|move|p1a: Hatterene|Psychic Noise|p2a: Empoleon\n|-resisted|p2a: Empoleon\n|-damage|p2a: Empoleon|0 fnt\n|faint|p2a: Empoleon\n|\n|-weather|RainDance|[upkeep]\n|upkeep\n|\n|t:|1771255474\n|switch|p2a: Urshifu|Urshifu-Rapid-Strike, M|88/100\n|turn|8\n|\n|t:|1771255478\n|move|p2a: Urshifu|Surging Strikes|p1a: Hatterene\n|-crit|p1a: Hatterene\n|-damage|p1a: Hatterene|57/100\n|-crit|p1a: Hatterene\n|-damage|p1a: Hatterene|12/100\n|-crit|p1a: Hatterene\n|-damage|p1a: Hatterene|0 fnt\n|faint|p1a: Hatterene\n|-hitcount|p1: Hatterene|3\n|\n|-weather|RainDance|[upkeep]\n|upkeep\n|\n|t:|1771255481\n|switch|p1a: Charizard|Charizard-Mega-Y, F|100/100\n|-weather|SunnyDay|[from] ability: Drought|[of] p1a: Charizard\n|turn|9\n|\n|t:|1771255492\n|switch|p1a: Tyranitar|Tyranitar, F|87/100\n|-weather|Sandstorm|[from] ability: Sand Stream|[of] p1a: Tyranitar\n|switch|p2a: Primarina|Primarina, F|100/100\n|\n|-weather|Sandstorm|[upkeep]\n|-damage|p2a: Primarina|95/100|[from] Sandstorm\n|upkeep\n|turn|10\n|\n|t:|1771255501\n|-zpower|p1a: Tyranitar\n|move|p1a: Tyranitar|Continental Crush|p2a: Primarina|[zeffect]\n|-damage|p2a: Primarina|0 fnt\n|faint|p2a: Primarina\n|\n|-weather|Sandstorm|[upkeep]\n|upkeep\n|\n|t:|1771255503\n|switch|p2a: Pelipper|Pelipper, F|100/100\n|-weather|RainDance|[from] ability: Drizzle|[of] p2a: Pelipper\n|turn|11\n|\n|t:|1771255510\n|switch|p2a: Urshifu|Urshifu-Rapid-Strike, M|88/100\n|move|p1a: Tyranitar|Stone Edge|p2a: Urshifu\n|-resisted|p2a: Urshifu\n|-damage|p2a: Urshifu|57/100\n|\n|-weather|RainDance|[upkeep]\n|upkeep\n|turn|12\n|\n|t:|1771255516\n|switch|p1a: Charizard|Charizard-Mega-Y, F|100/100\n|-weather|SunnyDay|[from] ability: Drought|[of] p1a: Charizard\n|move|p2a: Urshifu|Surging Strikes|p1a: Charizard\n|-supereffective|p1a: Charizard\n|-crit|p1a: Charizard\n|-damage|p1a: Charizard|57/100\n|-supereffective|p1a: Charizard\n|-crit|p1a: Charizard\n|-damage|p1a: Charizard|14/100\n|-supereffective|p1a: Charizard\n|-crit|p1a: Charizard\n|-damage|p1a: Charizard|0 fnt\n|faint|p1a: Charizard\n|detailschange|p1: Charizard|Charizard, F|[silent]\n|-hitcount|p1: Charizard|3\n|\n|-weather|SunnyDay|[upkeep]\n|upkeep\n|\n|t:|1771255539\n|switch|p1a: Raging Bolt|Raging Bolt|28/100\n|-activate|p1a: Raging Bolt|ability: Protosynthesis\n|-start|p1a: Raging Bolt|protosynthesisspa\n|turn|13\n|\n|t:|1771255550\n|switch|p2a: Swampert|Swampert, F|100/100\n|move|p1a: Raging Bolt|Draco Meteor|p2a: Swampert\n|-crit|p2a: Swampert\n|-damage|p2a: Swampert|0 fnt\n|-unboost|p1a: Raging Bolt|spa|2\n|faint|p2a: Swampert\n|\n|-weather|SunnyDay|[upkeep]\n|upkeep\n|\n|t:|1771255554\n|switch|p2a: Pelipper|Pelipper, F|100/100\n|-weather|RainDance|[from] ability: Drizzle|[of] p2a: Pelipper\n|-end|p1a: Raging Bolt|Protosynthesis\n|turn|14\n|\n|t:|1771255559\n|switch|p2a: Kingdra|Kingdra, M|100/100\n|move|p1a: Raging Bolt|Draco Meteor|p2a: Kingdra\n|-supereffective|p2a: Kingdra\n|-damage|p2a: Kingdra|0 fnt\n|-unboost|p1a: Raging Bolt|spa|2\n|faint|p2a: Kingdra\n|\n|-weather|RainDance|[upkeep]\n|upkeep\n|\n|t:|1771255563\n|switch|p2a: Urshifu|Urshifu-Rapid-Strike, M|57/100\n|turn|15\n|\n|t:|1771255568\n|-end|p1a: Raging Bolt|Protosynthesis|[silent]\n|switch|p1a: Victini|Victini|100/100\n|move|p2a: Urshifu|Aqua Jet|p1a: Victini\n|-supereffective|p1a: Victini\n|-damage|p1a: Victini|4/100\n|\n|-weather|RainDance|[upkeep]\n|upkeep\n|turn|16\n|\n|t:|1771255573\n|move|p2a: Urshifu|Aqua Jet|p1a: Victini\n|-supereffective|p1a: Victini\n|-damage|p1a: Victini|0 fnt\n|faint|p1a: Victini\n|\n|-weather|RainDance|[upkeep]\n|upkeep\n|\n|t:|1771255583\n|switch|p1a: Raging Bolt|Raging Bolt|28/100\n|turn|17\n|\n|t:|1771255586\n|move|p2a: Urshifu|Aqua Jet|p1a: Raging Bolt\n|-resisted|p1a: Raging Bolt\n|-damage|p1a: Raging Bolt|4/100\n|move|p1a: Raging Bolt|Volt Switch|p2a: Urshifu\n|-supereffective|p2a: Urshifu\n|-damage|p2a: Urshifu|0 fnt\n|faint|p2a: Urshifu\n|\n|t:|1771255590\n|-end|p1a: Raging Bolt|Protosynthesis|[silent]\n|switch|p1a: Great Tusk|Great Tusk|100/100|[from] Volt Switch\n|\n|-weather|RainDance|[upkeep]\n|upkeep\n|-message|monowatertesting forfeited.\n|\n|win|Az4k4\n|raw|Az4k4's rating: 1539 &rarr; <strong>1559</strong><br />(+20 for winning)\n|raw|monowatertesting's rating: 1531 &rarr; <strong>1511</strong><br />(-20 for losing)\n|l|☆monowatertesting\n|player|p2|\n|l|☆Az4k4\n|player|p1|\n", "uploadtime": 1771255735, "views": 5, "formatid": "gen9nationaldex", "rating": 1511, "private": 0, "password": null}