{"id": "gen9nationaldex-2540246896", "format": "[Gen 9] National Dex", "players": ["Crsiu", "WiwaxiaDu93"], "log": "|j|☆Crsiu\n|j|☆WiwaxiaDu93\n|t:|1771180325\n|gametype|singles\n|player|p1|Crsiu|n|1703\n|player|p2|WiwaxiaDu93|cynthia-gen4|1672\n|gen|9\n|tier|[Gen 9] National Dex\n|rated|\n|rule|HP Percentage Mod: HP is shown in percentages\n|rule|Endless Battle Clause: Forcing endless battles is banned\n|rule|Species Clause: Limit one of each Pokémon\n|rule|OHKO Clause: OHKO moves are banned\n|rule|Evasion Clause: Evasion abilities, items, and moves are banned\n|rule|Evasion Abilities Clause: Evasion abilities are banned\n|rule|Evasion Items Clause: Evasion items are banned\n|rule|Evasion Moves Clause: Evasion moves are banned\n|rule|Sleep Clause Mod: Limit one foe put to sleep\n|rule|Terastal Clause: You cannot Terastallize\n|clearpoke\n|poke|p1|Blaziken, F|\n|poke|p1|Tapu Lele|\n|poke|p1|Iron Treads|\n|poke|p1|Ninetales-Alola, M|\n|poke|p1|Raging Bolt|\n|poke|p1|Ursaluna, F|\n|poke|p2|Zapdos|\n|poke|p2|Iron Valiant|\n|poke|p2|Ferrothorn, M|\n|poke|p2|Tyranitar, M|\n|poke|p2|Landorus-Therian, M|\n|poke|p2|Toxapex, F|\n|teampreview\n|inactive|Battle timer is ON: inactive players will automatically lose when time's up. (requested by WiwaxiaDu93)\n|\n|t:|1771180343\n|teamsize|p1|6\n|teamsize|p2|6\n|start\n|switch|p1a: Ursaluna|Ursaluna, F|100/100\n|switch|p2a: Ferrothorn|Ferrothorn, M|100/100\n|turn|1\n|\n|t:|1771180347\n|move|p1a: Ursaluna|Fire Punch|p2a: Ferrothorn\n|-supereffective|p2a: Ferrothorn\n|-damage|p2a: Ferrothorn|28/100\n|-damage|p1a: Ursaluna|88/100|[from] ability: Iron Barbs|[of] p2a: Ferrothorn\n|move|p2a: Ferrothorn|Knock Off|p1a: Ursaluna\n|-damage|p1a: Ursaluna|72/100\n|-enditem|p1a: Ursaluna|Flame Orb|[from] move: Knock Off|[of] p2a: Ferrothorn\n|\n|-heal|p2a: Ferrothorn|34/100|[from] item: Leftovers\n|upkeep\n|turn|2\n|\n|t:|1771180357\n|switch|p2a: Zapdos|Zapdos|100/100\n|move|p1a: Ursaluna|Swords Dance|p1a: Ursaluna\n|-boost|p1a: Ursaluna|atk|2\n|\n|upkeep\n|turn|3\n|\n|t:|1771180365\n|move|p2a: Zapdos|Hurricane|p1a: Ursaluna\n|-damage|p1a: Ursaluna|33/100\n|move|p1a: Ursaluna|Facade|p2a: Zapdos\n|-damage|p2a: Zapdos|32/100\n|\n|upkeep\n|turn|4\n|\n|t:|1771180370\n|move|p2a: Zapdos|Hurricane|p1a: Ursaluna\n|-damage|p1a: Ursaluna|0 fnt\n|faint|p1a: Ursaluna\n|\n|upkeep\n|\n|t:|1771180381\n|switch|p1a: Tapu Lele|Tapu Lele|100/100\n|-fieldstart|move: Psychic Terrain|[from] ability: Psychic Surge|[of] p1a: Tapu Lele\n|turn|5\n|\n|t:|1771180391\n|move|p1a: Tapu Lele|Moonblast|p2a: Zapdos\n|-damage|p2a: Zapdos|0 fnt\n|faint|p2a: Zapdos\n|\n|upkeep\n|\n|t:|1771180407\n|switch|p2a: Ferrothorn|Ferrothorn, M|34/100\n|turn|6\n|\n|t:|1771180412\n|switch|p1a: Raging Bolt|Raging Bolt|100/100\n|move|p2a: Ferrothorn|Spikes|p1a: Raging Bolt\n|-sidestart|p1: Crsiu|Spikes\n|\n|-heal|p2a: Ferrothorn|40/100|[from] item: Leftovers\n|upkeep\n|turn|7\n|\n|t:|1771180424\n|move|p1a: Raging Bolt|Thunderbolt|p2a: Ferrothorn\n|-resisted|p2a: Ferrothorn\n|-damage|p2a: Ferrothorn|10/100\n|move|p2a: Ferrothorn|Leech Seed|p1a: Raging Bolt\n|-start|p1a: Raging Bolt|move: Leech Seed\n|\n|-heal|p2a: Ferrothorn|16/100|[from] item: Leftovers\n|-damage|p1a: Raging Bolt|88/100|[from] Leech Seed|[of] p2a: Ferrothorn\n|-heal|p2a: Ferrothorn|32/100|[silent]\n|upkeep\n|turn|8\n|\n|t:|1771180432\n|-end|p1a: Raging Bolt|Protosynthesis|[silent]\n|switch|p1a: Iron Treads|Iron Treads|100/100\n|-damage|p1a: Iron Treads|88/100|[from] Spikes\n|switch|p2a: Landorus|Landorus-Therian, M|100/100\n|-ability|p2a: Landorus|Intimidate|boost\n|-unboost|p1a: Iron Treads|atk|1\n|\n|upkeep\n|turn|9\n|\n|t:|1771180439\n|-end|p1a: Iron Treads|Quark Drive|[silent]\n|switch|p1a: Ninetales|Ninetales-Alola, M|100/100\n|-damage|p1a: Ninetales|88/100|[from] Spikes\n|-weather|Snowscape|[from] ability: Snow Warning|[of] p1a: Ninetales\n|move|p2a: Landorus|Earthquake|p1a: Ninetales\n|-damage|p1a: Ninetales|46/100\n|\n|-weather|Snowscape|[upkeep]\n|-fieldend|move: Psychic Terrain\n|upkeep\n|turn|10\n|\n|t:|1771180448\n|switch|p2a: Tyranitar|Tyranitar, M|100/100\n|-weather|Sandstorm|[from] ability: Sand Stream|[of] p2a: Tyranitar\n|move|p1a: Ninetales|Aurora Veil||[still]\n|-fail|p1a: Ninetales\n|\n|-weather|Sandstorm|[upkeep]\n|-damage|p1a: Ninetales|39/100|[from] Sandstorm\n|upkeep\n|turn|11\n|\n|t:|1771180456\n|switch|p1a: Iron Treads|Iron Treads|88/100\n|-damage|p1a: Iron Treads|76/100|[from] Spikes\n|detailschange|p2a: Tyranitar|Tyranitar-Mega, M\n|-mega|p2a: Tyranitar|Tyranitar|Tyranitarite\n|move|p2a: Tyranitar|Knock Off|p1a: Iron Treads\n|-damage|p1a: Iron Treads|15/100\n|-enditem|p1a: Iron Treads|Focus Sash|[from] move: Knock Off|[of] p2a: Tyranitar\n|\n|-weather|Sandstorm|[upkeep]\n|upkeep\n|turn|12\n|\n|t:|1771180468\n|move|p1a: Iron Treads|Endeavor|p2a: Tyranitar\n|-damage|p2a: Tyranitar|13/100\n|move|p2a: Tyranitar|Stealth Rock|p1a: Iron Treads\n|-sidestart|p1: Crsiu|move: Stealth Rock\n|\n|-weather|Sandstorm|[upkeep]\n|upkeep\n|turn|13\n|\n|t:|1771180473\n|switch|p2a: Ferrothorn|Ferrothorn, M|32/100\n|move|p1a: Iron Treads|Rapid Spin|p2a: Ferrothorn\n|-resisted|p2a: Ferrothorn\n|-damage|p2a: Ferrothorn|27/100\n|-boost|p1a: Iron Treads|spe|1\n|-damage|p1a: Iron Treads|2/100|[from] ability: Iron Barbs|[of] p2a: Ferrothorn\n|-sideend|p1: Crsiu|Spikes|[from] move: Rapid Spin|[of] p1a: Iron Treads\n|-sideend|p1: Crsiu|Stealth Rock|[from] move: Rapid Spin|[of] p1a: Iron Treads\n|\n|-weather|Sandstorm|[upkeep]\n|-heal|p2a: Ferrothorn|33/100|[from] item: Leftovers\n|upkeep\n|turn|14\n|inactive|Crsiu has 120 seconds left.\n|\n|t:|1771180510\n|move|p1a: Iron Treads|Endeavor|p2a: Ferrothorn\n|-damage|p2a: Ferrothorn|2/100\n|-damage|p1a: Iron Treads|0 fnt|[from] ability: Iron Barbs|[of] p2a: Ferrothorn\n|faint|p1a: Iron Treads\n|-end|p1a: Iron Treads|Quark Drive|[silent]\n|move|p2a: Ferrothorn|Spikes|p1: Iron Treads\n|-sidestart|p1: Crsiu|Spikes\n|\n|-weather|none\n|-heal|p2a: Ferrothorn|8/100|[from] item: Leftovers\n|upkeep\n|\n|t:|1771180522\n|switch|p1a: Blaziken|Blaziken, F, shiny|100/100\n|-damage|p1a: Blaziken|88/100|[from] Spikes\n|turn|15\n|\n|t:|1771180527\n|move|p1a: Blaziken|Blaze Kick|p2a: Ferrothorn\n|-supereffective|p2a: Ferrothorn\n|-damage|p2a: Ferrothorn|0 fnt\n|-damage|p1a: Blaziken|76/100|[from] ability: Iron Barbs|[of] p2a: Ferrothorn\n|faint|p2a: Ferrothorn\n|\n|-ability|p1a: Blaziken|Speed Boost|boost\n|-boost|p1a: Blaziken|spe|1\n|upkeep\n|\n|t:|1771180536\n|switch|p2a: Toxapex|Toxapex, F|100/100\n|turn|16\n|\n|t:|1771180540\n|switch|p1a: Raging Bolt|Raging Bolt|88/100\n|-damage|p1a: Raging Bolt|76/100|[from] Spikes\n|move|p2a: Toxapex|Haze|p2a: Toxapex\n|-clearallboost\n|\n|upkeep\n|turn|17\n|\n|t:|1771180547\n|switch|p2a: Tyranitar|Tyranitar-Mega, M|13/100\n|-weather|Sandstorm|[from] ability: Sand Stream|[of] p2a: Tyranitar\n|move|p1a: Raging Bolt|Thunderbolt|p2a: Tyranitar\n|-damage|p2a: Tyranitar|0 fnt\n|faint|p2a: Tyranitar\n|detailschange|p2: Tyranitar|Tyranitar, M|[silent]\n|\n|-weather|Sandstorm|[upkeep]\n|-damage|p1a: Raging Bolt|70/100|[from] Sandstorm\n|upkeep\n|\n|t:|1771180556\n|switch|p2a: Landorus|Landorus-Therian, M|100/100\n|-ability|p2a: Landorus|Intimidate|boost\n|-unboost|p1a: Raging Bolt|atk|1\n|turn|18\n|\n|t:|1771180559\n|-end|p1a: Raging Bolt|Protosynthesis|[silent]\n|switch|p1a: Blaziken|Blaziken, F, shiny|76/100\n|-damage|p1a: Blaziken|64/100|[from] Spikes\n|move|p2a: Landorus|Earthquake|p1a: Blaziken\n|-supereffective|p1a: Blaziken\n|-damage|p1a: Blaziken|0 fnt\n|faint|p1a: Blaziken\n|\n|-weather|Sandstorm|[upkeep]\n|upkeep\n|\n|t:|1771180562\n|switch|p1a: Ninetales|Ninetales-Alola, M|39/100\n|-damage|p1a: Ninetales|27/100|[from] Spikes\n|-weather|Snowscape|[from] ability: Snow Warning|[of] p1a: Ninetales\n|turn|19\n|\n|t:|1771180570\n|move|p2a: Landorus|Earthquake|p1a: Ninetales\n|-damage|p1a: Ninetales|0 fnt\n|faint|p1a: Ninetales\n|\n|-weather|Snowscape|[upkeep]\n|upkeep\n|\n|t:|1771180573\n|switch|p1a: Tapu Lele|Tapu Lele|100/100\n|-damage|p1a: Tapu Lele|88/100|[from] Spikes\n|-fieldstart|move: Psychic Terrain|[from] ability: Psychic Surge|[of] p1a: Tapu Lele\n|turn|20\n|\n|t:|1771180579\n|move|p1a: Tapu Lele|Psychic|p2a: Landorus\n|-damage|p2a: Landorus|24/100\n|move|p2a: Landorus|Earthquake|p1a: Tapu Lele\n|-crit|p1a: Tapu Lele\n|-damage|p1a: Tapu Lele|0 fnt\n|faint|p1a: Tapu Lele\n|\n|-weather|Snowscape|[upkeep]\n|upkeep\n|inactive|Crsiu has 120 seconds left.\n|inactive|Crsiu has 90 seconds left.\n|inactive|Crsiu has 60 seconds left.\n|inactive|Crsiu has 30 seconds left.\n|inactive|Crsiu has 20 seconds left.\n|inactive|Crsiu has 15 seconds left.\n|inactive|Crsiu has 10 seconds left.\n|inactive|Crsiu has 5 seconds left.\n|-message|Crsiu lost due to inactivity.\n|\n|win|WiwaxiaDu93\n|raw|Crsiu's rating: 1703 &rarr; <strong>1681</strong><br />(-22 for losing)\n|raw|WiwaxiaDu93's rating: 1672 &rarr; <strong>1694</strong><br />(+22 for winning)\n|l|☆WiwaxiaDu93\n|player|p2|\n", "uploadtime": 1771180950, "views": 10, "formatid": "gen9nationaldex", "rating": 1681, "private": 0, "password": null}