{"id": "gen9nationaldex-2540903933", "format": "[Gen 9] National Dex", "players": ["Might drago", "davidl07"], "log": "|j|☆Might drago\n|j|☆davidl07\n|t:|1771265673\n|gametype|singles\n|player|p1|Might drago|swimmerf-gen6|1598\n|player|p2|davidl07|lana|1561\n|gen|9\n|tier|[Gen 9] National Dex\n|rated|\n|rule|HP Percentage Mod: HP is shown in percentages\n|rule|Endless Battle Clause: Forcing endless battles is banned\n|rule|Species Clause: Limit one of each Pokémon\n|rule|OHKO Clause: OHKO moves are banned\n|rule|Evasion Clause: Evasion abilities, items, and moves are banned\n|rule|Evasion Abilities Clause: Evasion abilities are banned\n|rule|Evasion Items Clause: Evasion items are banned\n|rule|Evasion Moves Clause: Evasion moves are banned\n|rule|Sleep Clause Mod: Limit one foe put to sleep\n|rule|Terastal Clause: You cannot Terastallize\n|clearpoke\n|poke|p1|Garchomp, F|\n|poke|p1|Zamazenta-*|\n|poke|p1|Heatran, M|\n|poke|p1|Garganacl, F|\n|poke|p1|Venusaur, F|\n|poke|p1|Corviknight, F|\n|poke|p2|Swampert, M|\n|poke|p2|Heliolisk, M|\n|poke|p2|Goodra, M|\n|poke|p2|Pelipper, M|\n|poke|p2|Ogerpon-Cornerstone, F|\n|poke|p2|Melmetal|\n|teampreview\n|inactive|Battle timer is ON: inactive players will automatically lose when time's up. (requested by davidl07)\n|\n|t:|1771265693\n|teamsize|p1|6\n|teamsize|p2|6\n|start\n|switch|p1a: Garganacl|Garganacl, F|100/100\n|switch|p2a: Chilli Pepper|Heliolisk, M|100/100\n|turn|1\n|\n|t:|1771265696\n|move|p2a: Chilli Pepper|Volt Switch|p1a: Garganacl\n|-damage|p1a: Garganacl|69/100\n|\n|t:|1771265700\n|switch|p2a: Metallica|Melmetal, shiny|100/100|[from] Volt Switch\n|move|p1a: Garganacl|Salt Cure|p2a: Metallica\n|-resisted|p2a: Metallica\n|-damage|p2a: Metallica|97/100\n|-start|p2a: Metallica|Salt Cure\n|\n|-heal|p1a: Garganacl|75/100|[from] item: Leftovers\n|-damage|p2a: Metallica|72/100|[from] Salt Cure\n|upkeep\n|turn|2\n|\n|t:|1771265705\n|move|p1a: Garganacl|Protect|p1a: Garganacl\n|-singleturn|p1a: Garganacl|Protect\n|move|p2a: Metallica|Double Iron Bash|p1a: Garganacl\n|-activate|p1a: Garganacl|move: Protect\n|\n|-heal|p1a: Garganacl|81/100|[from] item: Leftovers\n|-damage|p2a: Metallica|47/100|[from] Salt Cure\n|upkeep\n|turn|3\n|\n|t:|1771265709\n|switch|p1a: Corviknight|Corviknight, F|100/100\n|-ability|p1a: Corviknight|Pressure\n|switch|p2a: Weather Report|Pelipper, M|100/100\n|-weather|RainDance|[from] ability: Drizzle|[of] p2a: Weather Report\n|\n|-weather|RainDance|[upkeep]\n|upkeep\n|turn|4\n|\n|t:|1771265711\n|move|p1a: Corviknight|U-turn|p2a: Weather Report\n|-resisted|p2a: Weather Report\n|-damage|p2a: Weather Report|93/100\n|\n|t:|1771265714\n|switch|p1a: Garganacl|Garganacl, F|81/100|[from] U-turn\n|move|p2a: Weather Report|Weather Ball|p1a: Garganacl\n|-supereffective|p1a: Garganacl\n|-damage|p1a: Garganacl|0 fnt\n|faint|p1a: Garganacl\n|\n|-weather|RainDance|[upkeep]\n|upkeep\n|\n|t:|1771265717\n|switch|p1a: Garchomp|Garchomp, F|100/100\n|turn|5\n|\n|t:|1771265734\n|move|p1a: Garchomp|Swords Dance|p1a: Garchomp\n|-boost|p1a: Garchomp|atk|2\n|move|p2a: Weather Report|U-turn|p1a: Garchomp\n|-damage|p1a: Garchomp|91/100\n|-damage|p2a: Weather Report|80/100|[from] ability: Rough Skin|[of] p1a: Garchomp\n|\n|t:|1771265737\n|switch|p2a: Tusk act 4|Swampert, M, shiny|100/100|[from] U-turn\n|\n|-weather|RainDance|[upkeep]\n|upkeep\n|turn|6\n|\n|t:|1771265740\n|switch|p1a: Corviknight|Corviknight, F|100/100\n|-ability|p1a: Corviknight|Pressure\n|detailschange|p2a: Tusk act 4|Swampert-Mega, M, shiny\n|-mega|p2a: Tusk act 4|Swampert|Swampertite\n|move|p2a: Tusk act 4|Liquidation|p1a: Corviknight\n|-damage|p1a: Corviknight|47/100\n|-damage|p2a: Tusk act 4|84/100|[from] item: Rocky Helmet|[of] p1a: Corviknight\n|\n|-weather|RainDance|[upkeep]\n|upkeep\n|turn|7\n|\n|t:|1771265743\n|move|p2a: Tusk act 4|Bulk Up|p2a: Tusk act 4\n|-boost|p2a: Tusk act 4|atk|1\n|-boost|p2a: Tusk act 4|def|1\n|move|p1a: Corviknight|Roost|p1a: Corviknight\n|-heal|p1a: Corviknight|97/100\n|-singleturn|p1a: Corviknight|move: Roost\n|\n|-weather|RainDance|[upkeep]\n|upkeep\n|turn|8\n|\n|t:|1771265745\n|move|p2a: Tusk act 4|Liquidation|p1a: Corviknight\n|-damage|p1a: Corviknight|17/100\n|-unboost|p1a: Corviknight|def|1\n|-damage|p2a: Tusk act 4|68/100|[from] item: Rocky Helmet|[of] p1a: Corviknight\n|move|p1a: Corviknight|U-turn|p2a: Tusk act 4\n|-damage|p2a: Tusk act 4|58/100\n|\n|t:|1771265747\n|switch|p1a: Venusaur|Venusaur, F|100/100|[from] U-turn\n|\n|-weather|RainDance|[upkeep]\n|upkeep\n|turn|9\n|\n|t:|1771265754\n|detailschange|p1a: Venusaur|Venusaur-Mega, F\n|-mega|p1a: Venusaur|Venusaur|Venusaurite\n|move|p2a: Tusk act 4|Earthquake|p1a: Venusaur\n|-damage|p1a: Venusaur|24/100\n|move|p1a: Venusaur|Giga Drain|p2a: Tusk act 4\n|-supereffective|p2a: Tusk act 4\n|-damage|p2a: Tusk act 4|0 fnt\n|-heal|p1a: Venusaur|52/100|[from] drain|[of] p2a: Tusk act 4\n|faint|p2a: Tusk act 4\n|detailschange|p2: Tusk act 4|Swampert, M, shiny|[silent]\n|\n|-weather|RainDance|[upkeep]\n|upkeep\n|\n|t:|1771265764\n|switch|p2a: Chilli Pepper|Heliolisk, M|100/100\n|turn|10\n|\n|t:|1771265774\n|switch|p1a: Corviknight|Corviknight, F|17/100\n|-ability|p1a: Corviknight|Pressure\n|move|p2a: Chilli Pepper|Hyper Voice|p1a: Corviknight\n|-resisted|p1a: Corviknight\n|-damage|p1a: Corviknight|0 fnt\n|faint|p1a: Corviknight\n|\n|-weather|none\n|upkeep\n|\n|t:|1771265777\n|switch|p1a: Garchomp|Garchomp, F|91/100\n|turn|11\n|\n|t:|1771265782\n|move|p2a: Chilli Pepper|Hyper Voice|p1a: Garchomp\n|-damage|p1a: Garchomp|18/100\n|move|p1a: Garchomp|Scale Shot|p2a: Chilli Pepper\n|-damage|p2a: Chilli Pepper|71/100\n|-damage|p2a: Chilli Pepper|44/100\n|-damage|p2a: Chilli Pepper|13/100\n|-damage|p2a: Chilli Pepper|0 fnt\n|faint|p2a: Chilli Pepper\n|-hitcount|p2: Chilli Pepper|4\n|-unboost|p1a: Garchomp|def|1\n|-boost|p1a: Garchomp|spe|1\n|\n|upkeep\n|\n|t:|1771265790\n|switch|p2a: Weather Report|Pelipper, M|80/100\n|-weather|RainDance|[from] ability: Drizzle|[of] p2a: Weather Report\n|turn|12\n|\n|t:|1771265795\n|move|p1a: Garchomp|Scale Shot|p2a: Weather Report\n|-damage|p2a: Weather Report|66/100\n|-damage|p2a: Weather Report|52/100\n|-damage|p2a: Weather Report|39/100\n|-damage|p2a: Weather Report|25/100\n|-damage|p2a: Weather Report|10/100\n|-hitcount|p2a: Weather Report|5\n|-unboost|p1a: Garchomp|def|1\n|-boost|p1a: Garchomp|spe|1\n|move|p2a: Weather Report|U-turn|p1a: Garchomp\n|-damage|p1a: Garchomp|0 fnt\n|-damage|p2a: Weather Report|0 fnt|[from] ability: Rough Skin|[of] p1a: Garchomp\n|faint|p1a: Garchomp\n|faint|p2a: Weather Report\n|\n|-weather|RainDance|[upkeep]\n|upkeep\n|\n|t:|1771265806\n|switch|p1a: Venusaur|Venusaur-Mega, F|52/100\n|switch|p2a: Sticky Fingers|Goodra, M|100/100\n|turn|13\n|\n|t:|1771265810\n|move|p1a: Venusaur|Synthesis|p1a: Venusaur\n|-heal|p1a: Venusaur|77/100\n|move|p2a: Sticky Fingers|Draco Meteor|p1a: Venusaur\n|-damage|p1a: Venusaur|21/100\n|-unboost|p2a: Sticky Fingers|spa|2\n|\n|-weather|RainDance|[upkeep]\n|upkeep\n|turn|14\n|\n|t:|1771265816\n|switch|p2a: Metallica|Melmetal, shiny|47/100\n|move|p1a: Venusaur|Synthesis|p1a: Venusaur\n|-heal|p1a: Venusaur|46/100\n|\n|-weather|RainDance|[upkeep]\n|upkeep\n|turn|15\n|\n|t:|1771265817\n|move|p1a: Venusaur|Earth Power|p2a: Metallica\n|-supereffective|p2a: Metallica\n|-damage|p2a: Metallica|0 fnt\n|faint|p2a: Metallica\n|\n|-weather|RainDance|[upkeep]\n|upkeep\n|\n|t:|1771265819\n|switch|p2a: Sticky Fingers|Goodra, M|100/100\n|turn|16\n|\n|t:|1771265823\n|switch|p1a: Heatran|Heatran, M|100/100\n|-item|p1a: Heatran|Air Balloon\n|move|p2a: Sticky Fingers|Surf|p1a: Heatran\n|-supereffective|p1a: Heatran\n|-damage|p1a: Heatran|6/100\n|-enditem|p1a: Heatran|Air Balloon\n|\n|-weather|RainDance|[upkeep]\n|upkeep\n|turn|17\n|\n|t:|1771265827\n|move|p1a: Heatran|Toxic|p2a: Sticky Fingers\n|-status|p2a: Sticky Fingers|tox\n|move|p2a: Sticky Fingers|Thunder|p1a: Heatran\n|-damage|p1a: Heatran|0 fnt\n|faint|p1a: Heatran\n|\n|-weather|RainDance|[upkeep]\n|-activate|p2a: Sticky Fingers|ability: Hydration\n|-curestatus|p2a: Sticky Fingers|tox|[msg]\n|upkeep\n|\n|t:|1771265830\n|switch|p1a: Zama Bin Laden|Zamazenta|100/100\n|-ability|p1a: Zama Bin Laden|Dauntless Shield|boost\n|-boost|p1a: Zama Bin Laden|def|1\n|turn|18\n|\n|t:|1771265836\n|move|p1a: Zama Bin Laden|Close Combat|p2a: Sticky Fingers\n|-damage|p2a: Sticky Fingers|30/100\n|-unboost|p1a: Zama Bin Laden|def|1\n|-unboost|p1a: Zama Bin Laden|spd|1\n|move|p2a: Sticky Fingers|Draco Meteor|p1a: Zama Bin Laden|[miss]\n|-miss|p2a: Sticky Fingers|p1a: Zama Bin Laden\n|\n|-weather|RainDance|[upkeep]\n|-heal|p2a: Sticky Fingers|37/100|[from] item: Leftovers\n|upkeep\n|turn|19\n|\n|t:|1771265844\n|move|p1a: Zama Bin Laden|Close Combat|p2a: Sticky Fingers\n|-damage|p2a: Sticky Fingers|0 fnt\n|-unboost|p1a: Zama Bin Laden|def|1\n|-unboost|p1a: Zama Bin Laden|spd|1\n|faint|p2a: Sticky Fingers\n|\n|-weather|none\n|upkeep\n|\n|t:|1771265845\n|switch|p2a: Catch the rainbow|Ogerpon-Cornerstone, F|100/100\n|turn|20\n|\n|t:|1771265848\n|move|p1a: Zama Bin Laden|Heavy Slam|p2a: Catch the rainbow\n|-supereffective|p2a: Catch the rainbow\n|-ability|p2a: Catch the rainbow|Sturdy\n|-damage|p2a: Catch the rainbow|1/100\n|move|p2a: Catch the rainbow|Horn Leech|p1a: Zama Bin Laden\n|-damage|p1a: Zama Bin Laden|35/100\n|-heal|p2a: Catch the rainbow|36/100|[from] drain|[of] p1a: Zama Bin Laden\n|\n|upkeep\n|turn|21\n|\n|t:|1771265856\n|move|p1a: Zama Bin Laden|Close Combat|p2a: Catch the rainbow\n|-supereffective|p2a: Catch the rainbow\n|-damage|p2a: Catch the rainbow|0 fnt\n|-unboost|p1a: Zama Bin Laden|def|1\n|-unboost|p1a: Zama Bin Laden|spd|1\n|faint|p2a: Catch the rainbow\n|\n|win|Might drago\n|raw|Might drago's rating: 1598 &rarr; <strong>1616</strong><br />(+18 for winning)\n|raw|davidl07's rating: 1561 &rarr; <strong>1543</strong><br />(-18 for losing)\n|l|☆Might drago\n|player|p1|\n", "uploadtime": 1771266032, "views": 2, "formatid": "gen9nationaldex", "rating": 1543, "private": 0, "password": null}