{"id": "gen9nationaldex-2540576497", "format": "[Gen 9] National Dex", "players": ["Machpunch93", "115599q"], "log": "|j|‽Machpunch93\n|j|☆115599q\n|t:|1771220679\n|gametype|singles\n|player|p1|Machpunch93|alder|1665\n|player|p2|115599q|169|1630\n|gen|9\n|tier|[Gen 9] National Dex\n|rated|\n|rule|HP Percentage Mod: HP is shown in percentages\n|rule|Endless Battle Clause: Forcing endless battles is banned\n|rule|Species Clause: Limit one of each Pokémon\n|rule|OHKO Clause: OHKO moves are banned\n|rule|Evasion Clause: Evasion abilities, items, and moves are banned\n|rule|Evasion Abilities Clause: Evasion abilities are banned\n|rule|Evasion Items Clause: Evasion items are banned\n|rule|Evasion Moves Clause: Evasion moves are banned\n|rule|Sleep Clause Mod: Limit one foe put to sleep\n|rule|Terastal Clause: You cannot Terastallize\n|clearpoke\n|poke|p1|Charizard, M|\n|poke|p1|Heatran, F|\n|poke|p1|Landorus-Therian, M|\n|poke|p1|Zapdos|\n|poke|p1|Zeraora|\n|poke|p1|Melmetal|\n|poke|p2|Latios, M|\n|poke|p2|Kingambit, F|\n|poke|p2|Zamazenta-*|\n|poke|p2|Weezing-Galar, M|\n|poke|p2|Moltres|\n|poke|p2|Ferrothorn, M|\n|teampreview\n|inactive|Battle timer is ON: inactive players will automatically lose when time's up. (requested by 115599q)\n|\n|t:|1771220688\n|teamsize|p1|6\n|teamsize|p2|6\n|start\n|switch|p1a: Zapdos|Zapdos|100/100\n|switch|p2a: Ferrothorn|Ferrothorn, M|100/100\n|turn|1\n|\n|t:|1771220695\n|move|p1a: Zapdos|Heat Wave|p2a: Ferrothorn\n|-supereffective|p2a: Ferrothorn\n|-damage|p2a: Ferrothorn|0 fnt\n|faint|p2a: Ferrothorn\n|\n|upkeep\n|\n|t:|1771220704\n|switch|p2a: Latios|Latios, M|100/100\n|turn|2\n|\n|t:|1771220710\n|detailschange|p2a: Latios|Latios-Mega, M\n|-mega|p2a: Latios|Latios|Latiosite\n|move|p2a: Latios|Luster Purge|p1a: Zapdos\n|-damage|p1a: Zapdos|38/100\n|move|p1a: Zapdos|Discharge|p2a: Latios\n|-resisted|p2a: Latios\n|-damage|p2a: Latios|80/100\n|-status|p2a: Latios|par\n|\n|upkeep\n|turn|3\n|\n|t:|1771220720\n|move|p1a: Zapdos|Hidden Power|p2a: Latios\n|-supereffective|p2a: Latios\n|-damage|p2a: Latios|36/100 par\n|move|p2a: Latios|Luster Purge|p1a: Zapdos\n|-damage|p1a: Zapdos|0 fnt\n|faint|p1a: Zapdos\n|\n|upkeep\n|\n|t:|1771220729\n|switch|p1a: Charizard|Charizard, M|100/100\n|turn|4\n|\n|t:|1771220733\n|detailschange|p1a: Charizard|Charizard-Mega-Y, M\n|-mega|p1a: Charizard|Charizard|Charizardite Y\n|-weather|SunnyDay|[from] ability: Drought|[of] p1a: Charizard\n|move|p1a: Charizard|Air Slash|p2a: Latios\n|-damage|p2a: Latios|0 fnt\n|faint|p2a: Latios\n|detailschange|p2: Latios|Latios, M|[silent]\n|\n|-weather|SunnyDay|[upkeep]\n|upkeep\n|\n|t:|1771220742\n|switch|p2a: Moltres|Moltres|100/100\n|turn|5\n|\n|t:|1771220748\n|move|p1a: Charizard|Air Slash|p2a: Moltres\n|-damage|p2a: Moltres|69/100\n|move|p2a: Moltres|Toxic|p1a: Charizard|[miss]\n|-miss|p2a: Moltres|p1a: Charizard\n|\n|-weather|SunnyDay|[upkeep]\n|upkeep\n|turn|6\n|\n|t:|1771220755\n|switch|p1a: Heatran|Heatran, F|100/100\n|move|p2a: Moltres|Roost|p2a: Moltres\n|-heal|p2a: Moltres|100/100\n|-singleturn|p2a: Moltres|move: Roost\n|\n|-weather|SunnyDay|[upkeep]\n|upkeep\n|turn|7\n|\n|t:|1771220770\n|move|p1a: Heatran|Magma Storm|p2a: Moltres|[miss]\n|-miss|p1a: Heatran|p2a: Moltres\n|move|p2a: Moltres|U-turn|p1a: Heatran\n|-resisted|p1a: Heatran\n|-damage|p1a: Heatran|97/100\n|\n|t:|1771220772\n|switch|p2a: Zamazenta|Zamazenta|100/100|[from] U-turn\n|-ability|p2a: Zamazenta|Dauntless Shield|boost\n|-boost|p2a: Zamazenta|def|1\n|\n|-weather|SunnyDay|[upkeep]\n|upkeep\n|turn|8\n|\n|t:|1771220786\n|switch|p2a: Moltres|Moltres|100/100\n|move|p1a: Heatran|Magma Storm|p2a: Moltres\n|-resisted|p2a: Moltres\n|-crit|p2a: Moltres\n|-damage|p2a: Moltres|55/100\n|-activate|p2a: Moltres|move: Magma Storm|[of] p1a: Heatran\n|\n|-weather|none\n|-damage|p2a: Moltres|43/100|[from] move: Magma Storm|[partiallytrapped]\n|upkeep\n|turn|9\n|\n|t:|1771220795\n|move|p1a: Heatran|Taunt|p2a: Moltres\n|-start|p2a: Moltres|move: Taunt\n|cant|p2a: Moltres|move: Taunt|Roost\n|\n|-damage|p2a: Moltres|30/100|[from] move: Magma Storm|[partiallytrapped]\n|upkeep\n|turn|10\n|\n|t:|1771220803\n|move|p1a: Heatran|Magma Storm|p2a: Moltres|[miss]\n|-miss|p1a: Heatran|p2a: Moltres\n|move|p2a: Moltres|U-turn|p1a: Heatran\n|-resisted|p1a: Heatran\n|-damage|p1a: Heatran|93/100\n|\n|t:|1771220805\n|switch|p2a: Zamazenta|Zamazenta|100/100|[from] U-turn\n|\n|upkeep\n|turn|11\n|\n|t:|1771220818\n|move|p2a: Zamazenta|Close Combat|p1a: Heatran\n|-supereffective|p1a: Heatran\n|-damage|p1a: Heatran|0 fnt\n|-unboost|p2a: Zamazenta|def|1\n|-unboost|p2a: Zamazenta|spd|1\n|faint|p1a: Heatran\n|\n|upkeep\n|\n|t:|1771220824\n|switch|p1a: Zeraora|Zeraora|100/100\n|turn|12\n|\n|t:|1771220829\n|switch|p1a: Charizard|Charizard-Mega-Y, M|100/100\n|-weather|SunnyDay|[from] ability: Drought|[of] p1a: Charizard\n|switch|p2a: Weezing|Weezing-Galar, M|100/100\n|-ability|p2a: Weezing|Neutralizing Gas\n|\n|-weather|SunnyDay|[upkeep]\n|upkeep\n|turn|13\n|\n|t:|1771220852\n|move|p1a: Charizard|Fire Blast|p2a: Weezing\n|-damage|p2a: Weezing|0 fnt\n|faint|p2a: Weezing\n|-end|p2a: Weezing|ability: Neutralizing Gas\n|\n|-weather|SunnyDay|[upkeep]\n|upkeep\n|\n|t:|1771220855\n|switch|p2a: Zamazenta|Zamazenta|100/100\n|turn|14\n|\n|t:|1771220861\n|switch|p1a: Landorus|Landorus-Therian, M|100/100\n|-ability|p1a: Landorus|Intimidate|boost\n|-unboost|p2a: Zamazenta|atk|1\n|move|p2a: Zamazenta|Stone Edge|p1a: Landorus|[miss]\n|-miss|p2a: Zamazenta|p1a: Landorus\n|\n|-weather|SunnyDay|[upkeep]\n|upkeep\n|turn|15\n|\n|t:|1771220869\n|switch|p1a: Zeraora|Zeraora|100/100\n|switch|p2a: Moltres|Moltres|30/100\n|\n|-weather|SunnyDay|[upkeep]\n|upkeep\n|turn|16\n|\n|t:|1771220878\n|move|p1a: Zeraora|Plasma Fists|p2a: Moltres\n|-supereffective|p2a: Moltres\n|-damage|p2a: Moltres|0 fnt\n|-fieldactivate|move: Ion Deluge\n|-hint|Normal-type moves become Electric-type after using Plasma Fists.\n|faint|p2a: Moltres\n|\n|-weather|none\n|upkeep\n|\n|t:|1771220880\n|switch|p2a: Zamazenta|Zamazenta|100/100\n|turn|17\n|\n|t:|1771220888\n|move|p1a: Zeraora|Bulk Up|p1a: Zeraora\n|-boost|p1a: Zeraora|atk|1\n|-boost|p1a: Zeraora|def|1\n|move|p2a: Zamazenta|Close Combat|p1a: Zeraora\n|-damage|p1a: Zeraora|20/100\n|-unboost|p2a: Zamazenta|def|1\n|-unboost|p2a: Zamazenta|spd|1\n|\n|-heal|p1a: Zeraora|26/100|[from] item: Leftovers\n|upkeep\n|turn|18\n|\n|t:|1771220900\n|switch|p2a: Kingambit|Kingambit, F|100/100\n|-activate|p2a: Kingambit|ability: Supreme Overlord\n|-start|p2a: Kingambit|fallen4|[silent]\n|move|p1a: Zeraora|Play Rough|p2a: Kingambit\n|-damage|p2a: Kingambit|68/100\n|-unboost|p2a: Kingambit|atk|1\n|\n|-heal|p1a: Zeraora|32/100|[from] item: Leftovers\n|upkeep\n|turn|19\n|\n|t:|1771220915\n|move|p1a: Zeraora|Drain Punch|p2a: Kingambit\n|-supereffective|p2a: Kingambit\n|-damage|p2a: Kingambit|0 fnt\n|-heal|p1a: Zeraora|73/100|[from] drain|[of] p2a: Kingambit\n|faint|p2a: Kingambit\n|-end|p2a: Kingambit|fallen4|[silent]\n|\n|-heal|p1a: Zeraora|79/100|[from] item: Leftovers\n|upkeep\n|\n|t:|1771220917\n|switch|p2a: Zamazenta|Zamazenta|100/100\n|turn|20\n|-message|115599q forfeited.\n|\n|win|Machpunch93\n|raw|Machpunch93's rating: 1665 &rarr; <strong>1683</strong><br />(+18 for winning)\n|raw|115599q's rating: 1630 &rarr; <strong>1612</strong><br />(-18 for losing)\n|l|☆115599q\n|player|p2|\n|l|‽Machpunch93\n|player|p1|\n", "uploadtime": 1771221173, "views": 5, "formatid": "gen9nationaldex", "rating": 1612, "private": 0, "password": null}