{"id": "gen9nationaldex-2540780684", "format": "[Gen 9] National Dex", "players": ["riderzitto5", "DriftedEx"], "log": "|j|☆riderzitto5\n|j|☆DriftedEx\n|t:|1771253234\n|gametype|singles\n|player|p1|riderzitto5|petrel|1721\n|player|p2|DriftedEx|rocketgrunt|1609\n|gen|9\n|tier|[Gen 9] National Dex\n|rated|\n|rule|HP Percentage Mod: HP is shown in percentages\n|rule|Endless Battle Clause: Forcing endless battles is banned\n|rule|Species Clause: Limit one of each Pokémon\n|rule|OHKO Clause: OHKO moves are banned\n|rule|Evasion Clause: Evasion abilities, items, and moves are banned\n|rule|Evasion Abilities Clause: Evasion abilities are banned\n|rule|Evasion Items Clause: Evasion items are banned\n|rule|Evasion Moves Clause: Evasion moves are banned\n|rule|Sleep Clause Mod: Limit one foe put to sleep\n|rule|Terastal Clause: You cannot Terastallize\n|clearpoke\n|poke|p1|Chansey, F|\n|poke|p1|Toxapex, F|\n|poke|p1|Corviknight, F|\n|poke|p1|Clodsire, F|\n|poke|p1|Dondozo, M|\n|poke|p1|Sableye, F|\n|poke|p2|Torkoal, F|\n|poke|p2|Charizard, M|\n|poke|p2|Gholdengo|\n|poke|p2|Landorus-Therian, M|\n|poke|p2|Raging Bolt|\n|poke|p2|Venusaur, M|\n|teampreview\n|inactive|Battle timer is ON: inactive players will automatically lose when time's up. (requested by DriftedEx)\n|inactive|riderzitto5 has 120 seconds left.\n|\n|t:|1771253264\n|teamsize|p1|6\n|teamsize|p2|6\n|start\n|switch|p1a: Timid|Sableye, F, shiny|100/100\n|switch|p2a: Raging Bolt|Raging Bolt|100/100\n|turn|1\n|\n|t:|1771253269\n|detailschange|p1a: Timid|Sableye-Mega, F, shiny\n|-mega|p1a: Timid|Sableye|Sablenite\n|move|p1a: Timid|Protect|p1a: Timid\n|-singleturn|p1a: Timid|Protect\n|move|p2a: Raging Bolt|Calm Mind|p2a: Raging Bolt\n|-boost|p2a: Raging Bolt|spa|1\n|-boost|p2a: Raging Bolt|spd|1\n|\n|upkeep\n|turn|2\n|\n|t:|1771253279\n|switch|p1a: EggChan|Chansey, F, shiny|100/100\n|move|p2a: Raging Bolt|Draco Meteor|p1a: EggChan\n|-damage|p1a: EggChan|74/100\n|-unboost|p2a: Raging Bolt|spa|2\n|\n|upkeep\n|turn|3\n|\n|t:|1771253286\n|-end|p2a: Raging Bolt|Protosynthesis|[silent]\n|switch|p2a: Gholdengo|Gholdengo|100/100\n|move|p1a: EggChan|Soft-Boiled|p1a: EggChan\n|-heal|p1a: EggChan|100/100\n|\n|upkeep\n|turn|4\n|\n|t:|1771253289\n|switch|p1a: hehhehe|Clodsire, F, shiny|100/100\n|move|p2a: Gholdengo|Thunder Wave|p1a: hehhehe\n|-immune|p1a: hehhehe\n|\n|upkeep\n|turn|5\n|\n|t:|1771253296\n|switch|p2a: Landorus|Landorus-Therian, M|100/100\n|-ability|p2a: Landorus|Intimidate|boost\n|-unboost|p1a: hehhehe|atk|1\n|move|p1a: hehhehe|Stealth Rock|p2a: Landorus\n|-sidestart|p2: DriftedEx|move: Stealth Rock\n|\n|upkeep\n|turn|6\n|\n|t:|1771253299\n|switch|p1a: Your BF|Corviknight, F|100/100\n|-ability|p1a: Your BF|Pressure\n|move|p2a: Landorus|Defog|p1a: Your BF\n|-unboost|p1a: Your BF|evasion|1\n|-sideend|p2: DriftedEx|Stealth Rock|[from] move: Defog|[of] p2a: Landorus\n|\n|upkeep\n|turn|7\n|\n|t:|1771253307\n|switch|p2a: Gholdengo|Gholdengo|100/100\n|switch|p1a: Timid|Sableye-Mega, F, shiny|100/100\n|\n|upkeep\n|turn|8\n|\n|t:|1771253316\n|switch|p2a: Torkoal|Torkoal, F|100/100\n|-weather|SunnyDay|[from] ability: Drought|[of] p2a: Torkoal\n|move|p1a: Timid|Knock Off|p2a: Torkoal\n|-damage|p2a: Torkoal|78/100\n|-enditem|p2a: Torkoal|Heat Rock|[from] move: Knock Off|[of] p1a: Timid\n|\n|-weather|SunnyDay|[upkeep]\n|upkeep\n|turn|9\n|\n|t:|1771253324\n|move|p1a: Timid|Protect|p1a: Timid\n|-singleturn|p1a: Timid|Protect\n|move|p2a: Torkoal|Lava Plume|p1a: Timid\n|-activate|p1a: Timid|move: Protect\n|\n|-weather|SunnyDay|[upkeep]\n|upkeep\n|turn|10\n|\n|t:|1771253331\n|move|p2a: Torkoal|Lava Plume|p1a: Timid\n|-damage|p1a: Timid|67/100\n|move|p1a: Timid|Recover|p1a: Timid\n|-heal|p1a: Timid|100/100\n|\n|-weather|SunnyDay|[upkeep]\n|upkeep\n|turn|11\n|\n|t:|1771253336\n|switch|p1a: EggChan|Chansey, F, shiny|100/100\n|move|p2a: Torkoal|Lava Plume|p1a: EggChan\n|-damage|p1a: EggChan|91/100\n|\n|-weather|SunnyDay|[upkeep]\n|upkeep\n|turn|12\n|\n|t:|1771253341\n|move|p1a: EggChan|Toxic|p2a: Torkoal\n|-status|p2a: Torkoal|tox\n|move|p2a: Torkoal|Lava Plume|p1a: EggChan\n|-damage|p1a: EggChan|81/100\n|\n|-weather|SunnyDay|[upkeep]\n|-damage|p2a: Torkoal|72/100 tox|[from] psn\n|upkeep\n|turn|13\n|\n|t:|1771253350\n|move|p1a: EggChan|Wish|p1a: EggChan\n|move|p2a: Torkoal|Stealth Rock|p1a: EggChan\n|-sidestart|p1: riderzitto5|move: Stealth Rock\n|\n|-weather|SunnyDay|[upkeep]\n|-damage|p2a: Torkoal|59/100 tox|[from] psn\n|upkeep\n|turn|14\n|\n|t:|1771253355\n|switch|p2a: Raging Bolt|Raging Bolt|100/100\n|-activate|p2a: Raging Bolt|ability: Protosynthesis\n|-start|p2a: Raging Bolt|protosynthesisspa\n|move|p1a: EggChan|Seismic Toss|p2a: Raging Bolt\n|-damage|p2a: Raging Bolt|75/100\n|\n|-weather|SunnyDay|[upkeep]\n|-heal|p1a: EggChan|100/100|[from] move: Wish|[wisher] EggChan\n|upkeep\n|turn|15\n|\n|t:|1771253358\n|move|p2a: Raging Bolt|Calm Mind|p2a: Raging Bolt\n|-boost|p2a: Raging Bolt|spa|1\n|-boost|p2a: Raging Bolt|spd|1\n|move|p1a: EggChan|Toxic|p2a: Raging Bolt|[miss]\n|-miss|p1a: EggChan|p2a: Raging Bolt\n|\n|-weather|none\n|-end|p2a: Raging Bolt|Protosynthesis\n|upkeep\n|turn|16\n|\n|t:|1771253363\n|move|p2a: Raging Bolt|Calm Mind|p2a: Raging Bolt\n|-boost|p2a: Raging Bolt|spa|1\n|-boost|p2a: Raging Bolt|spd|1\n|move|p1a: EggChan|Toxic|p2a: Raging Bolt\n|-status|p2a: Raging Bolt|tox\n|\n|-damage|p2a: Raging Bolt|69/100 tox|[from] psn\n|upkeep\n|turn|17\n|\n|t:|1771253367\n|move|p2a: Raging Bolt|Calm Mind|p2a: Raging Bolt\n|-boost|p2a: Raging Bolt|spa|1\n|-boost|p2a: Raging Bolt|spd|1\n|move|p1a: EggChan|Wish|p1a: EggChan\n|\n|-damage|p2a: Raging Bolt|57/100 tox|[from] psn\n|upkeep\n|turn|18\n|\n|t:|1771253370\n|move|p2a: Raging Bolt|Calm Mind|p2a: Raging Bolt\n|-boost|p2a: Raging Bolt|spa|1\n|-boost|p2a: Raging Bolt|spd|1\n|move|p1a: EggChan|Seismic Toss|p2a: Raging Bolt\n|-damage|p2a: Raging Bolt|31/100 tox\n|\n|-damage|p2a: Raging Bolt|13/100 tox|[from] psn\n|upkeep\n|turn|19\n|\n|t:|1771253372\n|-zpower|p2a: Raging Bolt\n|move|p2a: Raging Bolt|Devastating Drake|p1a: EggChan|[zeffect]\n|-damage|p1a: EggChan|20/100\n|move|p1a: EggChan|Soft-Boiled|p1a: EggChan\n|-heal|p1a: EggChan|70/100\n|\n|-damage|p2a: Raging Bolt|0 fnt|[from] psn\n|faint|p2a: Raging Bolt\n|-end|p2a: Raging Bolt|Protosynthesis|[silent]\n|upkeep\n|\n|t:|1771253381\n|switch|p2a: Charizard|Charizard, M|100/100\n|turn|20\n|\n|t:|1771253384\n|detailschange|p2a: Charizard|Charizard-Mega-X, M\n|-mega|p2a: Charizard|Charizard|Charizardite X\n|move|p2a: Charizard|Flare Blitz|p1a: EggChan\n|-damage|p1a: EggChan|13/100\n|-damage|p2a: Charizard|60/100|[from] Recoil\n|move|p1a: EggChan|Soft-Boiled|p1a: EggChan\n|-heal|p1a: EggChan|63/100\n|\n|upkeep\n|turn|21\n|\n|t:|1771253391\n|switch|p1a: Fish|Dondozo, M, shiny|100/100\n|-damage|p1a: Fish|88/100|[from] Stealth Rock\n|move|p2a: Charizard|Outrage|p1a: Fish\n|-crit|p1a: Fish\n|-damage|p1a: Fish|31/100\n|\n|-heal|p1a: Fish|38/100|[from] item: Leftovers\n|upkeep\n|turn|22\n|\n|t:|1771253399\n|move|p2a: Charizard|Outrage|p1a: Fish|[from] lockedmove\n|-damage|p1a: Fish|4/100\n|move|p1a: Fish|Rest|p1a: Fish\n|-status|p1a: Fish|slp|[from] move: Rest\n|-heal|p1a: Fish|100/100 slp|[silent]\n|\n|upkeep\n|turn|23\n|\n|t:|1771253402\n|move|p2a: Charizard|Outrage|p1a: Fish|[from] lockedmove\n|-damage|p1a: Fish|61/100 slp\n|-start|p2a: Charizard|confusion|[fatigue]\n|cant|p1a: Fish|slp\n|\n|-heal|p1a: Fish|67/100 slp|[from] item: Leftovers\n|upkeep\n|turn|24\n|\n|t:|1771253405\n|-activate|p2a: Charizard|confusion\n|move|p2a: Charizard|Outrage|p1a: Fish\n|-damage|p1a: Fish|33/100 slp\n|cant|p1a: Fish|slp\n|move|p1a: Fish|Sleep Talk|p1a: Fish\n|move|p1a: Fish|Waterfall|p2a: Charizard|[from] move: Sleep Talk\n|-damage|p2a: Charizard|29/100\n|\n|-heal|p1a: Fish|39/100 slp|[from] item: Leftovers\n|upkeep\n|turn|25\n|\n|t:|1771253410\n|-end|p2a: Charizard|confusion\n|move|p2a: Charizard|Outrage|p1a: Fish|[from] lockedmove\n|-damage|p1a: Fish|1/100 slp\n|-curestatus|p1a: Fish|slp|[msg]\n|move|p1a: Fish|Rest|p1a: Fish\n|-status|p1a: Fish|slp|[from] move: Rest\n|-heal|p1a: Fish|100/100 slp|[silent]\n|\n|upkeep\n|turn|26\n|\n|t:|1771253414\n|move|p2a: Charizard|Outrage|p1a: Fish|[from] lockedmove\n|-damage|p1a: Fish|67/100 slp\n|-start|p2a: Charizard|confusion|[fatigue]\n|cant|p1a: Fish|slp\n|move|p1a: Fish|Sleep Talk|p1a: Fish\n|move|p1a: Fish|Curse|p1a: Fish|[from] move: Sleep Talk\n|-unboost|p1a: Fish|spe|1\n|-boost|p1a: Fish|atk|1\n|-boost|p1a: Fish|def|1\n|\n|-heal|p1a: Fish|73/100 slp|[from] item: Leftovers\n|upkeep\n|turn|27\n|\n|t:|1771253418\n|switch|p2a: Gholdengo|Gholdengo|100/100\n|cant|p1a: Fish|slp\n|move|p1a: Fish|Sleep Talk|p1a: Fish\n|move|p1a: Fish|Waterfall|p2a: Gholdengo|[from] move: Sleep Talk\n|-damage|p2a: Gholdengo|69/100\n|-damage|p1a: Fish|56/100 slp|[from] item: Rocky Helmet|[of] p2a: Gholdengo\n|\n|-heal|p1a: Fish|63/100 slp|[from] item: Leftovers\n|upkeep\n|turn|28\n|-message|DriftedEx forfeited.\n|\n|win|riderzitto5\n|raw|riderzitto5's rating: 1721 &rarr; <strong>1735</strong><br />(+14 for winning)\n|raw|DriftedEx's rating: 1609 &rarr; <strong>1595</strong><br />(-14 for losing)\n|l|☆riderzitto5\n|player|p1|\n|l|☆DriftedEx\n|player|p2|\n", "uploadtime": 1771253674, "views": 4, "formatid": "gen9nationaldex", "rating": 1595, "private": 0, "password": null}