{"id": "gen9nationaldex-2540453615", "format": "[Gen 9] National Dex", "players": ["slysly", "kidd0s2"], "log": "|j|☆slysly\n|j|☆kidd0s2\n|t:|1771203946\n|gametype|singles\n|player|p1|slysly|170|1657\n|player|p2|kidd0s2|channeler-gen3|1685\n|gen|9\n|tier|[Gen 9] National Dex\n|rated|\n|rule|HP Percentage Mod: HP is shown in percentages\n|rule|Endless Battle Clause: Forcing endless battles is banned\n|rule|Species Clause: Limit one of each Pokémon\n|rule|OHKO Clause: OHKO moves are banned\n|rule|Evasion Clause: Evasion abilities, items, and moves are banned\n|rule|Evasion Abilities Clause: Evasion abilities are banned\n|rule|Evasion Items Clause: Evasion items are banned\n|rule|Evasion Moves Clause: Evasion moves are banned\n|rule|Sleep Clause Mod: Limit one foe put to sleep\n|rule|Terastal Clause: You cannot Terastallize\n|clearpoke\n|poke|p1|Hippowdon, M|\n|poke|p1|Excadrill, M|\n|poke|p1|Latios, M|\n|poke|p1|Tornadus-Therian, M|\n|poke|p1|Tapu Lele|\n|poke|p1|Dracozolt|\n|poke|p2|Amoonguss, F|\n|poke|p2|Scizor, F|\n|poke|p2|Alomomola, L99, M|\n|poke|p2|Hatterene, F|\n|poke|p2|Tornadus-Therian, M|\n|poke|p2|Great Tusk|\n|teampreview\n|inactive|Battle timer is ON: inactive players will automatically lose when time's up. (requested by slysly)\n|\n|t:|1771203970\n|teamsize|p1|6\n|teamsize|p2|6\n|start\n|switch|p1a: Tornadus|Tornadus-Therian, M|100/100\n|switch|p2a: Scizor|Scizor, F|100/100\n|turn|1\n|\n|t:|1771203979\n|switch|p2a: Alomomola|Alomomola, L99, M|100/100\n|move|p1a: Tornadus|Heat Wave|p2a: Alomomola\n|-resisted|p2a: Alomomola\n|-damage|p2a: Alomomola|95/100\n|\n|upkeep\n|turn|2\n|\n|t:|1771203984\n|move|p1a: Tornadus|Knock Off|p2a: Alomomola\n|-damage|p2a: Alomomola|76/100\n|-enditem|p2a: Alomomola|Assault Vest|[from] move: Knock Off|[of] p1a: Tornadus\n|move|p2a: Alomomola|Flip Turn|p1a: Tornadus\n|-damage|p1a: Tornadus|81/100\n|\n|t:|1771203987\n|switch|p2a: Hatterene|Hatterene, F|100/100|[from] Flip Turn\n|\n|upkeep\n|turn|3\n|\n|t:|1771203991\n|move|p1a: Tornadus|Knock Off|p2a: Hatterene\n|-damage|p2a: Hatterene|83/100\n|-damage|p1a: Tornadus|65/100|[from] item: Rocky Helmet|[of] p2a: Hatterene\n|-enditem|p2a: Hatterene|Rocky Helmet|[from] move: Knock Off|[of] p1a: Tornadus\n|move|p2a: Hatterene|Mystical Fire|p1a: Tornadus\n|-damage|p1a: Tornadus|50/100\n|-unboost|p1a: Tornadus|spa|1\n|\n|upkeep\n|turn|4\n|\n|t:|1771203996\n|move|p1a: Tornadus|U-turn|p2a: Hatterene\n|-damage|p2a: Hatterene|69/100\n|\n|t:|1771204005\n|switch|p1a: Tapu Lele|Tapu Lele|100/100|[from] U-turn\n|-fieldstart|move: Psychic Terrain|[from] ability: Psychic Surge|[of] p1a: Tapu Lele\n|move|p2a: Hatterene|Psychic Noise|p1a: Tapu Lele\n|-resisted|p1a: Tapu Lele\n|-damage|p1a: Tapu Lele|78/100\n|-start|p1a: Tapu Lele|move: Heal Block\n|\n|upkeep\n|turn|5\n|\n|t:|1771204009\n|switch|p2a: Alomomola|Alomomola, L99, M|100/100\n|move|p1a: Tapu Lele|Moonblast|p2a: Alomomola\n|-damage|p2a: Alomomola|61/100\n|\n|-end|p1a: Tapu Lele|move: Heal Block\n|upkeep\n|turn|6\n|\n|t:|1771204017\n|switch|p1a: Latios|Latios, M|100/100\n|move|p2a: Alomomola|Flip Turn|p1a: Latios\n|-resisted|p1a: Latios\n|-damage|p1a: Latios|90/100\n|\n|t:|1771204023\n|switch|p2a: Tornadus|Tornadus-Therian, M|100/100|[from] Flip Turn\n|\n|upkeep\n|turn|7\n|\n|t:|1771204028\n|detailschange|p1a: Latios|Latios-Mega, M\n|-mega|p1a: Latios|Latios|Latiosite\n|move|p2a: Tornadus|Nasty Plot|p2a: Tornadus\n|-boost|p2a: Tornadus|spa|2\n|move|p1a: Latios|Flip Turn|p2a: Tornadus\n|-damage|p2a: Tornadus|79/100\n|\n|t:|1771204034\n|switch|p1a: Tapu Lele|Tapu Lele|78/100|[from] Flip Turn\n|\n|upkeep\n|turn|8\n|\n|t:|1771204047\n|move|p1a: Tapu Lele|Psychic|p2a: Tornadus\n|-damage|p2a: Tornadus|8/100\n|-zpower|p2a: Tornadus\n|move|p2a: Tornadus|Supersonic Skystrike|p1a: Tapu Lele|[zeffect]\n|-damage|p1a: Tapu Lele|0 fnt\n|faint|p1a: Tapu Lele\n|\n|-fieldend|move: Psychic Terrain\n|upkeep\n|\n|t:|1771204055\n|switch|p1a: Tornadus|Tornadus-Therian, M|83/100\n|turn|9\n|\n|t:|1771204063\n|switch|p2a: Alomomola|Alomomola, L99, M|95/100\n|move|p1a: Tornadus|U-turn|p2a: Alomomola\n|-damage|p2a: Alomomola|81/100\n|\n|t:|1771204068\n|switch|p1a: Latios|Latios-Mega, M|90/100|[from] U-turn\n|\n|upkeep\n|turn|10\n|\n|t:|1771204072\n|move|p1a: Latios|Substitute|p1a: Latios\n|-start|p1a: Latios|Substitute\n|-damage|p1a: Latios|65/100\n|move|p2a: Alomomola|Mirror Coat||[still]\n|-fail|p2a: Alomomola\n|\n|upkeep\n|turn|11\n|\n|t:|1771204075\n|move|p1a: Latios|Luster Purge|p2a: Alomomola\n|-crit|p2a: Alomomola\n|-damage|p2a: Alomomola|18/100\n|move|p2a: Alomomola|Play Rough|p1a: Latios\n|-supereffective|p1a: Latios\n|-end|p1a: Latios|Substitute\n|\n|upkeep\n|turn|12\n|\n|t:|1771204081\n|switch|p2a: Hatterene|Hatterene, F|69/100\n|move|p1a: Latios|Substitute|p1a: Latios\n|-start|p1a: Latios|Substitute\n|-damage|p1a: Latios|40/100\n|\n|upkeep\n|turn|13\n|\n|t:|1771204085\n|move|p1a: Latios|Mystical Fire|p2a: Hatterene\n|-damage|p2a: Hatterene|40/100\n|-unboost|p2a: Hatterene|spa|1\n|move|p2a: Hatterene|Psychic Noise|p1a: Latios\n|-resisted|p1a: Latios\n|-damage|p1a: Latios|29/100\n|-start|p1a: Latios|move: Heal Block\n|\n|upkeep\n|turn|14\n|\n|t:|1771204089\n|move|p1a: Latios|Mystical Fire|p2a: Hatterene\n|-damage|p2a: Hatterene|7/100\n|-unboost|p2a: Hatterene|spa|1\n|move|p2a: Hatterene|Dazzling Gleam|p1a: Latios\n|-supereffective|p1a: Latios\n|-end|p1a: Latios|Substitute\n|\n|-end|p1a: Latios|move: Heal Block\n|upkeep\n|turn|15\n|\n|t:|1771204097\n|move|p1a: Latios|Luster Purge|p2a: Hatterene\n|-resisted|p2a: Hatterene\n|-damage|p2a: Hatterene|0 fnt\n|faint|p2a: Hatterene\n|\n|upkeep\n|\n|t:|1771204100\n|switch|p2a: Scizor|Scizor, F|100/100\n|turn|16\n|\n|t:|1771204107\n|switch|p1a: Hippowdon|Hippowdon, M|100/100\n|-weather|Sandstorm|[from] ability: Sand Stream|[of] p1a: Hippowdon\n|detailschange|p2a: Scizor|Scizor-Mega, F\n|-mega|p2a: Scizor|Scizor|Scizorite\n|move|p2a: Scizor|Bullet Punch|p1a: Hippowdon\n|-damage|p1a: Hippowdon|84/100\n|\n|-weather|Sandstorm|[upkeep]\n|upkeep\n|turn|17\n|\n|t:|1771204110\n|move|p2a: Scizor|Swords Dance|p2a: Scizor\n|-boost|p2a: Scizor|atk|2\n|move|p1a: Hippowdon|Stealth Rock|p2a: Scizor\n|-sidestart|p2: kidd0s2|move: Stealth Rock\n|\n|-weather|Sandstorm|[upkeep]\n|upkeep\n|turn|18\n|\n|t:|1771204113\n|move|p2a: Scizor|Swords Dance|p2a: Scizor\n|-boost|p2a: Scizor|atk|2\n|move|p1a: Hippowdon|Whirlwind|p2a: Scizor\n|drag|p2a: Tornadus|Tornadus-Therian, M|41/100\n|-damage|p2a: Tornadus|17/100|[from] Stealth Rock\n|\n|-weather|Sandstorm|[upkeep]\n|-damage|p2a: Tornadus|11/100|[from] Sandstorm\n|upkeep\n|turn|19\n|\n|t:|1771204120\n|switch|p1a: Dracozolt|Dracozolt|100/100\n|move|p2a: Tornadus|Taunt|p1a: Dracozolt\n|-start|p1a: Dracozolt|move: Taunt\n|\n|-weather|Sandstorm|[upkeep]\n|-damage|p2a: Tornadus|5/100|[from] Sandstorm\n|upkeep\n|turn|20\n|\n|t:|1771204129\n|switch|p2a: Amoonguss|Amoonguss, F|100/100\n|move|p1a: Dracozolt|Dragon Claw|p2a: Amoonguss\n|-damage|p2a: Amoonguss|64/100\n|-damage|p1a: Dracozolt|91/100|[from] item: Life Orb\n|\n|-weather|Sandstorm|[upkeep]\n|-damage|p2a: Amoonguss|58/100|[from] Sandstorm\n|upkeep\n|turn|21\n|\n|t:|1771204143\n|move|p1a: Dracozolt|Outrage|p2a: Amoonguss\n|-damage|p2a: Amoonguss|7/100\n|-damage|p1a: Dracozolt|81/100|[from] item: Life Orb\n|move|p2a: Amoonguss|Spore|p1a: Dracozolt\n|-status|p1a: Dracozolt|slp|[from] move: Spore\n|\n|-weather|Sandstorm|[upkeep]\n|-damage|p2a: Amoonguss|1/100|[from] Sandstorm\n|-end|p1a: Dracozolt|move: Taunt\n|upkeep\n|turn|22\n|\n|t:|1771204149\n|switch|p2a: Scizor|Scizor-Mega, F|100/100\n|-damage|p2a: Scizor|88/100|[from] Stealth Rock\n|cant|p1a: Dracozolt|slp\n|\n|-weather|Sandstorm|[upkeep]\n|upkeep\n|turn|23\n|\n|t:|1771204154\n|switch|p1a: Tornadus|Tornadus-Therian, M|100/100\n|move|p2a: Scizor|Knock Off|p1a: Tornadus\n|-damage|p1a: Tornadus|62/100\n|-enditem|p1a: Tornadus|Assault Vest|[from] move: Knock Off|[of] p2a: Scizor\n|\n|-weather|none\n|upkeep\n|turn|24\n|\n|t:|1771204159\n|switch|p2a: Alomomola|Alomomola, L99, M|52/100\n|-damage|p2a: Alomomola|39/100|[from] Stealth Rock\n|move|p1a: Tornadus|Hurricane|p2a: Alomomola\n|-damage|p2a: Alomomola|8/100\n|\n|upkeep\n|turn|25\n|\n|t:|1771204164\n|move|p1a: Tornadus|Knock Off|p2a: Alomomola\n|-damage|p2a: Alomomola|0 fnt\n|faint|p2a: Alomomola\n|\n|upkeep\n|\n|t:|1771204167\n|switch|p2a: Scizor|Scizor-Mega, F|88/100\n|-damage|p2a: Scizor|76/100|[from] Stealth Rock\n|turn|26\n|\n|t:|1771204169\n|move|p1a: Tornadus|Heat Wave|p2a: Scizor\n|-supereffective|p2a: Scizor\n|-damage|p2a: Scizor|0 fnt\n|faint|p2a: Scizor\n|detailschange|p2: Scizor|Scizor, F|[silent]\n|\n|upkeep\n|-message|kidd0s2 forfeited.\n|\n|win|slysly\n|raw|slysly's rating: 1657 &rarr; <strong>1679</strong><br />(+22 for winning)\n|raw|kidd0s2's rating: 1685 &rarr; <strong>1663</strong><br />(-22 for losing)\n|l|☆kidd0s2\n|player|p2|\n|l|☆slysly\n|player|p1|\n", "uploadtime": 1771204425, "views": 6, "formatid": "gen9nationaldex", "rating": 1663, "private": 0, "password": null}