{"id": "gen9nationaldex-2540584432", "format": "[Gen 9] National Dex", "players": ["cbmarcus", "WangShixiong"], "log": "|j|☆cbmarcus\n|j|☆WangShixiong\n|t:|1771222032\n|gametype|singles\n|player|p1|cbmarcus|clair-gen2|1791\n|player|p2|WangShixiong|cynthia-gen4|1737\n|gen|9\n|tier|[Gen 9] National Dex\n|rated|\n|rule|HP Percentage Mod: HP is shown in percentages\n|rule|Endless Battle Clause: Forcing endless battles is banned\n|rule|Species Clause: Limit one of each Pokémon\n|rule|OHKO Clause: OHKO moves are banned\n|rule|Evasion Clause: Evasion abilities, items, and moves are banned\n|rule|Evasion Abilities Clause: Evasion abilities are banned\n|rule|Evasion Items Clause: Evasion items are banned\n|rule|Evasion Moves Clause: Evasion moves are banned\n|rule|Sleep Clause Mod: Limit one foe put to sleep\n|rule|Terastal Clause: You cannot Terastallize\n|clearpoke\n|poke|p1|Landorus-Therian, M|\n|poke|p1|Magnezone|\n|poke|p1|Tapu Lele|\n|poke|p1|Kartana|\n|poke|p1|Diancie|\n|poke|p1|Gyarados, F|\n|poke|p2|Zamazenta-*|\n|poke|p2|Kingambit, M|\n|poke|p2|Ceruledge, M|\n|poke|p2|Landorus-Therian, M|\n|poke|p2|Diancie|\n|poke|p2|Ogerpon-Wellspring, F|\n|teampreview\n|inactive|Battle timer is ON: inactive players will automatically lose when time's up. (requested by WangShixiong)\n|\n|t:|1771222046\n|teamsize|p1|6\n|teamsize|p2|6\n|start\n|switch|p1a: Kartana|Kartana|100/100\n|switch|p2a: 旺仔小乔|Diancie, shiny|100/100\n|turn|1\n|\n|t:|1771222052\n|switch|p2a: 黑手|Ceruledge, M|100/100\n|move|p1a: Kartana|Leaf Blade|p2a: 黑手\n|-resisted|p2a: 黑手\n|-crit|p2a: 黑手\n|-damage|p2a: 黑手|42/100\n|-ability|p2a: 黑手|Weak Armor|boost\n|-unboost|p2a: 黑手|def|1\n|-boost|p2a: 黑手|spe|2\n|\n|upkeep\n|turn|2\n|\n|t:|1771222058\n|switch|p1a: Diancie|Diancie|100/100\n|move|p2a: 黑手|Bitter Blade|p1a: Diancie\n|-resisted|p1a: Diancie\n|-damage|p1a: Diancie|76/100\n|-heal|p2a: 黑手|52/100|[from] drain|[of] p1a: Diancie\n|\n|upkeep\n|turn|3\n|\n|t:|1771222060\n|-zpower|p2a: 黑手\n|move|p2a: 黑手|Never-Ending Nightmare|p1a: Diancie|[zeffect]\n|-crit|p1a: Diancie\n|-damage|p1a: Diancie|0 fnt\n|faint|p1a: Diancie\n|\n|upkeep\n|\n|t:|1771222062\n|switch|p1a: Landorus|Landorus-Therian, M|100/100\n|-ability|p1a: Landorus|Intimidate|boost\n|-unboost|p2a: 黑手|atk|1\n|turn|4\n|\n|t:|1771222065\n|switch|p2a: 超雄|Landorus-Therian, M|100/100\n|-ability|p2a: 超雄|Intimidate|boost\n|-unboost|p1a: Landorus|atk|1\n|move|p1a: Landorus|Earthquake|p2a: 超雄\n|-immune|p2a: 超雄\n|\n|upkeep\n|turn|5\n|\n|t:|1771222067\n|move|p2a: 超雄|Taunt|p1a: Landorus\n|-start|p1a: Landorus|move: Taunt\n|cant|p1a: Landorus|move: Taunt|Stealth Rock\n|\n|upkeep\n|turn|6\n|\n|t:|1771222071\n|move|p2a: 超雄|Stealth Rock|p1a: Landorus\n|-sidestart|p1: cbmarcus|move: Stealth Rock\n|move|p1a: Landorus|Earthquake|p2a: 超雄\n|-immune|p2a: 超雄\n|\n|upkeep\n|turn|7\n|inactive|WangShixiong has 120 seconds left.\n|inactive|WangShixiong has 90 seconds left.\n|inactive|WangShixiong has 60 seconds left.\n|\n|t:|1771222162\n|move|p2a: 超雄|Explosion|p1a: Landorus\n|-damage|p1a: Landorus|5/100\n|faint|p2a: 超雄\n|move|p1a: Landorus|Earthquake|p2: 超雄|[notarget]\n|-fail|p1a: Landorus\n|\n|-end|p1a: Landorus|move: Taunt\n|upkeep\n|\n|t:|1771222164\n|switch|p2a: 旺仔小乔|Diancie, shiny|100/100\n|turn|8\n|\n|t:|1771222168\n|detailschange|p2a: 旺仔小乔|Diancie-Mega, shiny\n|-mega|p2a: 旺仔小乔|Diancie|Diancite\n|move|p2a: 旺仔小乔|Moonblast|p1a: Landorus\n|-damage|p1a: Landorus|0 fnt\n|faint|p1a: Landorus\n|\n|upkeep\n|\n|t:|1771222172\n|switch|p1a: Kartana|Kartana|100/100\n|-damage|p1a: Kartana|94/100|[from] Stealth Rock\n|turn|9\n|\n|t:|1771222186\n|switch|p2a: 黑手|Ceruledge, M|52/100\n|move|p1a: Kartana|Knock Off|p2a: 黑手\n|-supereffective|p2a: 黑手\n|-damage|p2a: 黑手|0 fnt\n|faint|p2a: 黑手\n|-ability|p1a: Kartana|Beast Boost|boost\n|-boost|p1a: Kartana|atk|1\n|\n|upkeep\n|\n|t:|1771222189\n|switch|p2a: 旺仔小乔|Diancie-Mega, shiny|100/100\n|turn|10\n|\n|t:|1771222193\n|switch|p1a: Magnezone|Magnezone|100/100\n|-damage|p1a: Magnezone|94/100|[from] Stealth Rock\n|move|p2a: 旺仔小乔|Mystical Fire|p1a: Magnezone\n|-supereffective|p1a: Magnezone\n|-damage|p1a: Magnezone|50/100\n|-unboost|p1a: Magnezone|spa|1\n|\n|upkeep\n|turn|11\n|\n|t:|1771222196\n|move|p2a: 旺仔小乔|Mystical Fire|p1a: Magnezone\n|-supereffective|p1a: Magnezone\n|-damage|p1a: Magnezone|6/100\n|-unboost|p1a: Magnezone|spa|1\n|move|p1a: Magnezone|Flash Cannon|p2a: 旺仔小乔\n|-supereffective|p2a: 旺仔小乔\n|-damage|p2a: 旺仔小乔|0 fnt\n|faint|p2a: 旺仔小乔\n|detailschange|p2: 旺仔小乔|Diancie, shiny|[silent]\n|\n|upkeep\n|\n|t:|1771222205\n|switch|p2a: 不战而退人之兵|Kingambit, M|100/100\n|-activate|p2a: 不战而退人之兵|ability: Supreme Overlord\n|-start|p2a: 不战而退人之兵|fallen3|[silent]\n|-item|p2a: 不战而退人之兵|Air Balloon\n|turn|12\n|\n|t:|1771222207\n|move|p2a: 不战而退人之兵|Sucker Punch|p1a: Magnezone\n|-damage|p1a: Magnezone|0 fnt\n|faint|p1a: Magnezone\n|\n|upkeep\n|\n|t:|1771222214\n|switch|p1a: Kartana|Kartana|94/100\n|-damage|p1a: Kartana|88/100|[from] Stealth Rock\n|turn|13\n|\n|t:|1771222218\n|-end|p2a: 不战而退人之兵|fallen3|[silent]\n|switch|p2a: Mamba out|Zamazenta|100/100\n|-ability|p2a: Mamba out|Dauntless Shield|boost\n|-boost|p2a: Mamba out|def|1\n|move|p1a: Kartana|Sacred Sword|p2a: Mamba out\n|-damage|p2a: Mamba out|71/100\n|\n|-heal|p2a: Mamba out|77/100|[from] item: Leftovers\n|upkeep\n|turn|14\n|\n|t:|1771222222\n|switch|p1a: Tapu Lele|Tapu Lele|100/100\n|-damage|p1a: Tapu Lele|88/100|[from] Stealth Rock\n|-fieldstart|move: Psychic Terrain|[from] ability: Psychic Surge|[of] p1a: Tapu Lele\n|move|p2a: Mamba out|Substitute|p2a: Mamba out\n|-start|p2a: Mamba out|Substitute\n|-damage|p2a: Mamba out|52/100\n|\n|-heal|p2a: Mamba out|59/100|[from] item: Leftovers\n|upkeep\n|turn|15\n|\n|t:|1771222223\n|move|p2a: Mamba out|Crunch|p1a: Tapu Lele\n|-damage|p1a: Tapu Lele|56/100\n|move|p1a: Tapu Lele|Moonblast|p2a: Mamba out\n|-supereffective|p2a: Mamba out\n|-end|p2a: Mamba out|Substitute\n|\n|-heal|p2a: Mamba out|65/100|[from] item: Leftovers\n|upkeep\n|turn|16\n|\n|t:|1771222226\n|move|p2a: Mamba out|Crunch|p1a: Tapu Lele\n|-damage|p1a: Tapu Lele|25/100\n|move|p1a: Tapu Lele|Moonblast|p2a: Mamba out\n|-supereffective|p2a: Mamba out\n|-damage|p2a: Mamba out|0 fnt\n|faint|p2a: Mamba out\n|\n|upkeep\n|\n|t:|1771222234\n|switch|p2a: 愚者|Ogerpon-Wellspring, F|100/100\n|turn|17\n|\n|t:|1771222237\n|switch|p1a: Gyarados|Gyarados, F|100/100\n|-damage|p1a: Gyarados|76/100|[from] Stealth Rock\n|move|p2a: 愚者|Ivy Cudgel|p1a: Gyarados|[anim] Ivy Cudgel Water\n|-resisted|p1a: Gyarados\n|-damage|p1a: Gyarados|36/100\n|\n|upkeep\n|turn|18\n|\n|t:|1771222250\n|move|p2a: 愚者|Power Whip|p1a: Gyarados\n|-damage|p1a: Gyarados|0 fnt\n|faint|p1a: Gyarados\n|\n|-fieldend|move: Psychic Terrain\n|upkeep\n|\n|t:|1771222253\n|switch|p1a: Kartana|Kartana|88/100\n|-damage|p1a: Kartana|82/100|[from] Stealth Rock\n|turn|19\n|\n|t:|1771222256\n|move|p1a: Kartana|Sacred Sword|p2a: 愚者\n|-damage|p2a: 愚者|47/100\n|move|p2a: 愚者|Ivy Cudgel|p1a: Kartana|[anim] Ivy Cudgel Water\n|-resisted|p1a: Kartana\n|-damage|p1a: Kartana|53/100\n|\n|upkeep\n|turn|20\n|\n|t:|1771222261\n|move|p1a: Kartana|Sacred Sword|p2a: 愚者\n|-damage|p2a: 愚者|0 fnt\n|faint|p2a: 愚者\n|-ability|p1a: Kartana|Beast Boost|boost\n|-boost|p1a: Kartana|atk|1\n|\n|upkeep\n|\n|t:|1771222262\n|switch|p2a: 不战而退人之兵|Kingambit, M|100/100\n|-activate|p2a: 不战而退人之兵|ability: Supreme Overlord\n|-start|p2a: 不战而退人之兵|fallen5|[silent]\n|-item|p2a: 不战而退人之兵|Air Balloon\n|turn|21\n|\n|t:|1771222264\n|switch|p1a: Tapu Lele|Tapu Lele|25/100\n|-damage|p1a: Tapu Lele|13/100|[from] Stealth Rock\n|-fieldstart|move: Psychic Terrain|[from] ability: Psychic Surge|[of] p1a: Tapu Lele\n|move|p2a: 不战而退人之兵|Sucker Punch||[still]\n|-fail|p2a: 不战而退人之兵\n|\n|upkeep\n|turn|22\n|-message|WangShixiong forfeited.\n|\n|win|cbmarcus\n|raw|cbmarcus's rating: 1791 &rarr; <strong>1809</strong><br />(+18 for winning)\n|raw|WangShixiong's rating: 1749 &rarr; <strong>1731</strong><br />(-18 for losing)\n|l|☆WangShixiong\n|player|p2|\n|j|☆WangShixiong\n|player|p2|WangShixiong|cynthia-gen4|\n|l|☆cbmarcus\n|player|p1|\n|l|☆WangShixiong\n|player|p2|\n", "uploadtime": 1771222412, "views": 6, "formatid": "gen9nationaldex", "rating": 1731, "private": 0, "password": null}