{"id": "gen9nationaldex-2540290707", "format": "[Gen 9] National Dex", "players": ["Ashina Splints", "iammistagrinch"], "log": "|j|☆Ashina Splints\n|j|☆iammistagrinch\n|t:|1771185202\n|gametype|singles\n|player|p1|Ashina Splints|gentleman-gen4|1514\n|player|p2|iammistagrinch|102|1648\n|gen|9\n|tier|[Gen 9] National Dex\n|rated|\n|rule|HP Percentage Mod: HP is shown in percentages\n|rule|Endless Battle Clause: Forcing endless battles is banned\n|rule|Species Clause: Limit one of each Pokémon\n|rule|OHKO Clause: OHKO moves are banned\n|rule|Evasion Clause: Evasion abilities, items, and moves are banned\n|rule|Evasion Abilities Clause: Evasion abilities are banned\n|rule|Evasion Items Clause: Evasion items are banned\n|rule|Evasion Moves Clause: Evasion moves are banned\n|rule|Sleep Clause Mod: Limit one foe put to sleep\n|rule|Terastal Clause: You cannot Terastallize\n|clearpoke\n|poke|p1|Cinderace, M|\n|poke|p1|Corviknight, M|\n|poke|p1|Zamazenta-*|\n|poke|p1|Slowking-Galar, F|\n|poke|p1|Ogerpon-Wellspring, F|\n|poke|p1|Garchomp, M|\n|poke|p2|Charizard, F|\n|poke|p2|Melmetal|\n|poke|p2|Hippowdon, F|\n|poke|p2|Tangrowth, F|\n|poke|p2|Zapdos|\n|poke|p2|Tapu Fini|\n|teampreview\n|inactive|Battle timer is ON: inactive players will automatically lose when time's up. (requested by Ashina Splints)\n|\n|t:|1771185222\n|teamsize|p1|6\n|teamsize|p2|6\n|start\n|switch|p1a: Cinderace|Cinderace, M|100/100\n|switch|p2a: Charizard|Charizard, F|100/100\n|turn|1\n|\n|t:|1771185228\n|move|p1a: Cinderace|U-turn|p2a: Charizard\n|-start|p1a: Cinderace|typechange|Bug|[from] ability: Libero\n|-resisted|p2a: Charizard\n|-damage|p2a: Charizard|89/100\n|\n|t:|1771185230\n|switch|p1a: Slowking|Slowking-Galar, F|100/100|[from] U-turn\n|move|p2a: Charizard|Dragon Dance|p2a: Charizard\n|-boost|p2a: Charizard|atk|1\n|-boost|p2a: Charizard|spe|1\n|\n|upkeep\n|turn|2\n|\n|t:|1771185245\n|switch|p1a: Corviknight|Corviknight, M|100/100\n|-ability|p1a: Corviknight|Pressure\n|detailschange|p2a: Charizard|Charizard-Mega-X, F\n|-mega|p2a: Charizard|Charizard|Charizardite X\n|move|p2a: Charizard|Flare Blitz|p1a: Corviknight\n|-supereffective|p1a: Corviknight\n|-damage|p1a: Corviknight|0 fnt\n|-damage|p2a: Charizard|73/100|[from] item: Rocky Helmet|[of] p1a: Corviknight\n|faint|p1a: Corviknight\n|-damage|p2a: Charizard|28/100|[from] Recoil\n|\n|upkeep\n|\n|t:|1771185260\n|switch|p1a: Zamazenta|Zamazenta|100/100\n|-ability|p1a: Zamazenta|Dauntless Shield|boost\n|-boost|p1a: Zamazenta|def|1\n|turn|3\n|\n|t:|1771185276\n|switch|p2a: Tangrowth|Tangrowth, F|100/100\n|move|p1a: Zamazenta|Close Combat|p2a: Tangrowth\n|-damage|p2a: Tangrowth|67/100\n|-unboost|p1a: Zamazenta|def|1\n|-unboost|p1a: Zamazenta|spd|1\n|-damage|p1a: Zamazenta|84/100|[from] item: Rocky Helmet|[of] p2a: Tangrowth\n|\n|upkeep\n|turn|4\n|\n|t:|1771185283\n|switch|p1a: Cinderace|Cinderace, M|100/100\n|move|p2a: Tangrowth|Leech Seed|p1a: Cinderace\n|-start|p1a: Cinderace|move: Leech Seed\n|\n|-damage|p1a: Cinderace|88/100|[from] Leech Seed|[of] p2a: Tangrowth\n|-heal|p2a: Tangrowth|77/100|[silent]\n|upkeep\n|turn|5\n|\n|t:|1771185286\n|move|p2a: Tangrowth|Protect|p2a: Tangrowth\n|-singleturn|p2a: Tangrowth|Protect\n|move|p1a: Cinderace|U-turn|p2a: Tangrowth\n|-start|p1a: Cinderace|typechange|Bug|[from] ability: Libero\n|-activate|p2a: Tangrowth|move: Protect\n|\n|-damage|p1a: Cinderace|76/100|[from] Leech Seed|[of] p2a: Tangrowth\n|-heal|p2a: Tangrowth|86/100|[silent]\n|upkeep\n|turn|6\n|\n|t:|1771185296\n|switch|p1a: Garchomp|Garchomp, M|100/100\n|move|p2a: Tangrowth|Giga Drain|p1a: Garchomp\n|-damage|p1a: Garchomp|67/100\n|-heal|p2a: Tangrowth|100/100|[from] drain|[of] p1a: Garchomp\n|\n|upkeep\n|turn|7\n|\n|t:|1771185300\n|move|p1a: Garchomp|Stealth Rock|p2a: Tangrowth\n|-sidestart|p2: iammistagrinch|move: Stealth Rock\n|move|p2a: Tangrowth|Leech Seed|p1a: Garchomp\n|-start|p1a: Garchomp|move: Leech Seed\n|\n|-damage|p1a: Garchomp|55/100|[from] Leech Seed|[of] p2a: Tangrowth\n|upkeep\n|turn|8\n|\n|t:|1771185306\n|move|p1a: Garchomp|Swords Dance|p1a: Garchomp\n|-boost|p1a: Garchomp|atk|2\n|move|p2a: Tangrowth|Giga Drain|p1a: Garchomp\n|-damage|p1a: Garchomp|26/100\n|\n|-damage|p1a: Garchomp|14/100|[from] Leech Seed|[of] p2a: Tangrowth\n|upkeep\n|turn|9\n|\n|t:|1771185310\n|move|p2a: Tangrowth|Protect|p2a: Tangrowth\n|-singleturn|p2a: Tangrowth|Protect\n|-zpower|p1a: Garchomp\n|move|p1a: Garchomp|Devastating Drake|p2a: Tangrowth|[zeffect]\n|-zbroken|p2a: Tangrowth\n|-damage|p2a: Tangrowth|76/100\n|\n|-damage|p1a: Garchomp|2/100|[from] Leech Seed|[of] p2a: Tangrowth\n|-heal|p2a: Tangrowth|87/100|[silent]\n|upkeep\n|turn|10\n|\n|t:|1771185321\n|move|p1a: Garchomp|Earthquake|p2a: Tangrowth\n|-resisted|p2a: Tangrowth\n|-damage|p2a: Tangrowth|59/100\n|move|p2a: Tangrowth|Giga Drain|p1a: Garchomp\n|-damage|p1a: Garchomp|0 fnt\n|-heal|p2a: Tangrowth|59/100|[from] drain|[of] p1a: Garchomp\n|faint|p1a: Garchomp\n|\n|upkeep\n|\n|t:|1771185324\n|switch|p1a: Cinderace|Cinderace, M|76/100\n|turn|11\n|\n|t:|1771185350\n|move|p1a: Cinderace|Pyro Ball|p2a: Tangrowth\n|-supereffective|p2a: Tangrowth\n|-damage|p2a: Tangrowth|0 fnt\n|faint|p2a: Tangrowth\n|\n|upkeep\n|\n|t:|1771185357\n|switch|p2a: Tapu Fini|Tapu Fini|100/100\n|-damage|p2a: Tapu Fini|88/100|[from] Stealth Rock\n|-fieldstart|move: Misty Terrain|[from] ability: Misty Surge|[of] p2a: Tapu Fini\n|turn|12\n|\n|t:|1771185361\n|move|p1a: Cinderace|U-turn|p2a: Tapu Fini\n|-start|p1a: Cinderace|typechange|Bug|[from] ability: Libero\n|-resisted|p2a: Tapu Fini\n|-damage|p2a: Tapu Fini|73/100\n|\n|t:|1771185362\n|switch|p1a: Slowking|Slowking-Galar, F|100/100|[from] U-turn\n|move|p2a: Tapu Fini|Defog|p1a: Slowking\n|-unboost|p1a: Slowking|evasion|1\n|-sideend|p2: iammistagrinch|Stealth Rock|[from] move: Defog|[of] p2a: Tapu Fini\n|-fieldend|Misty Terrain\n|\n|-heal|p2a: Tapu Fini|79/100|[from] item: Leftovers\n|upkeep\n|turn|13\n|\n|t:|1771185382\n|move|p2a: Tapu Fini|Taunt|p1a: Slowking\n|-start|p1a: Slowking|move: Taunt\n|move|p1a: Slowking|Future Sight|p2a: Tapu Fini\n|-start|p1a: Slowking|move: Future Sight\n|\n|-heal|p2a: Tapu Fini|85/100|[from] item: Leftovers\n|upkeep\n|turn|14\n|\n|t:|1771185389\n|switch|p2a: Melmetal|Melmetal|100/100\n|switch|p1a: Cinderace|Cinderace, M|76/100\n|\n|upkeep\n|turn|15\n|\n|t:|1771185398\n|switch|p2a: Tapu Fini|Tapu Fini|85/100\n|-fieldstart|move: Misty Terrain|[from] ability: Misty Surge|[of] p2a: Tapu Fini\n|move|p1a: Cinderace|Pyro Ball|p2a: Tapu Fini\n|-resisted|p2a: Tapu Fini\n|-damage|p2a: Tapu Fini|59/100\n|\n|-end|p2a: Tapu Fini|move: Future Sight\n|-damage|p2a: Tapu Fini|30/100\n|-heal|p2a: Tapu Fini|36/100|[from] item: Leftovers\n|upkeep\n|turn|16\n|\n|t:|1771185406\n|move|p1a: Cinderace|U-turn|p2a: Tapu Fini\n|-start|p1a: Cinderace|typechange|Bug|[from] ability: Libero\n|-resisted|p2a: Tapu Fini\n|-damage|p2a: Tapu Fini|22/100\n|\n|t:|1771185408\n|switch|p1a: Slowking|Slowking-Galar, F|100/100|[from] U-turn\n|move|p2a: Tapu Fini|Scald|p1a: Slowking\n|-damage|p1a: Slowking|84/100\n|\n|-heal|p2a: Tapu Fini|28/100|[from] item: Leftovers\n|upkeep\n|turn|17\n|\n|t:|1771185415\n|switch|p2a: Melmetal|Melmetal|100/100\n|-prepare|p1a: Slowking|Chilly Reception|[premajor]\n|move|p1a: Slowking|Chilly Reception|p1a: Slowking\n|-weather|Snowscape\n|\n|t:|1771185416\n|switch|p1a: Cinderace|Cinderace, M|76/100|[from] Chilly Reception\n|\n|-weather|Snowscape|[upkeep]\n|upkeep\n|turn|18\n|\n|t:|1771185422\n|move|p1a: Cinderace|Pyro Ball|p2a: Melmetal\n|-supereffective|p2a: Melmetal\n|-damage|p2a: Melmetal|37/100\n|move|p2a: Melmetal|Earthquake|p1a: Cinderace\n|-supereffective|p1a: Cinderace\n|-damage|p1a: Cinderace|0 fnt\n|faint|p1a: Cinderace\n|\n|-weather|Snowscape|[upkeep]\n|upkeep\n|\n|t:|1771185426\n|switch|p1a: Zamazenta|Zamazenta|84/100\n|turn|19\n|\n|t:|1771185434\n|switch|p2a: Zapdos|Zapdos|100/100\n|move|p1a: Zamazenta|Close Combat|p2a: Zapdos\n|-resisted|p2a: Zapdos\n|-damage|p2a: Zapdos|64/100\n|-unboost|p1a: Zamazenta|def|1\n|-unboost|p1a: Zamazenta|spd|1\n|\n|-weather|Snowscape|[upkeep]\n|-fieldend|Misty Terrain\n|upkeep\n|turn|20\n|\n|t:|1771185441\n|move|p1a: Zamazenta|Stone Edge|p2a: Zapdos\n|-supereffective|p2a: Zapdos\n|-damage|p2a: Zapdos|0 fnt\n|faint|p2a: Zapdos\n|\n|-weather|Snowscape|[upkeep]\n|upkeep\n|j| Sneasler33\n|\n|t:|1771185469\n|switch|p2a: Hippowdon|Hippowdon, F|100/100\n|-weather|Sandstorm|[from] ability: Sand Stream|[of] p2a: Hippowdon\n|turn|21\n|\n|t:|1771185473\n|move|p1a: Zamazenta|Close Combat|p2a: Hippowdon\n|-damage|p2a: Hippowdon|59/100\n|-unboost|p1a: Zamazenta|def|1\n|-unboost|p1a: Zamazenta|spd|1\n|move|p2a: Hippowdon|Earthquake|p1a: Zamazenta\n|-damage|p1a: Zamazenta|10/100\n|\n|-weather|Sandstorm|[upkeep]\n|-damage|p1a: Zamazenta|4/100|[from] Sandstorm\n|-heal|p2a: Hippowdon|65/100|[from] item: Leftovers\n|upkeep\n|turn|22\n|\n|t:|1771185487\n|move|p1a: Zamazenta|Close Combat|p2a: Hippowdon\n|-damage|p2a: Hippowdon|24/100\n|-unboost|p1a: Zamazenta|def|1\n|-unboost|p1a: Zamazenta|spd|1\n|move|p2a: Hippowdon|Earthquake|p1a: Zamazenta\n|-damage|p1a: Zamazenta|0 fnt\n|faint|p1a: Zamazenta\n|\n|-weather|Sandstorm|[upkeep]\n|-heal|p2a: Hippowdon|30/100|[from] item: Leftovers\n|upkeep\n|\n|t:|1771185492\n|switch|p1a: Ogerpon|Ogerpon-Wellspring, F|100/100\n|turn|23\n|\n|t:|1771185508\n|move|p1a: Ogerpon|Ivy Cudgel|p2a: Hippowdon|[anim] Ivy Cudgel Water\n|-supereffective|p2a: Hippowdon\n|-damage|p2a: Hippowdon|0 fnt\n|faint|p2a: Hippowdon\n|\n|-weather|Sandstorm|[upkeep]\n|-damage|p1a: Ogerpon|95/100|[from] Sandstorm\n|upkeep\n|\n|t:|1771185522\n|switch|p2a: Melmetal|Melmetal|37/100\n|turn|24\n|\n|t:|1771185531\n|move|p1a: Ogerpon|Ivy Cudgel|p2a: Melmetal|[anim] Ivy Cudgel Water\n|-damage|p2a: Melmetal|2/100\n|move|p2a: Melmetal|Ice Punch|p1a: Ogerpon\n|-damage|p1a: Ogerpon|48/100\n|\n|-weather|Sandstorm|[upkeep]\n|-damage|p1a: Ogerpon|42/100|[from] Sandstorm\n|upkeep\n|turn|25\n|\n|t:|1771185542\n|switch|p2a: Tapu Fini|Tapu Fini|28/100\n|-fieldstart|move: Misty Terrain|[from] ability: Misty Surge|[of] p2a: Tapu Fini\n|move|p1a: Ogerpon|Ivy Cudgel|p2a: Tapu Fini|[anim] Ivy Cudgel Water\n|-resisted|p2a: Tapu Fini\n|-damage|p2a: Tapu Fini|2/100\n|\n|-weather|none\n|-heal|p2a: Tapu Fini|8/100|[from] item: Leftovers\n|upkeep\n|turn|26\n|\n|t:|1771185553\n|switch|p2a: Melmetal|Melmetal|2/100\n|move|p1a: Ogerpon|Ivy Cudgel|p2a: Melmetal|[anim] Ivy Cudgel Water\n|-damage|p2a: Melmetal|0 fnt\n|faint|p2a: Melmetal\n|\n|upkeep\n|\n|t:|1771185559\n|switch|p2a: Charizard|Charizard-Mega-X, F|28/100\n|turn|27\n|\n|t:|1771185563\n|move|p1a: Ogerpon|Ivy Cudgel|p2a: Charizard|[anim] Ivy Cudgel Water\n|-damage|p2a: Charizard|0 fnt\n|faint|p2a: Charizard\n|detailschange|p2: Charizard|Charizard, F|[silent]\n|\n|upkeep\n|-message|iammistagrinch forfeited.\n|\n|win|Ashina Splints\n|raw|Ashina Splints's rating: 1514 &rarr; <strong>1541</strong><br />(+27 for winning)\n|raw|iammistagrinch's rating: 1648 &rarr; <strong>1621</strong><br />(-27 for losing)\n|l|☆iammistagrinch\n|player|p2|\n|l|☆Ashina Splints\n|player|p1|\n|l| Sneasler33\n", "uploadtime": 1771185725, "views": 9, "formatid": "gen9nationaldex", "rating": 1541, "private": 0, "password": null}