{"id": "gen9nationaldex-2540377950", "format": "[Gen 9] National Dex", "players": ["iamveeeeeerrrybad", "WiwaxiaDu93"], "log": "|j|☆iamveeeeeerrrybad\n|j|☆WiwaxiaDu93\n|t:|1771194793\n|gametype|singles\n|player|p1|iamveeeeeerrrybad|brycenman|1681\n|player|p2|WiwaxiaDu93|cynthia-gen4|1694\n|gen|9\n|tier|[Gen 9] National Dex\n|rated|\n|rule|HP Percentage Mod: HP is shown in percentages\n|rule|Endless Battle Clause: Forcing endless battles is banned\n|rule|Species Clause: Limit one of each Pokémon\n|rule|OHKO Clause: OHKO moves are banned\n|rule|Evasion Clause: Evasion abilities, items, and moves are banned\n|rule|Evasion Abilities Clause: Evasion abilities are banned\n|rule|Evasion Items Clause: Evasion items are banned\n|rule|Evasion Moves Clause: Evasion moves are banned\n|rule|Sleep Clause Mod: Limit one foe put to sleep\n|rule|Terastal Clause: You cannot Terastallize\n|clearpoke\n|poke|p1|Gyarados, F|\n|poke|p1|Arctozolt|\n|poke|p1|Ninetales-Alola, M|\n|poke|p1|Landorus-Therian, M|\n|poke|p1|Heatran, M|\n|poke|p1|Raging Bolt|\n|poke|p2|Zapdos|\n|poke|p2|Iron Valiant|\n|poke|p2|Ferrothorn, M|\n|poke|p2|Tyranitar, F|\n|poke|p2|Landorus-Therian, M|\n|poke|p2|Toxapex, F|\n|teampreview\n|inactive|Battle timer is ON: inactive players will automatically lose when time's up. (requested by WiwaxiaDu93)\n|c|☆iamveeeeeerrrybad|glhf\n|\n|t:|1771194803\n|teamsize|p1|6\n|teamsize|p2|6\n|start\n|switch|p1a: Arctozolt|Arctozolt|100/100\n|switch|p2a: Ferrothorn|Ferrothorn, M|100/100\n|turn|1\n|\n|t:|1771194808\n|move|p1a: Arctozolt|Icicle Crash|p2a: Ferrothorn|[miss]\n|-miss|p1a: Arctozolt|p2a: Ferrothorn\n|move|p2a: Ferrothorn|Spikes|p1a: Arctozolt\n|-sidestart|p1: iamveeeeeerrrybad|Spikes\n|\n|upkeep\n|turn|2\n|\n|t:|1771194815\n|move|p1a: Arctozolt|Low Kick|p2a: Ferrothorn\n|-supereffective|p2a: Ferrothorn\n|-damage|p2a: Ferrothorn|46/100\n|-damage|p1a: Arctozolt|88/100|[from] ability: Iron Barbs|[of] p2a: Ferrothorn\n|-damage|p1a: Arctozolt|78/100|[from] item: Life Orb\n|move|p2a: Ferrothorn|Knock Off|p1a: Arctozolt\n|-damage|p1a: Arctozolt|53/100\n|-enditem|p1a: Arctozolt|Life Orb|[from] move: Knock Off|[of] p2a: Ferrothorn\n|\n|-heal|p2a: Ferrothorn|52/100|[from] item: Leftovers\n|upkeep\n|turn|3\n|\n|t:|1771194825\n|move|p1a: Arctozolt|Low Kick|p2a: Ferrothorn\n|-supereffective|p2a: Ferrothorn\n|-damage|p2a: Ferrothorn|11/100\n|-damage|p1a: Arctozolt|40/100|[from] ability: Iron Barbs|[of] p2a: Ferrothorn\n|move|p2a: Ferrothorn|Leech Seed|p1a: Arctozolt\n|-start|p1a: Arctozolt|move: Leech Seed\n|\n|-heal|p2a: Ferrothorn|17/100|[from] item: Leftovers\n|-damage|p1a: Arctozolt|28/100|[from] Leech Seed|[of] p2a: Ferrothorn\n|-heal|p2a: Ferrothorn|28/100|[silent]\n|upkeep\n|turn|4\n|\n|t:|1771194837\n|move|p1a: Arctozolt|Icicle Crash|p2a: Ferrothorn\n|-damage|p2a: Ferrothorn|0 fnt\n|faint|p2a: Ferrothorn\n|\n|upkeep\n|\n|t:|1771194844\n|switch|p2a: Landorus|Landorus-Therian, M|100/100\n|-ability|p2a: Landorus|Intimidate|boost\n|-unboost|p1a: Arctozolt|atk|1\n|turn|5\n|\n|t:|1771194848\n|move|p2a: Landorus|U-turn|p1a: Arctozolt\n|-damage|p1a: Arctozolt|0 fnt\n|faint|p1a: Arctozolt\n|\n|t:|1771194853\n|switch|p2a: Zapdos|Zapdos|100/100|[from] U-turn\n|\n|upkeep\n|\n|t:|1771194856\n|switch|p1a: Ninetales|Ninetales-Alola, M|100/100\n|-damage|p1a: Ninetales|88/100|[from] Spikes\n|-weather|Snowscape|[from] ability: Snow Warning|[of] p1a: Ninetales\n|turn|6\n|\n|t:|1771194862\n|switch|p2a: Tyranitar|Tyranitar, F|100/100\n|-weather|Sandstorm|[from] ability: Sand Stream|[of] p2a: Tyranitar\n|move|p1a: Ninetales|Blizzard|p2a: Tyranitar\n|-damage|p2a: Tyranitar|76/100\n|\n|-weather|Sandstorm|[upkeep]\n|-damage|p1a: Ninetales|82/100|[from] Sandstorm\n|upkeep\n|turn|7\n|\n|t:|1771194872\n|move|p1a: Ninetales|Moonblast|p2a: Tyranitar\n|-supereffective|p2a: Tyranitar\n|-damage|p2a: Tyranitar|31/100\n|move|p2a: Tyranitar|Knock Off|p1a: Ninetales\n|-resisted|p1a: Ninetales\n|-damage|p1a: Ninetales|42/100\n|-enditem|p1a: Ninetales|Icy Rock|[from] move: Knock Off|[of] p2a: Tyranitar\n|\n|-weather|Sandstorm|[upkeep]\n|-damage|p1a: Ninetales|36/100|[from] Sandstorm\n|upkeep\n|turn|8\n|\n|t:|1771194882\n|switch|p2a: Toxapex|Toxapex, F|100/100\n|move|p1a: Ninetales|Moonblast|p2a: Toxapex\n|-resisted|p2a: Toxapex\n|-damage|p2a: Toxapex|89/100\n|-unboost|p2a: Toxapex|spa|1\n|\n|-weather|Sandstorm|[upkeep]\n|-damage|p1a: Ninetales|30/100|[from] Sandstorm\n|-damage|p2a: Toxapex|83/100|[from] Sandstorm\n|upkeep\n|turn|9\n|\n|t:|1771194891\n|move|p1a: Ninetales|Freeze-Dry|p2a: Toxapex\n|-supereffective|p2a: Toxapex\n|-damage|p2a: Toxapex|50/100\n|move|p2a: Toxapex|Toxic|p1a: Ninetales\n|-status|p1a: Ninetales|tox\n|\n|-weather|Sandstorm|[upkeep]\n|-damage|p1a: Ninetales|25/100 tox|[from] Sandstorm\n|-damage|p2a: Toxapex|44/100|[from] Sandstorm\n|-damage|p1a: Ninetales|19/100 tox|[from] psn\n|upkeep\n|turn|10\n|\n|t:|1771194900\n|switch|p1a: Landorus|Landorus-Therian, M|100/100\n|-ability|p1a: Landorus|Intimidate|boost\n|-unboost|p2a: Toxapex|atk|1\n|move|p2a: Toxapex|Recover|p2a: Toxapex\n|-heal|p2a: Toxapex|94/100\n|\n|-weather|none\n|upkeep\n|turn|11\n|\n|t:|1771194908\n|move|p1a: Landorus|U-turn|p2a: Toxapex\n|-resisted|p2a: Toxapex\n|-damage|p2a: Toxapex|84/100\n|\n|t:|1771194910\n|switch|p1a: Ninetales|Ninetales-Alola, M|19/100 tox|[from] U-turn\n|-damage|p1a: Ninetales|6/100 tox|[from] Spikes\n|-weather|Snowscape|[from] ability: Snow Warning|[of] p1a: Ninetales\n|move|p2a: Toxapex|Scald|p1a: Ninetales\n|-damage|p1a: Ninetales|0 fnt\n|faint|p1a: Ninetales\n|\n|-weather|Snowscape|[upkeep]\n|upkeep\n|\n|t:|1771194915\n|switch|p1a: Raging Bolt|Raging Bolt|100/100\n|-damage|p1a: Raging Bolt|88/100|[from] Spikes\n|turn|12\n|\n|t:|1771194925\n|switch|p2a: Zapdos|Zapdos|100/100\n|move|p1a: Raging Bolt|Weather Ball|p2a: Zapdos\n|-supereffective|p2a: Zapdos\n|-damage|p2a: Zapdos|23/100\n|\n|-weather|Snowscape|[upkeep]\n|upkeep\n|turn|13\n|\n|t:|1771194934\n|move|p2a: Zapdos|Volt Switch|p1a: Raging Bolt\n|-resisted|p1a: Raging Bolt\n|-damage|p1a: Raging Bolt|84/100\n|\n|t:|1771194938\n|switch|p2a: Tyranitar|Tyranitar, F|31/100|[from] Volt Switch\n|-weather|Sandstorm|[from] ability: Sand Stream|[of] p2a: Tyranitar\n|move|p1a: Raging Bolt|Thunderbolt|p2a: Tyranitar\n|-damage|p2a: Tyranitar|0 fnt\n|faint|p2a: Tyranitar\n|\n|-weather|Sandstorm|[upkeep]\n|-damage|p1a: Raging Bolt|78/100|[from] Sandstorm\n|upkeep\n|\n|t:|1771194948\n|switch|p2a: Iron Valiant|Iron Valiant|100/100\n|turn|14\n|\n|t:|1771194951\n|move|p2a: Iron Valiant|Focus Blast|p1a: Raging Bolt\n|-damage|p1a: Raging Bolt|27/100\n|move|p1a: Raging Bolt|Thunderbolt|p2a: Iron Valiant\n|-damage|p2a: Iron Valiant|9/100\n|\n|-weather|Sandstorm|[upkeep]\n|-damage|p2a: Iron Valiant|3/100|[from] Sandstorm\n|-damage|p1a: Raging Bolt|21/100|[from] Sandstorm\n|upkeep\n|turn|15\n|-message|WiwaxiaDu93 forfeited.\n|\n|win|iamveeeeeerrrybad\n|raw|iamveeeeeerrrybad's rating: 1681 &rarr; <strong>1702</strong><br />(+21 for winning)\n|raw|WiwaxiaDu93's rating: 1694 &rarr; <strong>1673</strong><br />(-21 for losing)\n|l|☆WiwaxiaDu93\n|player|p2|\n|l|☆iamveeeeeerrrybad\n|player|p1|\n", "uploadtime": 1771195157, "views": 8, "formatid": "gen9nationaldex", "rating": 1673, "private": 0, "password": null}