{"id": "gen9nationaldex-2540703050", "format": "[Gen 9] National Dex", "players": ["Frost12080000", "darretyle"], "log": "|j|☆Frost12080000\n|j|☆darretyle\n|t:|1771242891\n|gametype|singles\n|player|p1|Frost12080000|burglar|1645\n|player|p2|darretyle|bugcatcher-gen4dp|1685\n|gen|9\n|tier|[Gen 9] National Dex\n|rated|\n|rule|HP Percentage Mod: HP is shown in percentages\n|rule|Endless Battle Clause: Forcing endless battles is banned\n|rule|Species Clause: Limit one of each Pokémon\n|rule|OHKO Clause: OHKO moves are banned\n|rule|Evasion Clause: Evasion abilities, items, and moves are banned\n|rule|Evasion Abilities Clause: Evasion abilities are banned\n|rule|Evasion Items Clause: Evasion items are banned\n|rule|Evasion Moves Clause: Evasion moves are banned\n|rule|Sleep Clause Mod: Limit one foe put to sleep\n|rule|Terastal Clause: You cannot Terastallize\n|clearpoke\n|poke|p1|Chansey, F|\n|poke|p1|Pecharunt|\n|poke|p1|Tapu Fini|\n|poke|p1|Zapdos|\n|poke|p1|Ogerpon-Cornerstone, F|\n|poke|p1|Scizor, F|\n|poke|p2|Greninja-*, M|\n|poke|p2|Venusaur, F|\n|poke|p2|Dragonite, M|\n|poke|p2|Ting-Lu|\n|poke|p2|Gholdengo|\n|poke|p2|Great Tusk|\n|teampreview\n|inactive|Battle timer is ON: inactive players will automatically lose when time's up. (requested by Frost12080000)\n|\n|t:|1771242898\n|teamsize|p1|6\n|teamsize|p2|6\n|start\n|switch|p1a: Scizor|Scizor, F|100/100\n|switch|p2a: Ting-Lu|Ting-Lu|100/100\n|-ability|p2a: Ting-Lu|Vessel of Ruin\n|turn|1\n|\n|t:|1771242900\n|detailschange|p1a: Scizor|Scizor-Mega, F\n|-mega|p1a: Scizor|Scizor|Scizorite\n|move|p1a: Scizor|U-turn|p2a: Ting-Lu\n|-supereffective|p2a: Ting-Lu\n|-damage|p2a: Ting-Lu|49/100\n|\n|t:|1771242906\n|switch|p1a: Ogerpon|Ogerpon-Cornerstone, F|100/100|[from] U-turn\n|move|p2a: Ting-Lu|Stealth Rock|p1a: Ogerpon\n|-sidestart|p1: Frost12080000|move: Stealth Rock\n|\n|-heal|p2a: Ting-Lu|55/100|[from] item: Leftovers\n|upkeep\n|turn|2\n|\n|t:|1771242910\n|switch|p2a: Venusaur|Venusaur, F|100/100\n|move|p1a: Ogerpon|Swords Dance|p1a: Ogerpon\n|-boost|p1a: Ogerpon|atk|2\n|\n|upkeep\n|turn|3\n|\n|t:|1771242913\n|detailschange|p2a: Venusaur|Venusaur-Mega, F\n|-mega|p2a: Venusaur|Venusaur|Venusaurite\n|move|p1a: Ogerpon|Ivy Cudgel|p2a: Venusaur|[anim] Ivy Cudgel Rock\n|-damage|p2a: Venusaur|13/100\n|move|p2a: Venusaur|Giga Drain|p1a: Ogerpon\n|-damage|p1a: Ogerpon|52/100\n|-heal|p2a: Venusaur|33/100|[from] drain|[of] p1a: Ogerpon\n|\n|upkeep\n|turn|4\n|\n|t:|1771242921\n|move|p1a: Ogerpon|Ivy Cudgel|p2a: Venusaur|[anim] Ivy Cudgel Rock\n|-damage|p2a: Venusaur|0 fnt\n|faint|p2a: Venusaur\n|detailschange|p2: Venusaur|Venusaur, F|[silent]\n|\n|upkeep\n|\n|t:|1771242922\n|switch|p2a: Greninja|Greninja, M|100/100\n|turn|5\n|\n|t:|1771242927\n|switch|p2a: Great Tusk|Great Tusk|100/100\n|switch|p1a: Chansey|Chansey, F|100/100\n|-damage|p1a: Chansey|88/100|[from] Stealth Rock\n|\n|upkeep\n|turn|6\n|\n|t:|1771242932\n|switch|p1a: Zapdos|Zapdos|100/100\n|move|p2a: Great Tusk|Stone Edge|p1a: Zapdos\n|-supereffective|p1a: Zapdos\n|-damage|p1a: Zapdos|43/100\n|\n|upkeep\n|turn|7\n|\n|t:|1771242939\n|switch|p1a: Pecharunt|Pecharunt|100/100\n|-damage|p1a: Pecharunt|88/100|[from] Stealth Rock\n|move|p2a: Great Tusk|Stone Edge|p1a: Pecharunt\n|-damage|p1a: Pecharunt|69/100\n|\n|upkeep\n|turn|8\n|\n|t:|1771242947\n|move|p2a: Great Tusk|Headlong Rush|p1a: Pecharunt\n|-supereffective|p1a: Pecharunt\n|-damage|p1a: Pecharunt|2/100\n|-unboost|p2a: Great Tusk|def|1\n|-unboost|p2a: Great Tusk|spd|1\n|-damage|p2a: Great Tusk|84/100|[from] item: Rocky Helmet|[of] p1a: Pecharunt\n|move|p1a: Pecharunt|Malignant Chain|p2a: Great Tusk\n|-resisted|p2a: Great Tusk\n|-damage|p2a: Great Tusk|52/100\n|\n|upkeep\n|turn|9\n|\n|t:|1771242953\n|move|p2a: Great Tusk|Ice Spinner|p1a: Pecharunt\n|-damage|p1a: Pecharunt|0 fnt\n|-damage|p2a: Great Tusk|36/100|[from] item: Rocky Helmet|[of] p1a: Pecharunt\n|faint|p1a: Pecharunt\n|\n|upkeep\n|\n|t:|1771242957\n|switch|p1a: Ogerpon|Ogerpon-Cornerstone, F|52/100\n|-damage|p1a: Ogerpon|39/100|[from] Stealth Rock\n|turn|10\n|\n|t:|1771242963\n|-end|p2a: Great Tusk|Protosynthesis|[silent]\n|switch|p2a: Gholdengo|Gholdengo|100/100\n|-item|p2a: Gholdengo|Air Balloon\n|move|p1a: Ogerpon|Horn Leech|p2a: Gholdengo\n|-resisted|p2a: Gholdengo\n|-damage|p2a: Gholdengo|86/100\n|-heal|p1a: Ogerpon|48/100|[from] drain|[of] p2a: Gholdengo\n|-enditem|p2a: Gholdengo|Air Balloon\n|\n|upkeep\n|turn|11\n|\n|t:|1771242966\n|switch|p1a: Chansey|Chansey, F|88/100\n|-damage|p1a: Chansey|76/100|[from] Stealth Rock\n|switch|p2a: Great Tusk|Great Tusk|36/100\n|\n|upkeep\n|turn|12\n|\n|t:|1771242970\n|move|p2a: Great Tusk|Stone Edge|p1a: Chansey\n|-damage|p1a: Chansey|43/100\n|move|p1a: Chansey|Psywave|p2a: Great Tusk\n|-damage|p2a: Great Tusk|7/100\n|\n|upkeep\n|turn|13\n|\n|t:|1771242976\n|switch|p1a: Scizor|Scizor-Mega, F|100/100\n|-damage|p1a: Scizor|88/100|[from] Stealth Rock\n|move|p2a: Great Tusk|Stone Edge|p1a: Scizor\n|-damage|p1a: Scizor|61/100\n|\n|upkeep\n|turn|14\n|\n|t:|1771242985\n|-end|p2a: Great Tusk|Protosynthesis|[silent]\n|switch|p2a: Gholdengo|Gholdengo|86/100\n|move|p1a: Scizor|Defog|p2a: Gholdengo\n|-immune|p2a: Gholdengo|[from] ability: Good as Gold\n|\n|upkeep\n|turn|15\n|\n|t:|1771242989\n|move|p2a: Gholdengo|Make It Rain|p1a: Scizor\n|-resisted|p1a: Scizor\n|-damage|p1a: Scizor|34/100\n|-unboost|p2a: Gholdengo|spa|1\n|move|p1a: Scizor|Roost|p1a: Scizor\n|-heal|p1a: Scizor|84/100\n|-singleturn|p1a: Scizor|move: Roost\n|\n|upkeep\n|turn|16\n|\n|t:|1771242995\n|move|p2a: Gholdengo|Thunder Wave|p1a: Scizor\n|-status|p1a: Scizor|par\n|move|p1a: Scizor|Roost|p1a: Scizor\n|-heal|p1a: Scizor|100/100 par\n|-singleturn|p1a: Scizor|move: Roost\n|\n|upkeep\n|turn|17\n|\n|t:|1771242998\n|switch|p2a: Great Tusk|Great Tusk|7/100\n|move|p1a: Scizor|U-turn|p2a: Great Tusk\n|-resisted|p2a: Great Tusk\n|-damage|p2a: Great Tusk|0 fnt\n|-damage|p1a: Scizor|84/100 par|[from] item: Rocky Helmet|[of] p2a: Great Tusk\n|faint|p2a: Great Tusk\n|-end|p2a: Great Tusk|Protosynthesis|[silent]\n|\n|t:|1771243000\n|switch|p1a: Zapdos|Zapdos|43/100|[from] U-turn\n|\n|upkeep\n|\n|t:|1771243003\n|switch|p2a: Greninja|Greninja, M|100/100\n|turn|18\n|\n|t:|1771243011\n|switch|p2a: Gholdengo|Gholdengo|86/100\n|switch|p1a: Chansey|Chansey, F|43/100\n|-damage|p1a: Chansey|31/100|[from] Stealth Rock\n|\n|upkeep\n|turn|19\n|\n|t:|1771243014\n|move|p2a: Gholdengo|Make It Rain|p1a: Chansey\n|-damage|p1a: Chansey|17/100\n|-unboost|p2a: Gholdengo|spa|1\n|move|p1a: Chansey|Soft-Boiled|p1a: Chansey\n|-heal|p1a: Chansey|67/100\n|\n|upkeep\n|turn|20\n|\n|t:|1771243018\n|switch|p2a: Ting-Lu|Ting-Lu|55/100\n|-ability|p2a: Ting-Lu|Vessel of Ruin\n|move|p1a: Chansey|Psywave|p2a: Ting-Lu\n|-immune|p2a: Ting-Lu\n|\n|-heal|p2a: Ting-Lu|61/100|[from] item: Leftovers\n|upkeep\n|turn|21\n|\n|t:|1771243019\n|move|p2a: Ting-Lu|Spikes|p1a: Chansey\n|-sidestart|p1: Frost12080000|Spikes\n|move|p1a: Chansey|Toxic|p2a: Ting-Lu|[miss]\n|-miss|p1a: Chansey|p2a: Ting-Lu\n|\n|-heal|p2a: Ting-Lu|67/100|[from] item: Leftovers\n|upkeep\n|turn|22\n|\n|t:|1771243022\n|move|p2a: Ting-Lu|Spikes|p1a: Chansey\n|-sidestart|p1: Frost12080000|Spikes\n|move|p1a: Chansey|Toxic|p2a: Ting-Lu\n|-status|p2a: Ting-Lu|tox\n|\n|-heal|p2a: Ting-Lu|74/100 tox|[from] item: Leftovers\n|-damage|p2a: Ting-Lu|67/100 tox|[from] psn\n|upkeep\n|turn|23\n|\n|t:|1771243025\n|move|p1a: Chansey|Soft-Boiled|p1a: Chansey\n|-heal|p1a: Chansey|100/100\n|move|p2a: Ting-Lu|Whirlwind|p1a: Chansey\n|drag|p1a: Ogerpon|Ogerpon-Cornerstone, F|48/100\n|-damage|p1a: Ogerpon|36/100|[from] Stealth Rock\n|-damage|p1a: Ogerpon|19/100|[from] Spikes\n|\n|-heal|p2a: Ting-Lu|74/100 tox|[from] item: Leftovers\n|-damage|p2a: Ting-Lu|61/100 tox|[from] psn\n|upkeep\n|turn|24\n|\n|t:|1771243028\n|switch|p2a: Gholdengo|Gholdengo|86/100\n|move|p1a: Ogerpon|Horn Leech|p2a: Gholdengo\n|-resisted|p2a: Gholdengo\n|-damage|p2a: Gholdengo|70/100\n|-heal|p1a: Ogerpon|30/100|[from] drain|[of] p2a: Gholdengo\n|\n|upkeep\n|turn|25\n|\n|t:|1771243033\n|switch|p1a: Scizor|Scizor-Mega, F|84/100 par\n|-damage|p1a: Scizor|71/100 par|[from] Stealth Rock\n|-damage|p1a: Scizor|55/100 par|[from] Spikes\n|move|p2a: Gholdengo|Thunder Wave|p1a: Scizor\n|-fail|p1a: Scizor|par\n|\n|upkeep\n|turn|26\n|\n|t:|1771243035\n|move|p2a: Gholdengo|Hex|p1a: Scizor\n|-damage|p1a: Scizor|0 fnt\n|faint|p1a: Scizor\n|detailschange|p1: Scizor|Scizor, F|[silent]\n|\n|upkeep\n|\n|t:|1771243040\n|switch|p1a: Chansey|Chansey, F|100/100\n|-damage|p1a: Chansey|88/100|[from] Stealth Rock\n|-damage|p1a: Chansey|71/100|[from] Spikes\n|turn|27\n|\n|t:|1771243043\n|move|p2a: Gholdengo|Recover|p2a: Gholdengo\n|-heal|p2a: Gholdengo|100/100\n|move|p1a: Chansey|Teleport|p1a: Chansey\n|\n|t:|1771243045\n|switch|p1a: Zapdos|Zapdos|43/100|[from] Teleport\n|\n|upkeep\n|turn|28\n|\n|t:|1771243048\n|switch|p1a: Chansey|Chansey, F|71/100\n|-damage|p1a: Chansey|59/100|[from] Stealth Rock\n|-damage|p1a: Chansey|42/100|[from] Spikes\n|move|p2a: Gholdengo|Hex|p1a: Chansey\n|-immune|p1a: Chansey\n|\n|upkeep\n|turn|29\n|\n|t:|1771243051\n|move|p2a: Gholdengo|Thunder Wave|p1a: Chansey\n|-status|p1a: Chansey|par\n|move|p1a: Chansey|Soft-Boiled|p1a: Chansey\n|-heal|p1a: Chansey|92/100 par\n|\n|upkeep\n|turn|30\n|\n|t:|1771243055\n|switch|p2a: Ting-Lu|Ting-Lu|61/100 tox\n|-ability|p2a: Ting-Lu|Vessel of Ruin\n|move|p1a: Chansey|Psywave|p2a: Ting-Lu\n|-immune|p2a: Ting-Lu\n|\n|-heal|p2a: Ting-Lu|67/100 tox|[from] item: Leftovers\n|-damage|p2a: Ting-Lu|61/100 tox|[from] psn\n|upkeep\n|turn|31\n|\n|t:|1771243057\n|move|p2a: Ting-Lu|Spikes|p1a: Chansey\n|-sidestart|p1: Frost12080000|Spikes\n|cant|p1a: Chansey|par\n|\n|-heal|p2a: Ting-Lu|67/100 tox|[from] item: Leftovers\n|-damage|p2a: Ting-Lu|55/100 tox|[from] psn\n|upkeep\n|turn|32\n|\n|t:|1771243061\n|switch|p2a: Gholdengo|Gholdengo|100/100\n|-curestatus|p1a: Chansey|par|[from] ability: Natural Cure\n|switch|p1a: Zapdos|Zapdos|43/100\n|\n|upkeep\n|turn|33\n|\n|t:|1771243066\n|move|p1a: Zapdos|Roost|p1a: Zapdos\n|-heal|p1a: Zapdos|93/100\n|-singleturn|p1a: Zapdos|move: Roost\n|move|p2a: Gholdengo|Hex|p1a: Zapdos\n|-damage|p1a: Zapdos|63/100\n|\n|upkeep\n|turn|34\n|\n|t:|1771243068\n|move|p1a: Zapdos|Heat Wave|p2a: Gholdengo\n|-supereffective|p2a: Gholdengo\n|-damage|p2a: Gholdengo|50/100\n|move|p2a: Gholdengo|Hex|p1a: Zapdos\n|-damage|p1a: Zapdos|34/100\n|\n|upkeep\n|turn|35\n|\n|t:|1771243072\n|switch|p2a: Greninja|Greninja, M|100/100\n|move|p1a: Zapdos|Heat Wave|p2a: Greninja\n|-resisted|p2a: Greninja\n|-damage|p2a: Greninja|82/100\n|\n|upkeep\n|turn|36\n|\n|t:|1771243075\n|switch|p1a: Chansey|Chansey, F|92/100\n|-damage|p1a: Chansey|80/100|[from] Stealth Rock\n|-damage|p1a: Chansey|55/100|[from] Spikes\n|move|p2a: Greninja|Ice Beam|p1a: Chansey\n|-damage|p1a: Chansey|49/100\n|\n|upkeep\n|turn|37\n|\n|t:|1771243078\n|move|p2a: Greninja|Dark Pulse|p1a: Chansey\n|-damage|p1a: Chansey|40/100\n|move|p1a: Chansey|Teleport|p1a: Chansey\n|\n|t:|1771243083\n|switch|p1a: Tapu Fini|Tapu Fini, shiny|100/100|[from] Teleport\n|-damage|p1a: Tapu Fini|88/100|[from] Stealth Rock\n|-damage|p1a: Tapu Fini|63/100|[from] Spikes\n|-fieldstart|move: Misty Terrain|[from] ability: Misty Surge|[of] p1a: Tapu Fini\n|\n|-heal|p1a: Tapu Fini|69/100|[from] item: Leftovers\n|upkeep\n|turn|38\n|\n|t:|1771243085\n|switch|p2a: Gholdengo|Gholdengo|50/100\n|move|p1a: Tapu Fini|Calm Mind|p1a: Tapu Fini\n|-boost|p1a: Tapu Fini|spa|1\n|-boost|p1a: Tapu Fini|spd|1\n|\n|-heal|p1a: Tapu Fini|75/100|[from] item: Leftovers\n|upkeep\n|turn|39\n|\n|t:|1771243087\n|move|p2a: Gholdengo|Recover|p2a: Gholdengo\n|-heal|p2a: Gholdengo|99/100\n|move|p1a: Tapu Fini|Surf|p2a: Gholdengo\n|-damage|p2a: Gholdengo|56/100\n|\n|-heal|p1a: Tapu Fini|81/100|[from] item: Leftovers\n|upkeep\n|turn|40\n|\n|t:|1771243090\n|move|p2a: Gholdengo|Recover|p2a: Gholdengo\n|-heal|p2a: Gholdengo|100/100\n|move|p1a: Tapu Fini|Calm Mind|p1a: Tapu Fini\n|-boost|p1a: Tapu Fini|spa|1\n|-boost|p1a: Tapu Fini|spd|1\n|\n|-heal|p1a: Tapu Fini|87/100|[from] item: Leftovers\n|upkeep\n|turn|41\n|\n|t:|1771243093\n|move|p2a: Gholdengo|Hex|p1a: Tapu Fini\n|-crit|p1a: Tapu Fini\n|-damage|p1a: Tapu Fini|56/100\n|move|p1a: Tapu Fini|Calm Mind|p1a: Tapu Fini\n|-boost|p1a: Tapu Fini|spa|1\n|-boost|p1a: Tapu Fini|spd|1\n|\n|-heal|p1a: Tapu Fini|62/100|[from] item: Leftovers\n|-fieldend|Misty Terrain\n|upkeep\n|turn|42\n|\n|t:|1771243096\n|move|p2a: Gholdengo|Thunder Wave|p1a: Tapu Fini\n|-status|p1a: Tapu Fini|par\n|move|p1a: Tapu Fini|Surf|p2a: Gholdengo\n|-damage|p2a: Gholdengo|20/100\n|\n|-heal|p1a: Tapu Fini|68/100 par|[from] item: Leftovers\n|upkeep\n|turn|43\n|\n|t:|1771243099\n|move|p2a: Gholdengo|Recover|p2a: Gholdengo\n|-heal|p2a: Gholdengo|70/100\n|move|p1a: Tapu Fini|Surf|p2a: Gholdengo\n|-damage|p2a: Gholdengo|0 fnt\n|faint|p2a: Gholdengo\n|\n|-heal|p1a: Tapu Fini|74/100 par|[from] item: Leftovers\n|upkeep\n|\n|t:|1771243104\n|switch|p2a: Ting-Lu|Ting-Lu|55/100 tox\n|-ability|p2a: Ting-Lu|Vessel of Ruin\n|turn|44\n|j| Villain gligar\n|\n|t:|1771243107\n|move|p2a: Ting-Lu|Earthquake|p1a: Tapu Fini\n|-damage|p1a: Tapu Fini|50/100 par\n|move|p1a: Tapu Fini|Draining Kiss|p2a: Ting-Lu\n|-supereffective|p2a: Ting-Lu\n|-damage|p2a: Ting-Lu|20/100 tox\n|-heal|p1a: Tapu Fini|90/100 par|[from] drain|[of] p2a: Ting-Lu\n|\n|-heal|p2a: Ting-Lu|26/100 tox|[from] item: Leftovers\n|-heal|p1a: Tapu Fini|96/100 par|[from] item: Leftovers\n|-damage|p2a: Ting-Lu|20/100 tox|[from] psn\n|upkeep\n|turn|45\n|\n|t:|1771243110\n|move|p2a: Ting-Lu|Earthquake|p1a: Tapu Fini\n|-damage|p1a: Tapu Fini|69/100 par\n|move|p1a: Tapu Fini|Draining Kiss|p2a: Ting-Lu\n|-supereffective|p2a: Ting-Lu\n|-damage|p2a: Ting-Lu|0 fnt\n|-heal|p1a: Tapu Fini|91/100 par|[from] drain|[of] p2a: Ting-Lu\n|faint|p2a: Ting-Lu\n|\n|-heal|p1a: Tapu Fini|97/100 par|[from] item: Leftovers\n|upkeep\n|\n|t:|1771243113\n|switch|p2a: Dragonite|Dragonite, M|100/100\n|turn|46\n|\n|t:|1771243115\n|move|p2a: Dragonite|Earthquake|p1a: Tapu Fini\n|-damage|p1a: Tapu Fini|76/100 par\n|cant|p1a: Tapu Fini|par\n|\n|-heal|p1a: Tapu Fini|82/100 par|[from] item: Leftovers\n|upkeep\n|turn|47\n|\n|t:|1771243118\n|move|p2a: Dragonite|Earthquake|p1a: Tapu Fini\n|-damage|p1a: Tapu Fini|60/100 par\n|cant|p1a: Tapu Fini|par\n|\n|-heal|p1a: Tapu Fini|66/100 par|[from] item: Leftovers\n|upkeep\n|turn|48\n|\n|t:|1771243120\n|move|p2a: Dragonite|Earthquake|p1a: Tapu Fini\n|-damage|p1a: Tapu Fini|41/100 par\n|move|p1a: Tapu Fini|Draining Kiss|p2a: Dragonite\n|-supereffective|p2a: Dragonite\n|-damage|p2a: Dragonite|69/100\n|-heal|p1a: Tapu Fini|68/100 par|[from] drain|[of] p2a: Dragonite\n|\n|-heal|p1a: Tapu Fini|74/100 par|[from] item: Leftovers\n|upkeep\n|turn|49\n|\n|t:|1771243122\n|move|p2a: Dragonite|Earthquake|p1a: Tapu Fini\n|-damage|p1a: Tapu Fini|51/100 par\n|cant|p1a: Tapu Fini|par\n|\n|-heal|p1a: Tapu Fini|57/100 par|[from] item: Leftovers\n|upkeep\n|turn|50\n|\n|t:|1771243125\n|move|p2a: Dragonite|Earthquake|p1a: Tapu Fini\n|-damage|p1a: Tapu Fini|37/100 par\n|cant|p1a: Tapu Fini|par\n|\n|-heal|p1a: Tapu Fini|43/100 par|[from] item: Leftovers\n|upkeep\n|turn|51\n|\n|t:|1771243127\n|move|p2a: Dragonite|Earthquake|p1a: Tapu Fini\n|-damage|p1a: Tapu Fini|21/100 par\n|move|p1a: Tapu Fini|Draining Kiss|p2a: Dragonite\n|-supereffective|p2a: Dragonite\n|-damage|p2a: Dragonite|0 fnt\n|-heal|p1a: Tapu Fini|78/100 par|[from] drain|[of] p2a: Dragonite\n|faint|p2a: Dragonite\n|\n|-heal|p1a: Tapu Fini|85/100 par|[from] item: Leftovers\n|upkeep\n|\n|t:|1771243129\n|switch|p2a: Greninja|Greninja, M|82/100\n|turn|52\n|\n|t:|1771243136\n|move|p2a: Greninja|Dark Pulse|p1a: Tapu Fini\n|-resisted|p1a: Tapu Fini\n|-damage|p1a: Tapu Fini|79/100 par\n|move|p1a: Tapu Fini|Draining Kiss|p2a: Greninja\n|-supereffective|p2a: Greninja\n|-damage|p2a: Greninja|0 fnt\n|-heal|p1a: Tapu Fini|100/100 par|[from] drain|[of] p2a: Greninja\n|faint|p2a: Greninja\n|\n|win|Frost12080000\n|raw|Frost12080000's rating: 1645 &rarr; <strong>1667</strong><br />(+22 for winning)\n|raw|darretyle's rating: 1685 &rarr; <strong>1663</strong><br />(-22 for losing)\n|l|☆Frost12080000\n|player|p1|\n|l|☆darretyle\n|player|p2|\n", "uploadtime": 1771243303, "views": 8, "formatid": "gen9nationaldex", "rating": 1663, "private": 0, "password": null}