{"id": "gen9nationaldex-2540556679", "format": "[Gen 9] National Dex", "players": ["jeans from japan", "daniel241595"], "log": "|j|‽jeans from japan\n|j|☆daniel241595\n|t:|1771217568\n|gametype|singles\n|player|p1|jeans from japan|nate|1494\n|player|p2|daniel241595|170|1726\n|gen|9\n|tier|[Gen 9] National Dex\n|rated|\n|rule|HP Percentage Mod: HP is shown in percentages\n|rule|Endless Battle Clause: Forcing endless battles is banned\n|rule|Species Clause: Limit one of each Pokémon\n|rule|OHKO Clause: OHKO moves are banned\n|rule|Evasion Clause: Evasion abilities, items, and moves are banned\n|rule|Evasion Abilities Clause: Evasion abilities are banned\n|rule|Evasion Items Clause: Evasion items are banned\n|rule|Evasion Moves Clause: Evasion moves are banned\n|rule|Sleep Clause Mod: Limit one foe put to sleep\n|rule|Terastal Clause: You cannot Terastallize\n|clearpoke\n|poke|p1|Ditto|\n|poke|p1|Pawmot, F|\n|poke|p1|Deoxys-Defense|\n|poke|p1|Cresselia, F|\n|poke|p1|Kyurem|\n|poke|p1|Corviknight, F|\n|poke|p2|Arcanine-Hisui, M|\n|poke|p2|Milotic, F|\n|poke|p2|Electivire, F|\n|poke|p2|Hydreigon, F|\n|poke|p2|Chesnaught, M|\n|poke|p2|Hatterene, F|\n|teampreview\n|inactive|Battle timer is ON: inactive players will automatically lose when time's up. (requested by daniel241595)\n|\n|t:|1771217597\n|teamsize|p1|6\n|teamsize|p2|6\n|start\n|switch|p1a: Cresselia|Cresselia, F|100/100\n|switch|p2a: Electivire|Electivire, F|100/100\n|turn|1\n|\n|t:|1771217602\n|move|p2a: Electivire|Knock Off|p1a: Cresselia\n|-supereffective|p1a: Cresselia\n|-damage|p1a: Cresselia|54/100\n|-enditem|p1a: Cresselia|Choice Scarf|[from] move: Knock Off|[of] p2a: Electivire\n|move|p1a: Cresselia|Trick|p2a: Electivire\n|-activate|p1a: Cresselia|move: Trick|[of] p2a: Electivire\n|-enditem|p2a: Electivire|Choice Scarf|[silent]|[from] move: Trick\n|-item|p1a: Cresselia|Choice Scarf|[from] move: Trick\n|\n|upkeep\n|turn|2\n|\n|t:|1771217616\n|move|p1a: Cresselia|Thunder Wave|p2a: Electivire\n|-ability|p2a: Electivire|Motor Drive|boost\n|-boost|p2a: Electivire|spe|1\n|move|p2a: Electivire|Knock Off|p1a: Cresselia\n|-supereffective|p1a: Cresselia\n|-damage|p1a: Cresselia|12/100\n|-enditem|p1a: Cresselia|Choice Scarf|[from] move: Knock Off|[of] p2a: Electivire\n|\n|upkeep\n|turn|3\n|\n|t:|1771217626\n|move|p2a: Electivire|Knock Off|p1a: Cresselia\n|-supereffective|p1a: Cresselia\n|-damage|p1a: Cresselia|0 fnt\n|faint|p1a: Cresselia\n|\n|upkeep\n|\n|t:|1771217627\n|switch|p1a: Deoxys|Deoxys-Defense|100/100\n|-ability|p1a: Deoxys|Pressure\n|turn|4\n|\n|t:|1771217632\n|move|p2a: Electivire|Volt Switch|p1a: Deoxys\n|-damage|p1a: Deoxys|84/100\n|\n|t:|1771217635\n|switch|p2a: Hatterene|Hatterene, F, shiny|100/100|[from] Volt Switch\n|move|p1a: Deoxys|Cosmic Power|p1a: Deoxys\n|-boost|p1a: Deoxys|def|1\n|-boost|p1a: Deoxys|spd|1\n|\n|upkeep\n|turn|5\n|\n|t:|1771217647\n|move|p1a: Deoxys|Night Shade|p2a: Hatterene\n|-damage|p2a: Hatterene|69/100\n|move|p2a: Hatterene|Nuzzle|p1a: Deoxys\n|-damage|p1a: Deoxys|82/100\n|-status|p1a: Deoxys|par\n|-damage|p2a: Hatterene|52/100|[from] item: Rocky Helmet|[of] p1a: Deoxys\n|\n|-heal|p2a: Hatterene|58/100|[from] item: Leftovers\n|upkeep\n|turn|6\n|\n|t:|1771217651\n|switch|p2a: Milotic|Milotic, F|100/100\n|move|p1a: Deoxys|Night Shade|p2a: Milotic\n|-damage|p2a: Milotic|75/100\n|\n|-heal|p2a: Milotic|81/100|[from] item: Leftovers\n|upkeep\n|turn|7\n|\n|t:|1771217657\n|switch|p1a: Kyurem|Kyurem|100/100\n|-ability|p1a: Kyurem|Pressure\n|move|p2a: Milotic|Haze|p2a: Milotic\n|-clearallboost\n|\n|-heal|p2a: Milotic|87/100|[from] item: Leftovers\n|upkeep\n|turn|8\n|\n|t:|1771217675\n|move|p1a: Kyurem|Substitute|p1a: Kyurem\n|-start|p1a: Kyurem|Substitute\n|-damage|p1a: Kyurem|76/100\n|move|p2a: Milotic|Flip Turn|p1a: Kyurem\n|-resisted|p1a: Kyurem\n|-activate|p1a: Kyurem|move: Substitute|[damage]\n|\n|t:|1771217690\n|switch|p2a: Arcanine|Arcanine-Hisui, M|100/100|[from] Flip Turn\n|\n|-heal|p1a: Kyurem|82/100|[from] item: Leftovers\n|upkeep\n|turn|9\n|\n|t:|1771217695\n|move|p1a: Kyurem|Icicle Spear|p2a: Arcanine\n|-resisted|p2a: Arcanine\n|-damage|p2a: Arcanine|94/100\n|-resisted|p2a: Arcanine\n|-damage|p2a: Arcanine|89/100\n|-resisted|p2a: Arcanine\n|-damage|p2a: Arcanine|83/100\n|-resisted|p2a: Arcanine\n|-damage|p2a: Arcanine|78/100\n|-resisted|p2a: Arcanine\n|-damage|p2a: Arcanine|71/100\n|-hitcount|p2a: Arcanine|5\n|move|p2a: Arcanine|Flare Blitz|p1a: Kyurem\n|-end|p1a: Kyurem|Substitute\n|\n|-heal|p1a: Kyurem|88/100|[from] item: Leftovers\n|upkeep\n|turn|10\n|\n|t:|1771217699\n|move|p1a: Kyurem|Substitute|p1a: Kyurem\n|-start|p1a: Kyurem|Substitute\n|-damage|p1a: Kyurem|63/100\n|move|p2a: Arcanine|Flare Blitz|p1a: Kyurem\n|-end|p1a: Kyurem|Substitute\n|\n|-heal|p1a: Kyurem|69/100|[from] item: Leftovers\n|upkeep\n|turn|11\n|\n|t:|1771217702\n|move|p1a: Kyurem|Substitute|p1a: Kyurem\n|-start|p1a: Kyurem|Substitute\n|-damage|p1a: Kyurem|44/100\n|move|p2a: Arcanine|Flare Blitz|p1a: Kyurem\n|-end|p1a: Kyurem|Substitute\n|\n|-heal|p1a: Kyurem|50/100|[from] item: Leftovers\n|upkeep\n|turn|12\n|\n|t:|1771217704\n|move|p1a: Kyurem|Roost|p1a: Kyurem\n|-heal|p1a: Kyurem|100/100\n|-singleturn|p1a: Kyurem|move: Roost\n|move|p2a: Arcanine|Flare Blitz|p1a: Kyurem\n|-damage|p1a: Kyurem|31/100\n|\n|-heal|p1a: Kyurem|38/100|[from] item: Leftovers\n|upkeep\n|turn|13\n|\n|t:|1771217707\n|move|p1a: Kyurem|Roost|p1a: Kyurem\n|-heal|p1a: Kyurem|88/100\n|-singleturn|p1a: Kyurem|move: Roost\n|move|p2a: Arcanine|Flare Blitz|p1a: Kyurem\n|-damage|p1a: Kyurem|17/100\n|-status|p1a: Kyurem|brn\n|\n|-heal|p1a: Kyurem|23/100 brn|[from] item: Leftovers\n|-damage|p1a: Kyurem|17/100 brn|[from] brn\n|upkeep\n|turn|14\n|\n|t:|1771217709\n|move|p1a: Kyurem|Roost|p1a: Kyurem\n|-heal|p1a: Kyurem|67/100 brn\n|-singleturn|p1a: Kyurem|move: Roost\n|move|p2a: Arcanine|Flare Blitz|p1a: Kyurem\n|-damage|p1a: Kyurem|0 fnt\n|faint|p1a: Kyurem\n|\n|upkeep\n|\n|t:|1771217711\n|switch|p1a: Pawmot|Pawmot, F|100/100\n|turn|15\n|\n|t:|1771217723\n|switch|p2a: Chesnaught|Chesnaught, M|100/100\n|move|p1a: Pawmot|Nuzzle|p2a: Chesnaught\n|-resisted|p2a: Chesnaught\n|-damage|p2a: Chesnaught|98/100\n|-status|p2a: Chesnaught|par\n|\n|-heal|p2a: Chesnaught|100/100 par|[from] item: Leftovers\n|upkeep\n|turn|16\n|\n|t:|1771217729\n|move|p1a: Pawmot|Revival Blessing|p1a: Pawmot\n|-enditem|p1a: Pawmot|Leppa Berry|[eat]\n|-activate|p1a: Pawmot|item: Leppa Berry|Revival Blessing|[consumed]\n|\n|t:|1771217731\n|-heal|p1: Kyurem|50/100|[from] move: Revival Blessing\n|cant|p2a: Chesnaught|par\n|\n|upkeep\n|turn|17\n|\n|t:|1771217735\n|move|p1a: Pawmot|Revival Blessing|p1a: Pawmot\n|\n|t:|1771217737\n|-heal|p1: Cresselia|50/100|[from] move: Revival Blessing\n|cant|p2a: Chesnaught|par\n|\n|upkeep\n|turn|18\n|\n|t:|1771217749\n|switch|p1a: Corviknight|Corviknight, F, shiny|100/100\n|-ability|p1a: Corviknight|Pressure\n|move|p2a: Chesnaught|Spikes|p1a: Corviknight\n|-sidestart|p1: jeans from japan|Spikes\n|\n|upkeep\n|turn|19\n|\n|t:|1771217762\n|switch|p2a: Arcanine|Arcanine-Hisui, M|71/100\n|move|p1a: Corviknight|Substitute|p1a: Corviknight\n|-start|p1a: Corviknight|Substitute\n|-damage|p1a: Corviknight|76/100\n|\n|-heal|p1a: Corviknight|82/100|[from] item: Leftovers\n|upkeep\n|turn|20\n|\n|t:|1771217781\n|move|p2a: Arcanine|Flare Blitz|p1a: Corviknight\n|-supereffective|p1a: Corviknight\n|-end|p1a: Corviknight|Substitute\n|move|p1a: Corviknight|Substitute|p1a: Corviknight\n|-start|p1a: Corviknight|Substitute\n|-damage|p1a: Corviknight|57/100\n|\n|-heal|p1a: Corviknight|63/100|[from] item: Leftovers\n|upkeep\n|turn|21\n|\n|t:|1771217786\n|move|p2a: Arcanine|Flare Blitz|p1a: Corviknight\n|-supereffective|p1a: Corviknight\n|-crit|p1a: Corviknight\n|-end|p1a: Corviknight|Substitute\n|move|p1a: Corviknight|Substitute|p1a: Corviknight\n|-start|p1a: Corviknight|Substitute\n|-damage|p1a: Corviknight|38/100\n|\n|-heal|p1a: Corviknight|44/100|[from] item: Leftovers\n|upkeep\n|turn|22\n|\n|t:|1771217790\n|move|p2a: Arcanine|Flare Blitz|p1a: Corviknight\n|-supereffective|p1a: Corviknight\n|-end|p1a: Corviknight|Substitute\n|move|p1a: Corviknight|Substitute|p1a: Corviknight\n|-start|p1a: Corviknight|Substitute\n|-damage|p1a: Corviknight|19/100\n|\n|-heal|p1a: Corviknight|25/100|[from] item: Leftovers\n|upkeep\n|turn|23\n|\n|t:|1771217795\n|move|p2a: Arcanine|Flare Blitz|p1a: Corviknight\n|-supereffective|p1a: Corviknight\n|-end|p1a: Corviknight|Substitute\n|move|p1a: Corviknight|Roost|p1a: Corviknight\n|-heal|p1a: Corviknight|75/100\n|-singleturn|p1a: Corviknight|move: Roost\n|\n|-heal|p1a: Corviknight|81/100|[from] item: Leftovers\n|upkeep\n|turn|24\n|\n|t:|1771217799\n|switch|p1a: Deoxys|Deoxys-Defense|82/100 par\n|-damage|p1a: Deoxys|70/100 par|[from] Spikes\n|-ability|p1a: Deoxys|Pressure\n|move|p2a: Arcanine|Flare Blitz|p1a: Deoxys\n|-damage|p1a: Deoxys|8/100 par\n|-damage|p2a: Arcanine|55/100|[from] item: Rocky Helmet|[of] p1a: Deoxys\n|\n|upkeep\n|turn|25\n|\n|t:|1771217818\n|switch|p2a: Hydreigon|Hydreigon, F|100/100\n|switch|p1a: Pawmot|Pawmot, F|100/100\n|-damage|p1a: Pawmot|88/100|[from] Spikes\n|\n|upkeep\n|turn|26\n|\n|t:|1771217829\n|switch|p2a: Chesnaught|Chesnaught, M|100/100 par\n|move|p1a: Pawmot|Nuzzle|p2a: Chesnaught\n|-resisted|p2a: Chesnaught\n|-damage|p2a: Chesnaught|98/100 par\n|\n|-heal|p2a: Chesnaught|100/100 par|[from] item: Leftovers\n|upkeep\n|turn|27\n|\n|t:|1771217848\n|switch|p1a: Cresselia|Cresselia, F|50/100\n|switch|p2a: Electivire|Electivire, F|100/100\n|\n|upkeep\n|turn|28\n|\n|t:|1771217858\n|move|p2a: Electivire|Supercell Slam|p1a: Cresselia|[miss]\n|-miss|p2a: Electivire|p1a: Cresselia\n|-damage|p2a: Electivire|51/100|[from] supercellslam\n|move|p1a: Cresselia|Lunar Dance|p1a: Cresselia\n|faint|p1a: Cresselia\n|\n|upkeep\n|\n|t:|1771217872\n|switch|p1a: Deoxys|Deoxys-Defense|8/100 par\n|-heal|p1a: Deoxys|100/100|[from] move: Lunar Dance\n|-damage|p1a: Deoxys|88/100|[from] Spikes\n|-ability|p1a: Deoxys|Pressure\n|turn|29\n|\n|t:|1771217885\n|move|p2a: Electivire|Knock Off|p1a: Deoxys\n|-supereffective|p1a: Deoxys\n|-damage|p1a: Deoxys|42/100\n|-damage|p2a: Electivire|34/100|[from] item: Rocky Helmet|[of] p1a: Deoxys\n|-enditem|p1a: Deoxys|Rocky Helmet|[from] move: Knock Off|[of] p2a: Electivire\n|move|p1a: Deoxys|Night Shade|p2a: Electivire\n|-damage|p2a: Electivire|0 fnt\n|faint|p2a: Electivire\n|\n|upkeep\n|\n|t:|1771217904\n|switch|p2a: Hydreigon|Hydreigon, F|100/100\n|turn|30\n|\n|t:|1771217916\n|switch|p1a: Corviknight|Corviknight, F, shiny|81/100\n|-ability|p1a: Corviknight|Pressure\n|move|p2a: Hydreigon|Draco Meteor|p1a: Corviknight\n|-resisted|p1a: Corviknight\n|-damage|p1a: Corviknight|50/100\n|-unboost|p2a: Hydreigon|spa|2\n|\n|-heal|p1a: Corviknight|56/100|[from] item: Leftovers\n|upkeep\n|turn|31\n|inactive|daniel241595 has 120 seconds left.\n|\n|t:|1771217938\n|-zpower|p2a: Hydreigon\n|move|p2a: Hydreigon|Devastating Drake|p1a: Corviknight|[zeffect]\n|-resisted|p1a: Corviknight\n|-damage|p1a: Corviknight|34/100\n|move|p1a: Corviknight|Substitute|p1a: Corviknight\n|-start|p1a: Corviknight|Substitute\n|-damage|p1a: Corviknight|10/100\n|\n|-heal|p1a: Corviknight|16/100|[from] item: Leftovers\n|upkeep\n|turn|32\n|inactive|daniel241595 has 120 seconds left.\n|\n|t:|1771217969\n|switch|p2a: Milotic|Milotic, F|87/100\n|move|p1a: Corviknight|Roost|p1a: Corviknight\n|-heal|p1a: Corviknight|66/100\n|-singleturn|p1a: Corviknight|move: Roost\n|\n|-heal|p2a: Milotic|93/100|[from] item: Leftovers\n|-heal|p1a: Corviknight|72/100|[from] item: Leftovers\n|upkeep\n|turn|33\n|\n|t:|1771217973\n|move|p2a: Milotic|Scald|p1a: Corviknight\n|-activate|p1a: Corviknight|move: Substitute|[damage]\n|move|p1a: Corviknight|Bulk Up|p1a: Corviknight\n|-boost|p1a: Corviknight|atk|1\n|-boost|p1a: Corviknight|def|1\n|\n|-heal|p2a: Milotic|99/100|[from] item: Leftovers\n|-heal|p1a: Corviknight|78/100|[from] item: Leftovers\n|upkeep\n|turn|34\n|\n|t:|1771217976\n|move|p2a: Milotic|Scald|p1a: Corviknight\n|-end|p1a: Corviknight|Substitute\n|move|p1a: Corviknight|Substitute|p1a: Corviknight\n|-start|p1a: Corviknight|Substitute\n|-damage|p1a: Corviknight|53/100\n|\n|-heal|p2a: Milotic|100/100|[from] item: Leftovers\n|-heal|p1a: Corviknight|59/100|[from] item: Leftovers\n|upkeep\n|turn|35\n|inactive|daniel241595 has 120 seconds left.\n|\n|t:|1771217986\n|move|p2a: Milotic|Scald|p1a: Corviknight\n|-activate|p1a: Corviknight|move: Substitute|[damage]\n|move|p1a: Corviknight|Roost|p1a: Corviknight\n|-heal|p1a: Corviknight|100/100\n|-singleturn|p1a: Corviknight|move: Roost\n|\n|upkeep\n|turn|36\n|inactive|daniel241595 has 120 seconds left.\n|\n|t:|1771217992\n|move|p2a: Milotic|Haze|p2a: Milotic\n|-clearallboost\n|move|p1a: Corviknight|Substitute|p1a: Corviknight\n|-fail|p1a: Corviknight|move: Substitute\n|\n|upkeep\n|turn|37\n|\n|t:|1771218000\n|move|p2a: Milotic|Scald|p1a: Corviknight\n|-end|p1a: Corviknight|Substitute\n|move|p1a: Corviknight|Bulk Up|p1a: Corviknight\n|-boost|p1a: Corviknight|atk|1\n|-boost|p1a: Corviknight|def|1\n|\n|upkeep\n|turn|38\n|\n|t:|1771218012\n|move|p2a: Milotic|Scald|p1a: Corviknight\n|-damage|p1a: Corviknight|76/100\n|-status|p1a: Corviknight|brn\n|move|p1a: Corviknight|Substitute|p1a: Corviknight\n|-start|p1a: Corviknight|Substitute\n|-damage|p1a: Corviknight|52/100 brn\n|\n|-heal|p1a: Corviknight|58/100 brn|[from] item: Leftovers\n|-damage|p1a: Corviknight|52/100 brn|[from] brn\n|upkeep\n|turn|39\n|inactive|daniel241595 has 120 seconds left.\n|\n|t:|1771218033\n|move|p2a: Milotic|Scald|p1a: Corviknight\n|-activate|p1a: Corviknight|move: Substitute|[damage]\n|move|p1a: Corviknight|Bulk Up|p1a: Corviknight\n|-boost|p1a: Corviknight|atk|1\n|-boost|p1a: Corviknight|def|1\n|\n|-heal|p1a: Corviknight|58/100 brn|[from] item: Leftovers\n|-damage|p1a: Corviknight|52/100 brn|[from] brn\n|upkeep\n|turn|40\n|\n|t:|1771218042\n|move|p2a: Milotic|Haze|p2a: Milotic\n|-clearallboost\n|move|p1a: Corviknight|Roost|p1a: Corviknight\n|-heal|p1a: Corviknight|100/100 brn\n|-singleturn|p1a: Corviknight|move: Roost\n|\n|-damage|p1a: Corviknight|94/100 brn|[from] brn\n|upkeep\n|turn|41\n|\n|t:|1771218046\n|move|p2a: Milotic|Flip Turn|p1a: Corviknight\n|-end|p1a: Corviknight|Substitute\n|\n|t:|1771218049\n|switch|p2a: Hatterene|Hatterene, F, shiny|58/100|[from] Flip Turn\n|move|p1a: Corviknight|Bulk Up|p1a: Corviknight\n|-boost|p1a: Corviknight|atk|1\n|-boost|p1a: Corviknight|def|1\n|\n|-heal|p1a: Corviknight|100/100 brn|[from] item: Leftovers\n|-heal|p2a: Hatterene|64/100|[from] item: Leftovers\n|-damage|p1a: Corviknight|94/100 brn|[from] brn\n|upkeep\n|turn|42\n|\n|t:|1771218054\n|move|p1a: Corviknight|Brave Bird|p2a: Hatterene\n|-damage|p2a: Hatterene|32/100\n|-damage|p1a: Corviknight|86/100 brn|[from] Recoil\n|move|p2a: Hatterene|Aromatherapy|p2a: Hatterene\n|-activate|p2a: Hatterene|move: Aromatherapy\n|-curestatus|p2: Chesnaught|par|[msg]\n|\n|-heal|p1a: Corviknight|92/100 brn|[from] item: Leftovers\n|-heal|p2a: Hatterene|38/100|[from] item: Leftovers\n|-damage|p1a: Corviknight|86/100 brn|[from] brn\n|upkeep\n|turn|43\n|\n|t:|1771218071\n|switch|p2a: Milotic|Milotic, F|100/100\n|move|p1a: Corviknight|Bulk Up|p1a: Corviknight\n|-boost|p1a: Corviknight|atk|1\n|-boost|p1a: Corviknight|def|1\n|\n|-heal|p1a: Corviknight|92/100 brn|[from] item: Leftovers\n|-damage|p1a: Corviknight|86/100 brn|[from] brn\n|upkeep\n|turn|44\n|j| sacramentoo\n|\n|t:|1771218077\n|move|p2a: Milotic|Scald|p1a: Corviknight\n|-damage|p1a: Corviknight|63/100 brn\n|move|p1a: Corviknight|Substitute|p1a: Corviknight\n|-start|p1a: Corviknight|Substitute\n|-damage|p1a: Corviknight|38/100 brn\n|\n|-heal|p1a: Corviknight|44/100 brn|[from] item: Leftovers\n|-damage|p1a: Corviknight|38/100 brn|[from] brn\n|upkeep\n|turn|45\n|\n|t:|1771218085\n|move|p2a: Milotic|Haze|p2a: Milotic\n|-clearallboost\n|move|p1a: Corviknight|Roost|p1a: Corviknight\n|-heal|p1a: Corviknight|88/100 brn\n|-singleturn|p1a: Corviknight|move: Roost\n|\n|-heal|p1a: Corviknight|94/100 brn|[from] item: Leftovers\n|-damage|p1a: Corviknight|88/100 brn|[from] brn\n|upkeep\n|turn|46\n|l| sacramentoo\n|inactive|jeans from japan has 120 seconds left.\n|\n|t:|1771218116\n|move|p2a: Milotic|Scald|p1a: Corviknight\n|-activate|p1a: Corviknight|move: Substitute|[damage]\n|move|p1a: Corviknight|Bulk Up|p1a: Corviknight\n|-boost|p1a: Corviknight|atk|1\n|-boost|p1a: Corviknight|def|1\n|\n|-heal|p1a: Corviknight|94/100 brn|[from] item: Leftovers\n|-damage|p1a: Corviknight|88/100 brn|[from] brn\n|upkeep\n|turn|47\n|\n|t:|1771218121\n|move|p2a: Milotic|Haze|p2a: Milotic\n|-clearallboost\n|move|p1a: Corviknight|Bulk Up|p1a: Corviknight\n|-boost|p1a: Corviknight|atk|1\n|-boost|p1a: Corviknight|def|1\n|\n|-heal|p1a: Corviknight|94/100 brn|[from] item: Leftovers\n|-damage|p1a: Corviknight|88/100 brn|[from] brn\n|upkeep\n|turn|48\n|\n|t:|1771218130\n|move|p2a: Milotic|Scald|p1a: Corviknight\n|-end|p1a: Corviknight|Substitute\n|move|p1a: Corviknight|Bulk Up|p1a: Corviknight\n|-boost|p1a: Corviknight|atk|1\n|-boost|p1a: Corviknight|def|1\n|\n|-heal|p1a: Corviknight|94/100 brn|[from] item: Leftovers\n|-damage|p1a: Corviknight|88/100 brn|[from] brn\n|upkeep\n|turn|49\n|\n|t:|1771218135\n|move|p2a: Milotic|Haze|p2a: Milotic\n|-clearallboost\n|move|p1a: Corviknight|Substitute|p1a: Corviknight\n|-start|p1a: Corviknight|Substitute\n|-damage|p1a: Corviknight|64/100 brn\n|\n|-heal|p1a: Corviknight|70/100 brn|[from] item: Leftovers\n|-damage|p1a: Corviknight|64/100 brn|[from] brn\n|upkeep\n|turn|50\n|\n|t:|1771218142\n|move|p2a: Milotic|Scald|p1a: Corviknight\n|-activate|p1a: Corviknight|move: Substitute|[damage]\n|move|p1a: Corviknight|Bulk Up|p1a: Corviknight\n|-boost|p1a: Corviknight|atk|1\n|-boost|p1a: Corviknight|def|1\n|\n|-heal|p1a: Corviknight|70/100 brn|[from] item: Leftovers\n|-damage|p1a: Corviknight|64/100 brn|[from] brn\n|upkeep\n|turn|51\n|\n|t:|1771218147\n|move|p2a: Milotic|Haze|p2a: Milotic\n|-clearallboost\n|move|p1a: Corviknight|Bulk Up|p1a: Corviknight\n|-boost|p1a: Corviknight|atk|1\n|-boost|p1a: Corviknight|def|1\n|\n|-heal|p1a: Corviknight|70/100 brn|[from] item: Leftovers\n|-damage|p1a: Corviknight|64/100 brn|[from] brn\n|upkeep\n|turn|52\n|\n|t:|1771218151\n|move|p2a: Milotic|Flip Turn|p1a: Corviknight\n|-end|p1a: Corviknight|Substitute\n|\n|t:|1771218154\n|switch|p2a: Hydreigon|Hydreigon, F|100/100|[from] Flip Turn\n|move|p1a: Corviknight|Bulk Up|p1a: Corviknight\n|-boost|p1a: Corviknight|atk|1\n|-boost|p1a: Corviknight|def|1\n|\n|-heal|p1a: Corviknight|70/100 brn|[from] item: Leftovers\n|-damage|p1a: Corviknight|64/100 brn|[from] brn\n|upkeep\n|turn|53\n|\n|t:|1771218171\n|move|p2a: Hydreigon|Nasty Plot|p2a: Hydreigon\n|-boost|p2a: Hydreigon|spa|2\n|move|p1a: Corviknight|Roost|p1a: Corviknight\n|-heal|p1a: Corviknight|100/100 brn\n|-singleturn|p1a: Corviknight|move: Roost\n|\n|-damage|p1a: Corviknight|94/100 brn|[from] brn\n|upkeep\n|turn|54\n|\n|t:|1771218174\n|move|p2a: Hydreigon|Nasty Plot|p2a: Hydreigon\n|-boost|p2a: Hydreigon|spa|2\n|move|p1a: Corviknight|Brave Bird|p2a: Hydreigon\n|-damage|p2a: Hydreigon|64/100\n|-damage|p1a: Corviknight|83/100 brn|[from] Recoil\n|\n|-heal|p1a: Corviknight|89/100 brn|[from] item: Leftovers\n|-damage|p1a: Corviknight|83/100 brn|[from] brn\n|upkeep\n|turn|55\n|\n|t:|1771218180\n|move|p2a: Hydreigon|Nasty Plot|p2a: Hydreigon\n|-boost|p2a: Hydreigon|spa|2\n|move|p1a: Corviknight|Brave Bird|p2a: Hydreigon\n|-damage|p2a: Hydreigon|31/100\n|-damage|p1a: Corviknight|72/100 brn|[from] Recoil\n|\n|-heal|p1a: Corviknight|78/100 brn|[from] item: Leftovers\n|-damage|p1a: Corviknight|72/100 brn|[from] brn\n|upkeep\n|turn|56\n|\n|t:|1771218183\n|move|p2a: Hydreigon|Roost|p2a: Hydreigon\n|-heal|p2a: Hydreigon|81/100\n|-singleturn|p2a: Hydreigon|move: Roost\n|move|p1a: Corviknight|Brave Bird|p2a: Hydreigon\n|-damage|p2a: Hydreigon|44/100\n|-damage|p1a: Corviknight|60/100 brn|[from] Recoil\n|\n|-heal|p1a: Corviknight|66/100 brn|[from] item: Leftovers\n|-damage|p1a: Corviknight|60/100 brn|[from] brn\n|upkeep\n|turn|57\n|\n|t:|1771218188\n|move|p2a: Hydreigon|Draco Meteor|p1a: Corviknight\n|-resisted|p1a: Corviknight\n|-crit|p1a: Corviknight\n|-damage|p1a: Corviknight|0 fnt\n|-unboost|p2a: Hydreigon|spa|2\n|faint|p1a: Corviknight\n|\n|upkeep\n|\n|t:|1771218192\n|switch|p1a: Ditto|Ditto|100/100\n|-damage|p1a: Ditto|88/100|[from] Spikes\n|-transform|p1a: Ditto|p2a: Hydreigon|[from] ability: Imposter\n|turn|58\n|\n|t:|1771218204\n|switch|p2a: Hatterene|Hatterene, F, shiny|38/100\n|move|p1a: Ditto|Draco Meteor|p2a: Hatterene\n|-immune|p2a: Hatterene\n|\n|-heal|p2a: Hatterene|44/100|[from] item: Leftovers\n|upkeep\n|turn|59\n|\n|t:|1771218214\n|switch|p1a: Pawmot|Pawmot, F|88/100\n|-damage|p1a: Pawmot|75/100|[from] Spikes\n|move|p2a: Hatterene|Draining Kiss|p1a: Pawmot\n|-supereffective|p1a: Pawmot\n|-damage|p1a: Pawmot|10/100\n|-heal|p2a: Hatterene|97/100|[from] drain|[of] p1a: Pawmot\n|\n|-heal|p2a: Hatterene|100/100|[from] item: Leftovers\n|upkeep\n|turn|60\n|\n|t:|1771218224\n|move|p1a: Pawmot|Nuzzle|p2a: Hatterene\n|-damage|p2a: Hatterene|92/100\n|-status|p2a: Hatterene|par\n|move|p2a: Hatterene|Draining Kiss|p1a: Pawmot\n|-supereffective|p1a: Pawmot\n|-damage|p1a: Pawmot|0 fnt\n|-heal|p2a: Hatterene|99/100 par|[from] drain|[of] p1a: Pawmot\n|faint|p1a: Pawmot\n|\n|-heal|p2a: Hatterene|100/100 par|[from] item: Leftovers\n|upkeep\n|\n|t:|1771218229\n|switch|p1a: Deoxys|Deoxys-Defense|42/100\n|-damage|p1a: Deoxys|29/100|[from] Spikes\n|-ability|p1a: Deoxys|Pressure\n|turn|61\n|inactive|daniel241595 has 120 seconds left.\n|\n|t:|1771218266\n|switch|p2a: Milotic|Milotic, F|100/100\n|move|p1a: Deoxys|Recover|p1a: Deoxys\n|-heal|p1a: Deoxys|79/100\n|\n|upkeep\n|turn|62\n|inactive|daniel241595 has 120 seconds left.\n|\n|t:|1771218279\n|move|p1a: Deoxys|Cosmic Power|p1a: Deoxys\n|-boost|p1a: Deoxys|def|1\n|-boost|p1a: Deoxys|spd|1\n|move|p2a: Milotic|Flip Turn|p1a: Deoxys\n|-damage|p1a: Deoxys|74/100\n|\n|t:|1771218296\n|switch|p2a: Hatterene|Hatterene, F, shiny|100/100 par|[from] Flip Turn\n|\n|upkeep\n|turn|63\n|\n|t:|1771218312\n|move|p1a: Deoxys|Cosmic Power|p1a: Deoxys\n|-boost|p1a: Deoxys|def|1\n|-boost|p1a: Deoxys|spd|1\n|move|p2a: Hatterene|Aromatherapy|p2a: Hatterene\n|-activate|p2a: Hatterene|move: Aromatherapy\n|-curestatus|p2a: Hatterene|par|[msg]\n|\n|upkeep\n|turn|64\n|\n|t:|1771218316\n|move|p1a: Deoxys|Night Shade|p2a: Hatterene\n|-damage|p2a: Hatterene|69/100\n|move|p2a: Hatterene|Nuzzle|p1a: Deoxys\n|-damage|p1a: Deoxys|72/100\n|-status|p1a: Deoxys|par\n|\n|-heal|p2a: Hatterene|75/100|[from] item: Leftovers\n|upkeep\n|turn|65\n|\n|t:|1771218325\n|switch|p2a: Milotic|Milotic, F|100/100\n|move|p1a: Deoxys|Night Shade|p2a: Milotic\n|-damage|p2a: Milotic|75/100\n|\n|-heal|p2a: Milotic|81/100|[from] item: Leftovers\n|upkeep\n|turn|66\n|\n|t:|1771218343\n|move|p2a: Milotic|Haze|p2a: Milotic\n|-clearallboost\n|cant|p1a: Deoxys|par\n|\n|-heal|p2a: Milotic|87/100|[from] item: Leftovers\n|upkeep\n|turn|67\n|\n|t:|1771218348\n|move|p2a: Milotic|Flip Turn|p1a: Deoxys\n|-damage|p1a: Deoxys|62/100 par\n|\n|t:|1771218349\n|switch|p2a: Hydreigon|Hydreigon, F|44/100|[from] Flip Turn\n|move|p1a: Deoxys|Cosmic Power|p1a: Deoxys\n|-boost|p1a: Deoxys|def|1\n|-boost|p1a: Deoxys|spd|1\n|\n|upkeep\n|turn|68\n|\n|t:|1771218355\n|switch|p1a: Ditto|Ditto|88/100\n|-damage|p1a: Ditto|76/100|[from] Spikes\n|-transform|p1a: Ditto|p2a: Hydreigon|[from] ability: Imposter\n|move|p2a: Hydreigon|Roost|p2a: Hydreigon\n|-heal|p2a: Hydreigon|94/100\n|-singleturn|p2a: Hydreigon|move: Roost\n|\n|upkeep\n|turn|69\n|\n|t:|1771218363\n|switch|p1a: Kyurem|Kyurem|50/100\n|-damage|p1a: Kyurem|38/100|[from] Spikes\n|-ability|p1a: Kyurem|Pressure\n|switch|p2a: Hatterene|Hatterene, F, shiny|75/100\n|\n|-heal|p1a: Kyurem|44/100|[from] item: Leftovers\n|-heal|p2a: Hatterene|81/100|[from] item: Leftovers\n|upkeep\n|turn|70\n|\n|t:|1771218369\n|move|p1a: Kyurem|Substitute|p1a: Kyurem\n|-start|p1a: Kyurem|Substitute\n|-damage|p1a: Kyurem|19/100\n|move|p2a: Hatterene|Draining Kiss|p1a: Kyurem\n|-supereffective|p1a: Kyurem\n|-end|p1a: Kyurem|Substitute\n|-heal|p2a: Hatterene|100/100|[from] drain|[of] p1a: Kyurem\n|\n|-heal|p1a: Kyurem|25/100|[from] item: Leftovers\n|upkeep\n|turn|71\n|\n|t:|1771218377\n|move|p1a: Kyurem|Roost|p1a: Kyurem\n|-heal|p1a: Kyurem|76/100\n|-singleturn|p1a: Kyurem|move: Roost\n|move|p2a: Hatterene|Draining Kiss|p1a: Kyurem\n|-supereffective|p1a: Kyurem\n|-damage|p1a: Kyurem|37/100\n|\n|-heal|p1a: Kyurem|43/100|[from] item: Leftovers\n|upkeep\n|turn|72\n|\n|t:|1771218382\n|move|p1a: Kyurem|Roost|p1a: Kyurem\n|-heal|p1a: Kyurem|93/100\n|-singleturn|p1a: Kyurem|move: Roost\n|move|p2a: Hatterene|Nuzzle|p1a: Kyurem\n|-resisted|p1a: Kyurem\n|-damage|p1a: Kyurem|92/100\n|-status|p1a: Kyurem|par\n|\n|-heal|p1a: Kyurem|98/100 par|[from] item: Leftovers\n|upkeep\n|turn|73\n|-message|jeans from japan forfeited.\n|\n|win|daniel241595\n|raw|jeans from japan's rating: 1512 &rarr; <strong>1503</strong><br />(-9 for losing)\n|raw|daniel241595's rating: 1726 &rarr; <strong>1735</strong><br />(+9 for winning)\n|l|‽jeans from japan\n|player|p1|\n|l|☆daniel241595\n|player|p2|\n", "uploadtime": 1771218386, "views": 15, "formatid": "gen9nationaldex", "rating": 1503, "private": 0, "password": null}