{"id": "gen9nationaldex-2540758798", "format": "[Gen 9] National Dex", "players": ["luis1019", "Chigusa_24zono"], "log": "|j|☆luis1019\n|j|☆Chigusa_24zono\n|t:|1771250681\n|gametype|singles\n|player|p1|luis1019|102|1498\n|player|p2|Chigusa_24zono|lass|1607\n|gen|9\n|tier|[Gen 9] National Dex\n|rated|\n|rule|HP Percentage Mod: HP is shown in percentages\n|rule|Endless Battle Clause: Forcing endless battles is banned\n|rule|Species Clause: Limit one of each Pokémon\n|rule|OHKO Clause: OHKO moves are banned\n|rule|Evasion Clause: Evasion abilities, items, and moves are banned\n|rule|Evasion Abilities Clause: Evasion abilities are banned\n|rule|Evasion Items Clause: Evasion items are banned\n|rule|Evasion Moves Clause: Evasion moves are banned\n|rule|Sleep Clause Mod: Limit one foe put to sleep\n|rule|Terastal Clause: You cannot Terastallize\n|clearpoke\n|poke|p1|Charizard, F|\n|poke|p1|Hippowdon, F|\n|poke|p1|Dragonite, M|\n|poke|p1|Excadrill, M|\n|poke|p1|Heatran, M|\n|poke|p1|Keldeo-Resolute|\n|poke|p2|Urshifu-*, F|\n|poke|p2|Charizard, F|\n|poke|p2|Heatran, F|\n|poke|p2|Alomomola, F|\n|poke|p2|Zapdos|\n|poke|p2|Iron Valiant|\n|teampreview\n|inactive|Battle timer is ON: inactive players will automatically lose when time's up. (requested by Chigusa_24zono)\n|\n|t:|1771250687\n|teamsize|p1|6\n|teamsize|p2|6\n|start\n|switch|p1a: Charizard|Charizard, F|100/100\n|switch|p2a: Urshifu|Urshifu-Rapid-Strike, F|100/100\n|turn|1\n|\n|t:|1771250691\n|switch|p1a: Keldeo|Keldeo-Resolute|100/100\n|move|p2a: Urshifu|U-turn|p1a: Keldeo\n|-resisted|p1a: Keldeo\n|-damage|p1a: Keldeo|87/100\n|\n|t:|1771250696\n|switch|p2a: Alomomola|Alomomola, F, shiny|100/100|[from] U-turn\n|\n|upkeep\n|turn|2\n|\n|t:|1771250700\n|move|p1a: Keldeo|Hidden Power|p2a: Alomomola\n|-supereffective|p2a: Alomomola\n|-damage|p2a: Alomomola|77/100\n|move|p2a: Alomomola|Flip Turn|p1a: Keldeo\n|-resisted|p1a: Keldeo\n|-damage|p1a: Keldeo|78/100\n|\n|t:|1771250706\n|switch|p2a: Iron Valiant|Iron Valiant, shiny|100/100|[from] Flip Turn\n|\n|upkeep\n|turn|3\n|\n|t:|1771250715\n|switch|p1a: Heatran|Heatran, M|100/100\n|-item|p1a: Heatran|Air Balloon\n|move|p2a: Iron Valiant|Moonblast|p1a: Heatran\n|-resisted|p1a: Heatran\n|-damage|p1a: Heatran|91/100\n|-enditem|p1a: Heatran|Air Balloon\n|-damage|p2a: Iron Valiant|91/100|[from] item: Life Orb\n|\n|upkeep\n|turn|4\n|\n|t:|1771250726\n|switch|p1a: Hippowdon|Hippowdon, F|100/100\n|-weather|Sandstorm|[from] ability: Sand Stream|[of] p1a: Hippowdon\n|move|p2a: Iron Valiant|Close Combat|p1a: Hippowdon\n|-damage|p1a: Hippowdon|67/100\n|-unboost|p2a: Iron Valiant|def|1\n|-unboost|p2a: Iron Valiant|spd|1\n|-damage|p2a: Iron Valiant|81/100|[from] item: Life Orb\n|\n|-weather|Sandstorm|[upkeep]\n|-damage|p2a: Iron Valiant|75/100|[from] Sandstorm\n|-heal|p1a: Hippowdon|73/100|[from] item: Leftovers\n|upkeep\n|turn|5\n|\n|t:|1771250736\n|move|p2a: Iron Valiant|Moonblast|p1a: Hippowdon\n|-damage|p1a: Hippowdon|13/100\n|-unboost|p1a: Hippowdon|spa|1\n|-damage|p2a: Iron Valiant|65/100|[from] item: Life Orb\n|move|p1a: Hippowdon|Stealth Rock|p2a: Iron Valiant\n|-sidestart|p2: Chigusa_24zono|move: Stealth Rock\n|\n|-weather|Sandstorm|[upkeep]\n|-damage|p2a: Iron Valiant|59/100|[from] Sandstorm\n|-heal|p1a: Hippowdon|20/100|[from] item: Leftovers\n|upkeep\n|turn|6\n|\n|t:|1771250739\n|switch|p1a: Excadrill|Excadrill, M|100/100\n|move|p2a: Iron Valiant|Moonblast|p1a: Excadrill\n|-resisted|p1a: Excadrill\n|-damage|p1a: Excadrill|58/100\n|-damage|p2a: Iron Valiant|49/100|[from] item: Life Orb\n|\n|-weather|Sandstorm|[upkeep]\n|-damage|p2a: Iron Valiant|43/100|[from] Sandstorm\n|upkeep\n|turn|7\n|\n|t:|1771250746\n|-end|p2a: Iron Valiant|Quark Drive|[silent]\n|switch|p2a: Zapdos|Zapdos, shiny|100/100\n|move|p1a: Excadrill|Rock Slide|p2a: Zapdos\n|-supereffective|p2a: Zapdos\n|-damage|p2a: Zapdos|46/100\n|-damage|p1a: Excadrill|48/100|[from] item: Life Orb\n|\n|-weather|Sandstorm|[upkeep]\n|-damage|p2a: Zapdos|40/100|[from] Sandstorm\n|upkeep\n|turn|8\n|\n|t:|1771250755\n|move|p1a: Excadrill|Rock Slide|p2a: Zapdos\n|-supereffective|p2a: Zapdos\n|-damage|p2a: Zapdos|0 fnt\n|faint|p2a: Zapdos\n|-damage|p1a: Excadrill|38/100|[from] item: Life Orb\n|\n|-weather|none\n|upkeep\n|\n|t:|1771250763\n|switch|p2a: Alomomola|Alomomola, F, shiny|100/100\n|-damage|p2a: Alomomola|88/100|[from] Stealth Rock\n|turn|9\n|\n|t:|1771250770\n|switch|p1a: Keldeo|Keldeo-Resolute|78/100\n|move|p2a: Alomomola|Flip Turn|p1a: Keldeo\n|-resisted|p1a: Keldeo\n|-damage|p1a: Keldeo|69/100\n|\n|t:|1771250775\n|switch|p2a: Iron Valiant|Iron Valiant, shiny|43/100|[from] Flip Turn\n|-damage|p2a: Iron Valiant|37/100|[from] Stealth Rock\n|\n|upkeep\n|turn|10\n|\n|t:|1771250779\n|move|p1a: Keldeo|Scald|p2a: Iron Valiant\n|-damage|p2a: Iron Valiant|0 fnt\n|faint|p2a: Iron Valiant\n|-end|p2a: Iron Valiant|Quark Drive|[silent]\n|\n|upkeep\n|j| Reyanek\n|\n|t:|1771250788\n|switch|p2a: Alomomola|Alomomola, F, shiny|100/100\n|-damage|p2a: Alomomola|88/100|[from] Stealth Rock\n|turn|11\n|\n|t:|1771250797\n|switch|p1a: Dragonite|Dragonite, M|100/100\n|move|p2a: Alomomola|Flip Turn|p1a: Dragonite\n|-resisted|p1a: Dragonite\n|-crit|p1a: Dragonite\n|-damage|p1a: Dragonite|88/100\n|\n|t:|1771250801\n|switch|p2a: Charizard|Charizard, F, shiny|100/100|[from] Flip Turn\n|-damage|p2a: Charizard|51/100|[from] Stealth Rock\n|\n|upkeep\n|turn|12\n|\n|t:|1771250810\n|switch|p1a: Heatran|Heatran, M|91/100\n|detailschange|p2a: Charizard|Charizard-Mega-Y, F, shiny\n|-mega|p2a: Charizard|Charizard|Charizardite Y\n|-weather|SunnyDay|[from] ability: Drought|[of] p2a: Charizard\n|move|p2a: Charizard|Dragon Pulse|p1a: Heatran\n|-resisted|p1a: Heatran\n|-damage|p1a: Heatran|78/100\n|\n|-weather|SunnyDay|[upkeep]\n|upkeep\n|turn|13\n|\n|t:|1771250817\n|switch|p1a: Dragonite|Dragonite, M|88/100\n|move|p2a: Charizard|Focus Blast|p1a: Dragonite|[miss]\n|-miss|p2a: Charizard|p1a: Dragonite\n|\n|-weather|SunnyDay|[upkeep]\n|upkeep\n|turn|14\n|\n|t:|1771250831\n|switch|p1a: Heatran|Heatran, M|78/100\n|move|p2a: Charizard|Dragon Pulse|p1a: Heatran\n|-resisted|p1a: Heatran\n|-damage|p1a: Heatran|65/100\n|\n|-weather|SunnyDay|[upkeep]\n|upkeep\n|turn|15\n|\n|t:|1771250837\n|move|p2a: Charizard|Focus Blast|p1a: Heatran\n|-supereffective|p1a: Heatran\n|-damage|p1a: Heatran|0 fnt\n|faint|p1a: Heatran\n|\n|-weather|SunnyDay|[upkeep]\n|upkeep\n|\n|t:|1771250846\n|switch|p1a: Hippowdon|Hippowdon, F|20/100\n|-weather|Sandstorm|[from] ability: Sand Stream|[of] p1a: Hippowdon\n|turn|16\n|\n|t:|1771250856\n|move|p2a: Charizard|Focus Blast|p1a: Hippowdon\n|-damage|p1a: Hippowdon|0 fnt\n|faint|p1a: Hippowdon\n|\n|-weather|Sandstorm|[upkeep]\n|-damage|p2a: Charizard|45/100|[from] Sandstorm\n|upkeep\n|\n|t:|1771250861\n|switch|p1a: Dragonite|Dragonite, M|88/100\n|turn|17\n|\n|t:|1771250865\n|move|p1a: Dragonite|Extreme Speed|p2a: Charizard\n|-damage|p2a: Charizard|0 fnt\n|faint|p2a: Charizard\n|detailschange|p2: Charizard|Charizard, F, shiny|[silent]\n|-damage|p1a: Dragonite|78/100|[from] item: Life Orb\n|\n|-weather|Sandstorm|[upkeep]\n|-damage|p1a: Dragonite|72/100|[from] Sandstorm\n|upkeep\n|\n|t:|1771250872\n|switch|p2a: Urshifu|Urshifu-Rapid-Strike, F|100/100\n|-damage|p2a: Urshifu|94/100|[from] Stealth Rock\n|turn|18\n|\n|t:|1771250876\n|switch|p1a: Keldeo|Keldeo-Resolute|69/100\n|move|p2a: Urshifu|Ice Spinner|p1a: Keldeo\n|-resisted|p1a: Keldeo\n|-damage|p1a: Keldeo|53/100\n|\n|-weather|Sandstorm|[upkeep]\n|-damage|p2a: Urshifu|88/100|[from] Sandstorm\n|-damage|p1a: Keldeo|46/100|[from] Sandstorm\n|upkeep\n|turn|19\n|\n|t:|1771250893\n|switch|p2a: Alomomola|Alomomola, F, shiny|100/100\n|-damage|p2a: Alomomola|88/100|[from] Stealth Rock\n|switch|p1a: Dragonite|Dragonite, M|72/100\n|\n|-weather|Sandstorm|[upkeep]\n|-damage|p1a: Dragonite|66/100|[from] Sandstorm\n|-damage|p2a: Alomomola|82/100|[from] Sandstorm\n|upkeep\n|turn|20\n|\n|t:|1771250900\n|move|p1a: Dragonite|Dragon Dance|p1a: Dragonite\n|-boost|p1a: Dragonite|atk|1\n|-boost|p1a: Dragonite|spe|1\n|move|p2a: Alomomola|Flip Turn|p1a: Dragonite\n|-resisted|p1a: Dragonite\n|-damage|p1a: Dragonite|57/100\n|\n|t:|1771250901\n|switch|p2a: Urshifu|Urshifu-Rapid-Strike, F|88/100|[from] Flip Turn\n|-damage|p2a: Urshifu|82/100|[from] Stealth Rock\n|\n|-weather|none\n|upkeep\n|turn|21\n|\n|t:|1771250914\n|move|p1a: Dragonite|Extreme Speed|p2a: Urshifu\n|-damage|p2a: Urshifu|24/100\n|-damage|p1a: Dragonite|47/100|[from] item: Life Orb\n|move|p2a: Urshifu|Ice Spinner|p1a: Dragonite\n|-supereffective|p1a: Dragonite\n|-damage|p1a: Dragonite|0 fnt\n|faint|p1a: Dragonite\n|\n|upkeep\n|\n|t:|1771250921\n|switch|p1a: Keldeo|Keldeo-Resolute|46/100\n|turn|22\n|\n|t:|1771250925\n|switch|p2a: Alomomola|Alomomola, F, shiny|100/100\n|-damage|p2a: Alomomola|88/100|[from] Stealth Rock\n|move|p1a: Keldeo|Secret Sword|p2a: Alomomola\n|-damage|p2a: Alomomola|55/100\n|\n|upkeep\n|turn|23\n|\n|t:|1771250932\n|move|p1a: Keldeo|Secret Sword|p2a: Alomomola\n|-damage|p2a: Alomomola|24/100\n|move|p2a: Alomomola|Mirror Coat|p1a: Keldeo\n|-damage|p1a: Keldeo|0 fnt\n|faint|p1a: Keldeo\n|\n|upkeep\n|\n|t:|1771250941\n|switch|p1a: Excadrill|Excadrill, M|38/100\n|turn|24\n|\n|t:|1771250946\n|switch|p2a: Heatran|Heatran, F, shiny|100/100\n|-damage|p2a: Heatran|88/100|[from] Stealth Rock\n|move|p1a: Excadrill|Earthquake|p2a: Heatran\n|-supereffective|p2a: Heatran\n|-damage|p2a: Heatran|0 fnt\n|faint|p2a: Heatran\n|-damage|p1a: Excadrill|28/100|[from] item: Life Orb\n|\n|upkeep\n|\n|t:|1771250948\n|switch|p2a: Urshifu|Urshifu-Rapid-Strike, F|24/100\n|-damage|p2a: Urshifu|18/100|[from] Stealth Rock\n|turn|25\n|\n|t:|1771250951\n|move|p2a: Urshifu|Surging Strikes|p1a: Excadrill\n|-supereffective|p1a: Excadrill\n|-crit|p1a: Excadrill\n|-damage|p1a: Excadrill|0 fnt\n|faint|p1a: Excadrill\n|-hitcount|p1: Excadrill|1\n|\n|upkeep\n|\n|t:|1771250953\n|switch|p1a: Charizard|Charizard, F|100/100\n|turn|26\n|\n|t:|1771250956\n|detailschange|p1a: Charizard|Charizard-Mega-Y, F\n|-mega|p1a: Charizard|Charizard|Charizardite Y\n|-weather|SunnyDay|[from] ability: Drought|[of] p1a: Charizard\n|move|p2a: Urshifu|Surging Strikes|p1a: Charizard\n|-supereffective|p1a: Charizard\n|-crit|p1a: Charizard\n|-damage|p1a: Charizard|74/100\n|-supereffective|p1a: Charizard\n|-crit|p1a: Charizard\n|-damage|p1a: Charizard|49/100\n|-supereffective|p1a: Charizard\n|-crit|p1a: Charizard\n|-damage|p1a: Charizard|24/100\n|-hitcount|p1a: Charizard|3\n|move|p1a: Charizard|Solar Beam||[still]\n|-prepare|p1a: Charizard|Solar Beam\n|-anim|p1a: Charizard|Solar Beam|p2a: Urshifu\n|-supereffective|p2a: Urshifu\n|-damage|p2a: Urshifu|0 fnt\n|faint|p2a: Urshifu\n|\n|-weather|SunnyDay|[upkeep]\n|upkeep\n|\n|t:|1771250959\n|switch|p2a: Alomomola|Alomomola, F, shiny|57/100\n|-damage|p2a: Alomomola|45/100|[from] Stealth Rock\n|turn|27\n|\n|t:|1771250962\n|move|p1a: Charizard|Solar Beam||[still]\n|-prepare|p1a: Charizard|Solar Beam\n|-anim|p1a: Charizard|Solar Beam|p2a: Alomomola\n|-supereffective|p2a: Alomomola\n|-damage|p2a: Alomomola|0 fnt\n|faint|p2a: Alomomola\n|\n|win|luis1019\n|raw|luis1019's rating: 1498 &rarr; <strong>1524</strong><br />(+26 for winning)\n|raw|Chigusa_24zono's rating: 1607 &rarr; <strong>1581</strong><br />(-26 for losing)\n|l|☆Chigusa_24zono\n|player|p2|\n|l|☆luis1019\n|player|p1|\n", "uploadtime": 1771251340, "views": 4, "formatid": "gen9nationaldex", "rating": 1524, "private": 0, "password": null}