{"id": "gen9nationaldex-2540589173", "format": "[Gen 9] National Dex", "players": ["redfoxTAP", "Rootkitlo"], "log": "|j|☆redfoxTAP\n|j|☆Rootkitlo\n|t:|1771222854\n|gametype|singles\n|player|p1|redfoxTAP|hiker-gen4|1520\n|player|p2|Rootkitlo|cynthia-gen4|1538\n|gen|9\n|tier|[Gen 9] National Dex\n|rated|\n|rule|HP Percentage Mod: HP is shown in percentages\n|rule|Endless Battle Clause: Forcing endless battles is banned\n|rule|Species Clause: Limit one of each Pokémon\n|rule|OHKO Clause: OHKO moves are banned\n|rule|Evasion Clause: Evasion abilities, items, and moves are banned\n|rule|Evasion Abilities Clause: Evasion abilities are banned\n|rule|Evasion Items Clause: Evasion items are banned\n|rule|Evasion Moves Clause: Evasion moves are banned\n|rule|Sleep Clause Mod: Limit one foe put to sleep\n|rule|Terastal Clause: You cannot Terastallize\n|clearpoke\n|poke|p1|Shedinja|\n|poke|p1|Blissey, F|\n|poke|p1|Toxapex, F|\n|poke|p1|Gholdengo|\n|poke|p1|Skarmory, F|\n|poke|p1|Gliscor, M|\n|poke|p2|Charizard, M|\n|poke|p2|Alomomola, F|\n|poke|p2|Zapdos|\n|poke|p2|Iron Valiant|\n|poke|p2|Heatran, F|\n|poke|p2|Urshifu-*, M|\n|teampreview\n|inactive|Battle timer is ON: inactive players will automatically lose when time's up. (requested by redfoxTAP)\n|\n|t:|1771222870\n|teamsize|p1|6\n|teamsize|p2|6\n|start\n|switch|p1a: Gliscor|Gliscor, M|100/100\n|switch|p2a: Heatran|Heatran, F|100/100\n|turn|1\n|\n|t:|1771222879\n|switch|p2a: Charizard|Charizard, M|100/100\n|move|p1a: Gliscor|Stealth Rock|p2a: Charizard\n|-sidestart|p2: Rootkitlo|move: Stealth Rock\n|\n|-status|p1a: Gliscor|tox|[from] item: Toxic Orb\n|upkeep\n|turn|2\n|\n|t:|1771222883\n|detailschange|p2a: Charizard|Charizard-Mega-Y, M\n|-mega|p2a: Charizard|Charizard|Charizardite Y\n|-weather|SunnyDay|[from] ability: Drought|[of] p2a: Charizard\n|move|p1a: Gliscor|Protect|p1a: Gliscor\n|-singleturn|p1a: Gliscor|Protect\n|move|p2a: Charizard|Focus Blast|p1a: Gliscor\n|-activate|p1a: Gliscor|move: Protect\n|\n|-weather|SunnyDay|[upkeep]\n|upkeep\n|turn|3\n|\n|t:|1771222894\n|switch|p1a: Toxapex|Toxapex, F|100/100\n|move|p2a: Charizard|Weather Ball|p1a: Toxapex\n|-resisted|p1a: Toxapex\n|-damage|p1a: Toxapex|57/100\n|\n|-weather|SunnyDay|[upkeep]\n|upkeep\n|turn|4\n|\n|t:|1771222916\n|switch|p2a: Alomomola|Alomomola, F|100/100\n|-damage|p2a: Alomomola|88/100|[from] Stealth Rock\n|switch|p1a: Blissey|Blissey, F|100/100\n|\n|-weather|SunnyDay|[upkeep]\n|upkeep\n|turn|5\n|\n|t:|1771222919\n|move|p1a: Blissey|Protect|p1a: Blissey\n|-singleturn|p1a: Blissey|Protect\n|move|p2a: Alomomola|Knock Off|p1a: Blissey\n|-activate|p1a: Blissey|move: Protect\n|\n|-weather|SunnyDay|[upkeep]\n|upkeep\n|turn|6\n|\n|t:|1771222922\n|switch|p1a: Gliscor|Gliscor, M|100/100 tox\n|move|p2a: Alomomola|Knock Off|p1a: Gliscor\n|-damage|p1a: Gliscor|86/100 tox\n|-enditem|p1a: Gliscor|Toxic Orb|[from] move: Knock Off|[of] p2a: Alomomola\n|\n|-weather|none\n|-heal|p1a: Gliscor|98/100 tox|[from] ability: Poison Heal\n|upkeep\n|turn|7\n|\n|t:|1771222932\n|move|p1a: Gliscor|Protect|p1a: Gliscor\n|-singleturn|p1a: Gliscor|Protect\n|move|p2a: Alomomola|Flip Turn|p1a: Gliscor\n|-activate|p1a: Gliscor|move: Protect\n|\n|-heal|p1a: Gliscor|100/100 tox|[from] ability: Poison Heal\n|upkeep\n|turn|8\n|\n|t:|1771222935\n|switch|p1a: Toxapex|Toxapex, F|91/100\n|move|p2a: Alomomola|Liquidation|p1a: Toxapex\n|-resisted|p1a: Toxapex\n|-damage|p1a: Toxapex|84/100\n|-unboost|p1a: Toxapex|def|1\n|\n|upkeep\n|turn|9\n|\n|t:|1771222941\n|move|p2a: Alomomola|Knock Off|p1a: Toxapex\n|-damage|p1a: Toxapex|69/100\n|-enditem|p1a: Toxapex|Heavy-Duty Boots|[from] move: Knock Off|[of] p2a: Alomomola\n|move|p1a: Toxapex|Toxic|p2a: Alomomola\n|-status|p2a: Alomomola|tox\n|\n|-damage|p2a: Alomomola|82/100 tox|[from] psn\n|upkeep\n|turn|10\n|\n|t:|1771222949\n|move|p2a: Alomomola|Flip Turn|p1a: Toxapex\n|-resisted|p1a: Toxapex\n|-damage|p1a: Toxapex|61/100\n|\n|t:|1771222953\n|switch|p2a: Zapdos|Zapdos|100/100|[from] Flip Turn\n|move|p1a: Toxapex|Scald|p2a: Zapdos\n|-damage|p2a: Zapdos|83/100\n|\n|upkeep\n|turn|11\n|\n|t:|1771222958\n|switch|p1a: Gliscor|Gliscor, M|100/100 tox\n|move|p2a: Zapdos|Discharge|p1a: Gliscor\n|-immune|p1a: Gliscor\n|\n|upkeep\n|turn|12\n|\n|t:|1771222964\n|move|p2a: Zapdos|Defog|p1a: Gliscor\n|-unboost|p1a: Gliscor|evasion|1\n|-sideend|p2: Rootkitlo|Stealth Rock|[from] move: Defog|[of] p2a: Zapdos\n|move|p1a: Gliscor|Toxic|p2a: Zapdos\n|-status|p2a: Zapdos|tox\n|\n|-damage|p2a: Zapdos|77/100 tox|[from] psn\n|upkeep\n|turn|13\n|\n|t:|1771222969\n|switch|p2a: Urshifu|Urshifu-Rapid-Strike, M|100/100\n|move|p1a: Gliscor|Stealth Rock|p2a: Urshifu\n|-sidestart|p2: Rootkitlo|move: Stealth Rock\n|\n|upkeep\n|turn|14\n|\n|t:|1771222977\n|switch|p2a: Zapdos|Zapdos|77/100 tox\n|switch|p1a: Toxapex|Toxapex, F|95/100\n|\n|-damage|p2a: Zapdos|71/100 tox|[from] psn\n|upkeep\n|turn|15\n|\n|t:|1771222981\n|switch|p1a: Gliscor|Gliscor, M|100/100 tox\n|move|p2a: Zapdos|Defog|p1a: Gliscor\n|-unboost|p1a: Gliscor|evasion|1\n|-sideend|p2: Rootkitlo|Stealth Rock|[from] move: Defog|[of] p2a: Zapdos\n|\n|-damage|p2a: Zapdos|58/100 tox|[from] psn\n|upkeep\n|turn|16\n|\n|t:|1771222996\n|switch|p2a: Charizard|Charizard-Mega-Y, M|100/100\n|-weather|SunnyDay|[from] ability: Drought|[of] p2a: Charizard\n|move|p1a: Gliscor|Toxic|p2a: Charizard\n|-status|p2a: Charizard|tox\n|\n|-weather|SunnyDay|[upkeep]\n|-damage|p2a: Charizard|94/100 tox|[from] psn\n|upkeep\n|turn|17\n|\n|t:|1771222999\n|move|p1a: Gliscor|Protect|p1a: Gliscor\n|-singleturn|p1a: Gliscor|Protect\n|move|p2a: Charizard|Weather Ball|p1a: Gliscor\n|-activate|p1a: Gliscor|move: Protect\n|\n|-weather|SunnyDay|[upkeep]\n|-damage|p2a: Charizard|82/100 tox|[from] psn\n|upkeep\n|turn|18\n|\n|t:|1771223005\n|switch|p1a: Blissey|Blissey, F|100/100\n|move|p2a: Charizard|Weather Ball|p1a: Blissey\n|-damage|p1a: Blissey|72/100\n|\n|-weather|SunnyDay|[upkeep]\n|-damage|p2a: Charizard|64/100 tox|[from] psn\n|upkeep\n|turn|19\n|\n|t:|1771223008\n|move|p2a: Charizard|Focus Blast|p1a: Blissey\n|-supereffective|p1a: Blissey\n|-damage|p1a: Blissey|39/100\n|move|p1a: Blissey|Wish|p1a: Blissey\n|\n|-weather|SunnyDay|[upkeep]\n|-damage|p2a: Charizard|40/100 tox|[from] psn\n|upkeep\n|turn|20\n|\n|t:|1771223011\n|switch|p2a: Heatran|Heatran, F|100/100\n|move|p1a: Blissey|Protect||[still]\n|-fail|p1a: Blissey\n|\n|-weather|none\n|-heal|p1a: Blissey|89/100|[from] move: Wish|[wisher] Blissey\n|upkeep\n|turn|21\n|\n|t:|1771223015\n|switch|p1a: Gliscor|Gliscor, M|100/100 tox\n|move|p2a: Heatran|Stealth Rock|p1a: Gliscor\n|-sidestart|p1: redfoxTAP|move: Stealth Rock\n|\n|upkeep\n|turn|22\n|\n|t:|1771223018\n|switch|p2a: Urshifu|Urshifu-Rapid-Strike, M|100/100\n|move|p1a: Gliscor|Stealth Rock|p2a: Urshifu\n|-sidestart|p2: Rootkitlo|move: Stealth Rock\n|\n|upkeep\n|turn|23\n|\n|t:|1771223022\n|switch|p1a: Toxapex|Toxapex, F|100/100\n|-damage|p1a: Toxapex|88/100|[from] Stealth Rock\n|move|p2a: Urshifu|Surging Strikes|p1a: Toxapex\n|-resisted|p1a: Toxapex\n|-crit|p1a: Toxapex\n|-damage|p1a: Toxapex|82/100\n|-resisted|p1a: Toxapex\n|-crit|p1a: Toxapex\n|-damage|p1a: Toxapex|75/100\n|-resisted|p1a: Toxapex\n|-crit|p1a: Toxapex\n|-damage|p1a: Toxapex|70/100\n|-hitcount|p1a: Toxapex|3\n|\n|upkeep\n|turn|24\n|\n|t:|1771223030\n|switch|p2a: Zapdos|Zapdos|58/100 tox\n|move|p1a: Toxapex|Knock Off|p2a: Zapdos\n|-damage|p2a: Zapdos|48/100 tox\n|-enditem|p2a: Zapdos|Heavy-Duty Boots|[from] move: Knock Off|[of] p1a: Toxapex\n|\n|-damage|p2a: Zapdos|42/100 tox|[from] psn\n|upkeep\n|turn|25\n|\n|t:|1771223034\n|switch|p1a: Gholdengo|Gholdengo|100/100\n|move|p2a: Zapdos|Roost|p2a: Zapdos\n|-heal|p2a: Zapdos|92/100 tox\n|-singleturn|p2a: Zapdos|move: Roost\n|\n|-damage|p2a: Zapdos|79/100 tox|[from] psn\n|upkeep\n|turn|26\n|\n|t:|1771223039\n|move|p2a: Zapdos|Discharge|p1a: Gholdengo\n|-damage|p1a: Gholdengo|67/100\n|move|p1a: Gholdengo|Nasty Plot|p1a: Gholdengo\n|-boost|p1a: Gholdengo|spa|2\n|\n|-damage|p2a: Zapdos|60/100 tox|[from] psn\n|upkeep\n|turn|27\n|\n|t:|1771223046\n|switch|p2a: Alomomola|Alomomola, F|100/100 tox\n|-damage|p2a: Alomomola|88/100 tox|[from] Stealth Rock\n|move|p1a: Gholdengo|Shadow Ball|p2a: Alomomola\n|-damage|p2a: Alomomola|53/100 tox\n|\n|-damage|p2a: Alomomola|47/100 tox|[from] psn\n|upkeep\n|turn|28\n|\n|t:|1771223050\n|move|p1a: Gholdengo|Shadow Ball|p2a: Alomomola\n|-damage|p2a: Alomomola|11/100 tox\n|move|p2a: Alomomola|Knock Off|p1a: Gholdengo\n|-supereffective|p1a: Gholdengo\n|-damage|p1a: Gholdengo|41/100\n|-enditem|p1a: Gholdengo|Heavy-Duty Boots|[from] move: Knock Off|[of] p2a: Alomomola\n|\n|-damage|p2a: Alomomola|0 fnt|[from] psn\n|faint|p2a: Alomomola\n|upkeep\n|\n|t:|1771223055\n|switch|p2a: Heatran|Heatran, F|100/100\n|-damage|p2a: Heatran|88/100|[from] Stealth Rock\n|turn|29\n|\n|t:|1771223058\n|switch|p1a: Gliscor|Gliscor, M|100/100 tox\n|-damage|p1a: Gliscor|88/100 tox|[from] Stealth Rock\n|move|p2a: Heatran|Magma Storm|p1a: Gliscor\n|-damage|p1a: Gliscor|53/100 tox\n|-activate|p1a: Gliscor|move: Magma Storm|[of] p2a: Heatran\n|\n|-heal|p2a: Heatran|94/100|[from] item: Leftovers\n|-heal|p1a: Gliscor|65/100 tox|[from] ability: Poison Heal\n|-damage|p1a: Gliscor|53/100 tox|[from] move: Magma Storm|[partiallytrapped]\n|upkeep\n|turn|30\n|\n|t:|1771223068\n|move|p1a: Gliscor|Earthquake|p2a: Heatran\n|-supereffective|p2a: Heatran\n|-crit|p2a: Heatran\n|-damage|p2a: Heatran|0 fnt\n|faint|p2a: Heatran\n|\n|-heal|p1a: Gliscor|65/100 tox|[from] ability: Poison Heal\n|-end|p1a: Gliscor|Magma Storm|[partiallytrapped]|[silent]\n|upkeep\n|-message|Rootkitlo forfeited.\n|\n|win|redfoxTAP\n|raw|redfoxTAP's rating: 1520 &rarr; <strong>1541</strong><br />(+21 for winning)\n|raw|Rootkitlo's rating: 1538 &rarr; <strong>1517</strong><br />(-21 for losing)\n|l|☆Rootkitlo\n|player|p2|\n|l|☆redfoxTAP\n|player|p1|\n", "uploadtime": 1771223375, "views": 7, "formatid": "gen9nationaldex", "rating": 1517, "private": 0, "password": null}