{"id": "gen9nationaldex-2540522754", "format": "[Gen 9] National Dex", "players": ["AyyOmega", "emsioab"], "log": "|j|☆AyyOmega\n|j|☆emsioab\n|t:|1771212725\n|gametype|singles\n|player|p1|AyyOmega|102|1653\n|player|p2|emsioab|170|1762\n|gen|9\n|tier|[Gen 9] National Dex\n|rated|\n|rule|HP Percentage Mod: HP is shown in percentages\n|rule|Endless Battle Clause: Forcing endless battles is banned\n|rule|Species Clause: Limit one of each Pokémon\n|rule|OHKO Clause: OHKO moves are banned\n|rule|Evasion Clause: Evasion abilities, items, and moves are banned\n|rule|Evasion Abilities Clause: Evasion abilities are banned\n|rule|Evasion Items Clause: Evasion items are banned\n|rule|Evasion Moves Clause: Evasion moves are banned\n|rule|Sleep Clause Mod: Limit one foe put to sleep\n|rule|Terastal Clause: You cannot Terastallize\n|clearpoke\n|poke|p1|Tapu Koko|\n|poke|p1|Iron Valiant|\n|poke|p1|Tyranitar, M|\n|poke|p1|Zapdos|\n|poke|p1|Alomomola, F|\n|poke|p1|Garchomp, F|\n|poke|p2|Ogerpon-Wellspring, F|\n|poke|p2|Clodsire, F|\n|poke|p2|Archaludon, M|\n|poke|p2|Banette, F|\n|poke|p2|Togekiss, F|\n|poke|p2|Kingambit, F|\n|teampreview\n|inactive|Battle timer is ON: inactive players will automatically lose when time's up. (requested by emsioab)\n|\n|t:|1771212737\n|teamsize|p1|6\n|teamsize|p2|6\n|start\n|switch|p1a: Tapu Koko|Tapu Koko|100/100\n|switch|p2a: Togekiss|Togekiss, F|100/100\n|-fieldstart|move: Electric Terrain|[from] ability: Electric Surge|[of] p1a: Tapu Koko\n|turn|1\n|\n|t:|1771212740\n|switch|p2a: Clodsire|Clodsire, F|100/100\n|move|p1a: Tapu Koko|U-turn|p2a: Clodsire\n|-resisted|p2a: Clodsire\n|-damage|p2a: Clodsire|91/100\n|\n|t:|1771212742\n|switch|p1a: Tyranitar|Tyranitar, M|100/100|[from] U-turn\n|-weather|Sandstorm|[from] ability: Sand Stream|[of] p1a: Tyranitar\n|\n|-weather|Sandstorm|[upkeep]\n|-heal|p2a: Clodsire|97/100|[from] item: Black Sludge\n|upkeep\n|turn|2\n|\n|t:|1771212748\n|-activate|p2a: Clodsire|move: Pursuit\n|detailschange|p1a: Tyranitar|Tyranitar-Mega, M\n|-mega|p1a: Tyranitar|Tyranitar|Tyranitarite\n|move|p1a: Tyranitar|Pursuit|p2a: Clodsire|[from] Pursuit\n|-damage|p2a: Clodsire|41/100\n|switch|p2a: Archaludon|Archaludon, M|100/100\n|\n|-weather|Sandstorm|[upkeep]\n|upkeep\n|turn|3\n|\n|t:|1771212761\n|switch|p1a: Alomomola|Alomomola, F|100/100\n|move|p2a: Archaludon|Body Press|p1a: Alomomola\n|-damage|p1a: Alomomola|84/100\n|\n|-weather|Sandstorm|[upkeep]\n|-damage|p1a: Alomomola|78/100|[from] Sandstorm\n|upkeep\n|turn|4\n|\n|t:|1771212768\n|switch|p2a: Ogerpon|Ogerpon-Wellspring, F|100/100\n|move|p1a: Alomomola|Flip Turn|p2a: Ogerpon\n|-immune|p2a: Ogerpon|[from] ability: Water Absorb\n|\n|-weather|Sandstorm|[upkeep]\n|-damage|p2a: Ogerpon|95/100|[from] Sandstorm\n|-damage|p1a: Alomomola|72/100|[from] Sandstorm\n|upkeep\n|turn|5\n|\n|t:|1771212771\n|switch|p1a: Zapdos|Zapdos|100/100\n|move|p2a: Ogerpon|Swords Dance|p2a: Ogerpon\n|-boost|p2a: Ogerpon|atk|2\n|\n|-weather|none\n|-fieldend|move: Electric Terrain\n|upkeep\n|turn|6\n|\n|t:|1771212776\n|move|p2a: Ogerpon|Ivy Cudgel|p1a: Zapdos|[anim] Ivy Cudgel Water\n|-crit|p1a: Zapdos\n|-damage|p1a: Zapdos|0 fnt\n|faint|p1a: Zapdos\n|\n|upkeep\n|\n|t:|1771212782\n|switch|p1a: Tapu Koko|Tapu Koko|100/100\n|-fieldstart|move: Electric Terrain|[from] ability: Electric Surge|[of] p1a: Tapu Koko\n|turn|7\n|\n|t:|1771212785\n|-zpower|p1a: Tapu Koko\n|move|p1a: Tapu Koko|Gigavolt Havoc|p2a: Ogerpon|[zeffect]\n|-damage|p2a: Ogerpon|0 fnt\n|faint|p2a: Ogerpon\n|\n|upkeep\n|\n|t:|1771212787\n|switch|p2a: Clodsire|Clodsire, F|41/100\n|turn|8\n|\n|t:|1771212790\n|switch|p1a: Tyranitar|Tyranitar-Mega, M|100/100\n|-weather|Sandstorm|[from] ability: Sand Stream|[of] p1a: Tyranitar\n|move|p2a: Clodsire|Stealth Rock|p1a: Tyranitar\n|-sidestart|p1: AyyOmega|move: Stealth Rock\n|\n|-weather|Sandstorm|[upkeep]\n|-heal|p2a: Clodsire|47/100|[from] item: Black Sludge\n|upkeep\n|turn|9\n|\n|t:|1771212794\n|move|p1a: Tyranitar|Pursuit|p2a: Clodsire\n|-damage|p2a: Clodsire|15/100\n|move|p2a: Clodsire|Toxic|p1a: Tyranitar\n|-status|p1a: Tyranitar|tox\n|\n|-weather|Sandstorm|[upkeep]\n|-heal|p2a: Clodsire|21/100|[from] item: Black Sludge\n|-damage|p1a: Tyranitar|94/100 tox|[from] psn\n|upkeep\n|turn|10\n|\n|t:|1771212799\n|move|p1a: Tyranitar|Pursuit|p2a: Clodsire\n|-damage|p2a: Clodsire|0 fnt\n|faint|p2a: Clodsire\n|\n|-weather|Sandstorm|[upkeep]\n|-damage|p1a: Tyranitar|82/100 tox|[from] psn\n|upkeep\n|\n|t:|1771212804\n|switch|p2a: Kingambit|Kingambit, F|100/100\n|-activate|p2a: Kingambit|ability: Supreme Overlord\n|-start|p2a: Kingambit|fallen2|[silent]\n|turn|11\n|\n|t:|1771212808\n|move|p1a: Tyranitar|Low Kick|p2a: Kingambit\n|-supereffective|p2a: Kingambit\n|-damage|p2a: Kingambit|0 fnt\n|faint|p2a: Kingambit\n|-end|p2a: Kingambit|fallen2|[silent]\n|\n|-weather|Sandstorm|[upkeep]\n|-damage|p1a: Tyranitar|64/100 tox|[from] psn\n|-fieldend|move: Electric Terrain\n|upkeep\n|\n|t:|1771212813\n|switch|p2a: Togekiss|Togekiss, F|100/100\n|turn|12\n|\n|t:|1771212825\n|move|p2a: Togekiss|Air Slash|p1a: Tyranitar\n|-resisted|p1a: Tyranitar\n|-damage|p1a: Tyranitar|55/100 tox\n|cant|p1a: Tyranitar|flinch\n|\n|-weather|none\n|-damage|p1a: Tyranitar|31/100 tox|[from] psn\n|upkeep\n|turn|13\n|\n|t:|1771212830\n|switch|p1a: Alomomola|Alomomola, F|100/100\n|-damage|p1a: Alomomola|88/100|[from] Stealth Rock\n|move|p2a: Togekiss|Air Slash|p1a: Alomomola|[miss]\n|-miss|p2a: Togekiss|p1a: Alomomola\n|\n|upkeep\n|turn|14\n|\n|t:|1771212833\n|move|p2a: Togekiss|Air Slash|p1a: Alomomola\n|-damage|p1a: Alomomola|68/100\n|cant|p1a: Alomomola|flinch\n|\n|upkeep\n|turn|15\n|\n|t:|1771212836\n|move|p2a: Togekiss|Air Slash|p1a: Alomomola\n|-damage|p1a: Alomomola|48/100\n|move|p1a: Alomomola|Mirror Coat|p2a: Togekiss\n|-damage|p2a: Togekiss|40/100\n|\n|upkeep\n|turn|16\n|\n|t:|1771212841\n|move|p2a: Togekiss|Air Slash|p1a: Alomomola\n|-crit|p1a: Alomomola\n|-damage|p1a: Alomomola|20/100\n|cant|p1a: Alomomola|flinch\n|\n|upkeep\n|turn|17\n|\n|t:|1771212846\n|switch|p1a: Tyranitar|Tyranitar-Mega, M|31/100 tox\n|-damage|p1a: Tyranitar|18/100 tox|[from] Stealth Rock\n|-weather|Sandstorm|[from] ability: Sand Stream|[of] p1a: Tyranitar\n|move|p2a: Togekiss|Air Slash|p1a: Tyranitar\n|-resisted|p1a: Tyranitar\n|-damage|p1a: Tyranitar|9/100 tox\n|\n|-weather|Sandstorm|[upkeep]\n|-damage|p2a: Togekiss|34/100|[from] Sandstorm\n|-damage|p1a: Tyranitar|3/100 tox|[from] psn\n|upkeep\n|turn|18\n|\n|t:|1771212850\n|move|p2a: Togekiss|Air Slash|p1a: Tyranitar\n|-resisted|p1a: Tyranitar\n|-damage|p1a: Tyranitar|0 fnt\n|faint|p1a: Tyranitar\n|detailschange|p1: Tyranitar|Tyranitar, M|[silent]\n|\n|-weather|Sandstorm|[upkeep]\n|-damage|p2a: Togekiss|28/100|[from] Sandstorm\n|upkeep\n|\n|t:|1771212852\n|switch|p1a: Tapu Koko|Tapu Koko|100/100\n|-damage|p1a: Tapu Koko|88/100|[from] Stealth Rock\n|-fieldstart|move: Electric Terrain|[from] ability: Electric Surge|[of] p1a: Tapu Koko\n|turn|19\n|\n|t:|1771212855\n|move|p2a: Togekiss|Air Slash|p1a: Tapu Koko\n|-resisted|p1a: Tapu Koko\n|-crit|p1a: Tapu Koko\n|-damage|p1a: Tapu Koko|47/100\n|move|p1a: Tapu Koko|U-turn|p2a: Togekiss\n|-resisted|p2a: Togekiss\n|-damage|p2a: Togekiss|23/100\n|\n|t:|1771212861\n|switch|p1a: Garchomp|Garchomp, F|100/100|[from] U-turn\n|-damage|p1a: Garchomp|94/100|[from] Stealth Rock\n|\n|-weather|Sandstorm|[upkeep]\n|-damage|p2a: Togekiss|17/100|[from] Sandstorm\n|upkeep\n|turn|20\n|\n|t:|1771212864\n|move|p2a: Togekiss|Air Slash|p1a: Garchomp\n|-damage|p1a: Garchomp|69/100\n|cant|p1a: Garchomp|flinch\n|\n|-weather|Sandstorm|[upkeep]\n|-damage|p2a: Togekiss|11/100|[from] Sandstorm\n|upkeep\n|turn|21\n|\n|t:|1771212868\n|move|p2a: Togekiss|Air Slash|p1a: Garchomp\n|-damage|p1a: Garchomp|46/100\n|cant|p1a: Garchomp|flinch\n|\n|-weather|none\n|upkeep\n|turn|22\n|\n|t:|1771212871\n|move|p2a: Togekiss|Air Slash|p1a: Garchomp\n|-damage|p1a: Garchomp|19/100\n|move|p1a: Garchomp|Toxic|p2a: Togekiss\n|-status|p2a: Togekiss|tox\n|\n|-damage|p2a: Togekiss|5/100 tox|[from] psn\n|upkeep\n|turn|23\n|\n|t:|1771212875\n|move|p2a: Togekiss|Air Slash|p1a: Garchomp\n|-damage|p1a: Garchomp|0 fnt\n|faint|p1a: Garchomp\n|\n|-damage|p2a: Togekiss|0 fnt|[from] psn\n|faint|p2a: Togekiss\n|-fieldend|move: Electric Terrain\n|upkeep\n|\n|t:|1771212879\n|switch|p2a: Banette|Banette, F|100/100\n|switch|p1a: Tapu Koko|Tapu Koko|47/100\n|-damage|p1a: Tapu Koko|35/100|[from] Stealth Rock\n|-fieldstart|move: Electric Terrain|[from] ability: Electric Surge|[of] p1a: Tapu Koko\n|-item|p1a: Tapu Koko|Electrium Z|[from] ability: Frisk|[of] p2a: Banette\n|turn|24\n|\n|t:|1771212884\n|detailschange|p2a: Banette|Banette-Mega, F\n|-mega|p2a: Banette|Banette|Banettite\n|move|p2a: Banette|Shadow Sneak|p1a: Tapu Koko\n|-damage|p1a: Tapu Koko|0 fnt\n|faint|p1a: Tapu Koko\n|\n|upkeep\n|\n|t:|1771212888\n|switch|p1a: Iron Valiant|Iron Valiant|100/100\n|-damage|p1a: Iron Valiant|94/100|[from] Stealth Rock\n|-activate|p1a: Iron Valiant|ability: Quark Drive\n|-start|p1a: Iron Valiant|quarkdrivespa\n|turn|25\n|\n|t:|1771212898\n|-end|p1a: Iron Valiant|Quark Drive|[silent]\n|switch|p1a: Alomomola|Alomomola, F|53/100\n|-damage|p1a: Alomomola|40/100|[from] Stealth Rock\n|move|p2a: Banette|Destiny Bond|p2a: Banette\n|-singlemove|p2a: Banette|Destiny Bond\n|\n|upkeep\n|turn|26\n|\n|t:|1771212906\n|move|p2a: Banette|Shadow Sneak|p1a: Alomomola\n|-damage|p1a: Alomomola|23/100\n|move|p1a: Alomomola|Scald|p2a: Banette\n|-damage|p2a: Banette|85/100\n|\n|upkeep\n|turn|27\n|\n|t:|1771212913\n|move|p2a: Banette|Poltergeist|p1a: Alomomola|[miss]\n|-miss|p2a: Banette|p1a: Alomomola\n|move|p1a: Alomomola|Scald|p2a: Banette\n|-damage|p2a: Banette|67/100\n|\n|upkeep\n|turn|28\n|\n|t:|1771212919\n|switch|p1a: Iron Valiant|Iron Valiant|94/100\n|-damage|p1a: Iron Valiant|88/100|[from] Stealth Rock\n|-activate|p1a: Iron Valiant|ability: Quark Drive\n|-start|p1a: Iron Valiant|quarkdrivespa\n|move|p2a: Banette|Poltergeist|p1a: Iron Valiant\n|-activate|p1a: Iron Valiant|move: Poltergeist|Choice Specs\n|-damage|p1a: Iron Valiant|0 fnt\n|faint|p1a: Iron Valiant\n|-end|p1a: Iron Valiant|Quark Drive|[silent]\n|\n|-fieldend|move: Electric Terrain\n|upkeep\n|-message|AyyOmega forfeited.\n|\n|win|emsioab\n|raw|AyyOmega's rating: 1653 &rarr; <strong>1639</strong><br />(-14 for losing)\n|raw|emsioab's rating: 1762 &rarr; <strong>1776</strong><br />(+14 for winning)\n|l|☆AyyOmega\n|player|p1|\n|l|☆emsioab\n|player|p2|\n", "uploadtime": 1771213075, "views": 5, "formatid": "gen9nationaldex", "rating": 1639, "private": 0, "password": null}