{"id": "gen9nationaldex-2540213356", "format": "[Gen 9] National Dex", "players": ["tpfire", "starebirdxx"], "log": "|j|☆tpfire\n|j|☆starebirdxx\n|t:|1771176520\n|gametype|singles\n|player|p1|tpfire|birdkeeper-gen4dp|1657\n|player|p2|starebirdxx|rosa|1705\n|gen|9\n|tier|[Gen 9] National Dex\n|rated|\n|rule|HP Percentage Mod: HP is shown in percentages\n|rule|Endless Battle Clause: Forcing endless battles is banned\n|rule|Species Clause: Limit one of each Pokémon\n|rule|OHKO Clause: OHKO moves are banned\n|rule|Evasion Clause: Evasion abilities, items, and moves are banned\n|rule|Evasion Abilities Clause: Evasion abilities are banned\n|rule|Evasion Items Clause: Evasion items are banned\n|rule|Evasion Moves Clause: Evasion moves are banned\n|rule|Sleep Clause Mod: Limit one foe put to sleep\n|rule|Terastal Clause: You cannot Terastallize\n|clearpoke\n|poke|p1|Rillaboom, M|\n|poke|p1|Slowking, M|\n|poke|p1|Zamazenta-*|\n|poke|p1|Iron Treads|\n|poke|p1|Moltres|\n|poke|p1|Diancie|\n|poke|p2|Hatterene, F|\n|poke|p2|Cresselia, F|\n|poke|p2|Porygon2|\n|poke|p2|Ursaluna, M|\n|poke|p2|Mawile, F|\n|poke|p2|Marowak-Alola, M|\n|teampreview\n|inactive|Battle timer is ON: inactive players will automatically lose when time's up. (requested by tpfire)\n|l|☆tpfire\n|inactive|tpfire disconnected and has a minute to reconnect!\n|player|p1|\n|j|☆tpfire\n|inactive|tpfire reconnected and has 145 seconds left.\n|player|p1|tpfire|birdkeeper-gen4dp|\n|\n|t:|1771176539\n|teamsize|p1|6\n|teamsize|p2|6\n|start\n|switch|p1a: Rillaboom|Rillaboom, M|100/100\n|switch|p2a: Hatterene|Hatterene, F|100/100\n|-fieldstart|move: Grassy Terrain|[from] ability: Grassy Surge|[of] p1a: Rillaboom\n|turn|1\n|\n|t:|1771176544\n|switch|p2a: Mawile|Mawile, F|100/100\n|-ability|p2a: Mawile|Intimidate|boost\n|-unboost|p1a: Rillaboom|atk|1\n|move|p1a: Rillaboom|Wood Hammer|p2a: Mawile\n|-resisted|p2a: Mawile\n|-damage|p2a: Mawile|47/100\n|-damage|p1a: Rillaboom|85/100|[from] Recoil\n|\n|-heal|p1a: Rillaboom|91/100|[from] Grassy Terrain\n|-heal|p2a: Mawile|53/100|[from] Grassy Terrain\n|upkeep\n|turn|2\n|\n|t:|1771176553\n|switch|p1a: Moltres|Moltres|100/100\n|detailschange|p2a: Mawile|Mawile-Mega, F\n|-mega|p2a: Mawile|Mawile|Mawilite\n|move|p2a: Mawile|Swords Dance|p2a: Mawile\n|-boost|p2a: Mawile|atk|2\n|\n|-heal|p2a: Mawile|59/100|[from] Grassy Terrain\n|upkeep\n|turn|3\n|\n|t:|1771176560\n|switch|p2a: Porygon2|Porygon2|100/100\n|-ability|p2a: Porygon2|Flame Body|Trace|[from] ability: Trace|[of] p1a: Moltres\n|move|p1a: Moltres|Mystical Fire|p2a: Porygon2\n|-damage|p2a: Porygon2|86/100\n|-unboost|p2a: Porygon2|spa|1\n|\n|-heal|p2a: Porygon2|92/100|[from] Grassy Terrain\n|upkeep\n|turn|4\n|\n|t:|1771176563\n|move|p1a: Moltres|U-turn|p2a: Porygon2\n|-damage|p2a: Porygon2|82/100\n|\n|t:|1771176569\n|switch|p1a: Slowking|Slowking, M|100/100|[from] U-turn\n|move|p2a: Porygon2|Trick Room|p2a: Porygon2\n|-fieldstart|move: Trick Room|[of] p2a: Porygon2\n|\n|-heal|p2a: Porygon2|88/100|[from] Grassy Terrain\n|upkeep\n|turn|5\n|\n|t:|1771176574\n|move|p1a: Slowking|Scald|p2a: Porygon2\n|-damage|p2a: Porygon2|76/100\n|move|p2a: Porygon2|Teleport|p2a: Porygon2\n|\n|t:|1771176582\n|switch|p2a: Marowak|Marowak-Alola, M|100/100|[from] Teleport\n|\n|-fieldend|move: Grassy Terrain\n|upkeep\n|turn|6\n|\n|t:|1771176586\n|move|p1a: Slowking|Scald|p2a: Marowak\n|-supereffective|p2a: Marowak\n|-damage|p2a: Marowak|37/100\n|move|p2a: Marowak|Swords Dance|p2a: Marowak\n|-boost|p2a: Marowak|atk|2\n|\n|upkeep\n|turn|7\n|\n|t:|1771176593\n|switch|p2a: Hatterene|Hatterene, F|100/100\n|move|p1a: Slowking|Scald|p2a: Hatterene\n|-damage|p2a: Hatterene|70/100\n|\n|upkeep\n|turn|8\n|\n|t:|1771176597\n|move|p2a: Hatterene|Psychic Noise|p1a: Slowking\n|-resisted|p1a: Slowking\n|-damage|p1a: Slowking|84/100\n|-start|p1a: Slowking|move: Heal Block\n|move|p1a: Slowking|Future Sight|p2a: Hatterene\n|-start|p1a: Slowking|move: Future Sight\n|\n|-fieldend|move: Trick Room\n|upkeep\n|turn|9\n|\n|t:|1771176600\n|move|p1a: Slowking|Teleport|p1a: Slowking\n|\n|t:|1771176602\n|switch|p1a: Rillaboom|Rillaboom, M|91/100|[from] Teleport\n|-fieldstart|move: Grassy Terrain|[from] ability: Grassy Surge|[of] p1a: Rillaboom\n|move|p2a: Hatterene|Trick Room|p2a: Hatterene\n|-fieldstart|move: Trick Room|[of] p2a: Hatterene\n|\n|-heal|p2a: Hatterene|76/100|[from] Grassy Terrain\n|-heal|p1a: Rillaboom|97/100|[from] Grassy Terrain\n|upkeep\n|turn|10\n|\n|t:|1771176608\n|switch|p1a: Iron Treads|Iron Treads|100/100\n|-zpower|p2a: Hatterene\n|move|p2a: Hatterene|Twinkle Tackle|p1a: Iron Treads|[zeffect]\n|-resisted|p1a: Iron Treads\n|-damage|p1a: Iron Treads|54/100\n|\n|-end|p2a: Hatterene|move: Future Sight\n|-resisted|p2a: Hatterene\n|-crit|p2a: Hatterene\n|-damage|p2a: Hatterene|43/100\n|-heal|p2a: Hatterene|49/100|[from] Grassy Terrain\n|-heal|p1a: Iron Treads|61/100|[from] Grassy Terrain\n|-heal|p1a: Iron Treads|67/100|[from] item: Leftovers\n|upkeep\n|turn|11\n|\n|t:|1771176614\n|move|p2a: Hatterene|Healing Wish|p2a: Hatterene\n|faint|p2a: Hatterene\n|move|p1a: Iron Treads|High Horsepower|p2: Hatterene|[notarget]\n|-fail|p1a: Iron Treads\n|\n|-heal|p1a: Iron Treads|73/100|[from] Grassy Terrain\n|-heal|p1a: Iron Treads|79/100|[from] item: Leftovers\n|upkeep\n|\n|t:|1771176620\n|switch|p2a: Marowak|Marowak-Alola, M|37/100\n|-heal|p2a: Marowak|100/100|[from] move: Healing Wish\n|turn|12\n|inactive|tpfire has 120 seconds left.\n|\n|t:|1771176651\n|-end|p1a: Iron Treads|Quark Drive|[silent]\n|switch|p1a: Slowking|Slowking, M|100/100\n|move|p2a: Marowak|Poltergeist|p1a: Slowking\n|-activate|p1a: Slowking|move: Poltergeist|Heavy-Duty Boots\n|-supereffective|p1a: Slowking\n|-damage|p1a: Slowking|0 fnt\n|faint|p1a: Slowking\n|\n|upkeep\n|inactive|tpfire has 120 seconds left.\n|\n|t:|1771176657\n|switch|p1a: Iron Treads|Iron Treads|79/100\n|turn|13\n|\n|t:|1771176661\n|move|p2a: Marowak|Flare Blitz|p1a: Iron Treads\n|-supereffective|p1a: Iron Treads\n|-damage|p1a: Iron Treads|0 fnt\n|faint|p1a: Iron Treads\n|-end|p1a: Iron Treads|Quark Drive|[silent]\n|\n|-fieldend|move: Trick Room\n|-fieldend|move: Grassy Terrain\n|upkeep\n|\n|t:|1771176663\n|switch|p1a: Diancie|Diancie|100/100\n|turn|14\n|\n|t:|1771176666\n|switch|p2a: Porygon2|Porygon2|76/100\n|-ability|p2a: Porygon2|Clear Body|Trace|[from] ability: Trace|[of] p1a: Diancie\n|detailschange|p1a: Diancie|Diancie-Mega\n|-mega|p1a: Diancie|Diancie|Diancite\n|move|p1a: Diancie|Diamond Storm|p2a: Porygon2\n|-damage|p2a: Porygon2|39/100\n|\n|upkeep\n|turn|15\n|\n|t:|1771176670\n|move|p1a: Diancie|Diamond Storm|p2a: Porygon2\n|-damage|p2a: Porygon2|2/100\n|move|p2a: Porygon2|Trick Room|p2a: Porygon2\n|-fieldstart|move: Trick Room|[of] p2a: Porygon2\n|\n|upkeep\n|turn|16\n|\n|t:|1771176674\n|move|p1a: Diancie|Diamond Storm|p2a: Porygon2\n|-damage|p2a: Porygon2|0 fnt\n|faint|p2a: Porygon2\n|\n|upkeep\n|\n|t:|1771176676\n|switch|p2a: Ursaluna|Ursaluna, M|100/100\n|turn|17\n|\n|t:|1771176683\n|switch|p1a: Moltres|Moltres|100/100\n|move|p2a: Ursaluna|Headlong Rush|p1a: Moltres\n|-immune|p1a: Moltres\n|\n|-status|p2a: Ursaluna|brn|[from] item: Flame Orb\n|upkeep\n|turn|18\n|\n|t:|1771176691\n|move|p2a: Ursaluna|Facade|p1a: Moltres\n|-damage|p1a: Moltres|0 fnt\n|faint|p1a: Moltres\n|\n|-damage|p2a: Ursaluna|94/100 brn|[from] brn\n|upkeep\n|\n|t:|1771176695\n|switch|p1a: Rillaboom|Rillaboom, M|97/100\n|-fieldstart|move: Grassy Terrain|[from] ability: Grassy Surge|[of] p1a: Rillaboom\n|turn|19\n|\n|t:|1771176700\n|move|p1a: Rillaboom|Grassy Glide|p2a: Ursaluna\n|-supereffective|p2a: Ursaluna\n|-damage|p2a: Ursaluna|5/100 brn\n|move|p2a: Ursaluna|Facade|p1a: Rillaboom\n|-damage|p1a: Rillaboom|0 fnt\n|faint|p1a: Rillaboom\n|\n|-heal|p2a: Ursaluna|11/100 brn|[from] Grassy Terrain\n|-damage|p2a: Ursaluna|5/100 brn|[from] brn\n|-fieldend|move: Trick Room\n|upkeep\n|\n|t:|1771176703\n|switch|p1a: Diancie|Diancie-Mega|100/100\n|turn|20\n|\n|t:|1771176713\n|move|p1a: Diancie|Diamond Storm|p2a: Ursaluna\n|-resisted|p2a: Ursaluna\n|-damage|p2a: Ursaluna|0 fnt\n|-boost|p1a: Diancie|def|2\n|faint|p2a: Ursaluna\n|\n|upkeep\n|\n|t:|1771176720\n|switch|p2a: Cresselia|Cresselia, F|100/100\n|turn|21\n|\n|t:|1771176722\n|move|p1a: Diancie|Moonblast|p2a: Cresselia\n|-damage|p2a: Cresselia|64/100\n|move|p2a: Cresselia|Trick Room|p2a: Cresselia\n|-fieldstart|move: Trick Room|[of] p2a: Cresselia\n|\n|upkeep\n|turn|22\n|\n|t:|1771176725\n|move|p2a: Cresselia|Lunar Dance|p2a: Cresselia\n|faint|p2a: Cresselia\n|move|p1a: Diancie|Moonblast|p2: Cresselia|[notarget]\n|-fail|p1a: Diancie\n|\n|upkeep\n|\n|t:|1771176728\n|switch|p2a: Marowak|Marowak-Alola, M|100/100\n|-heal|p2a: Marowak|100/100|[from] move: Lunar Dance\n|turn|23\n|\n|t:|1771176732\n|move|p2a: Marowak|Bonemerang|p1a: Diancie\n|-supereffective|p1a: Diancie\n|-damage|p1a: Diancie|59/100\n|-supereffective|p1a: Diancie\n|-damage|p1a: Diancie|18/100\n|-hitcount|p1a: Diancie|2\n|move|p1a: Diancie|Diamond Storm|p2a: Marowak|[miss]\n|-miss|p1a: Diancie|p2a: Marowak\n|\n|-heal|p1a: Diancie|25/100|[from] Grassy Terrain\n|-fieldend|move: Grassy Terrain\n|upkeep\n|turn|24\n|\n|t:|1771176738\n|move|p2a: Marowak|Flare Blitz|p1a: Diancie\n|-resisted|p1a: Diancie\n|-damage|p1a: Diancie|0 fnt\n|faint|p1a: Diancie\n|detailschange|p1: Diancie|Diancie|[silent]\n|\n|upkeep\n|\n|t:|1771176741\n|switch|p1a: Zamazenta|Zamazenta|100/100\n|-ability|p1a: Zamazenta|Dauntless Shield|boost\n|-boost|p1a: Zamazenta|def|1\n|turn|25\n|\n|t:|1771176744\n|move|p2a: Marowak|Flare Blitz|p1a: Zamazenta\n|-damage|p1a: Zamazenta|40/100\n|move|p1a: Zamazenta|Stone Edge|p2a: Marowak|[miss]\n|-miss|p1a: Zamazenta|p2a: Marowak\n|\n|-fieldend|move: Trick Room\n|upkeep\n|turn|26\n|\n|t:|1771176747\n|move|p1a: Zamazenta|Stone Edge|p2a: Marowak\n|-supereffective|p2a: Marowak\n|-damage|p2a: Marowak|19/100\n|-damage|p1a: Zamazenta|30/100|[from] item: Life Orb\n|move|p2a: Marowak|Flare Blitz|p1a: Zamazenta\n|-damage|p1a: Zamazenta|0 fnt\n|faint|p1a: Zamazenta\n|\n|win|starebirdxx\n|raw|tpfire's rating: 1657 &rarr; <strong>1640</strong><br />(-17 for losing)\n|raw|starebirdxx's rating: 1705 &rarr; <strong>1722</strong><br />(+17 for winning)\n|l|☆tpfire\n|player|p1|\n|l|☆starebirdxx\n|player|p2|\n", "uploadtime": 1771176998, "views": 9, "formatid": "gen9nationaldex", "rating": 1640, "private": 0, "password": null}