{"id": "gen9nationaldex-2540732233", "format": "[Gen 9] National Dex", "players": ["n!ce ct", "ffuy"], "log": "|j|☆n!ce ct\n|j|☆ffuy\n|t:|1771247229\n|gametype|singles\n|player|p1|n!ce ct|emma-lza|1571\n|player|p2|ffuy|1|1608\n|gen|9\n|tier|[Gen 9] National Dex\n|rated|\n|rule|HP Percentage Mod: HP is shown in percentages\n|rule|Endless Battle Clause: Forcing endless battles is banned\n|rule|Species Clause: Limit one of each Pokémon\n|rule|OHKO Clause: OHKO moves are banned\n|rule|Evasion Clause: Evasion abilities, items, and moves are banned\n|rule|Evasion Abilities Clause: Evasion abilities are banned\n|rule|Evasion Items Clause: Evasion items are banned\n|rule|Evasion Moves Clause: Evasion moves are banned\n|rule|Sleep Clause Mod: Limit one foe put to sleep\n|rule|Terastal Clause: You cannot Terastallize\n|clearpoke\n|poke|p1|Tapu Fini|\n|poke|p1|Slowbro-Galar, F|\n|poke|p1|Zapdos|\n|poke|p1|Ting-Lu|\n|poke|p1|Zamazenta-*|\n|poke|p1|Victini|\n|poke|p2|Diancie|\n|poke|p2|Tyranitar, M|\n|poke|p2|Alomomola, F|\n|poke|p2|Urshifu-*, M|\n|poke|p2|Kyurem|\n|poke|p2|Ferrothorn, M|\n|teampreview\n|inactive|Battle timer is ON: inactive players will automatically lose when time's up. (requested by ffuy)\n|inactive|n!ce ct has 120 seconds left.\n|\n|t:|1771247265\n|teamsize|p1|6\n|teamsize|p2|6\n|start\n|switch|p1a: Tapu Fini|Tapu Fini|100/100\n|switch|p2a: Urshifu|Urshifu-Rapid-Strike, M|100/100\n|-fieldstart|move: Misty Terrain|[from] ability: Misty Surge|[of] p1a: Tapu Fini\n|turn|1\n|\n|t:|1771247273\n|switch|p2a: Ferrothorn|Ferrothorn, M|100/100\n|move|p1a: Tapu Fini|Taunt|p2a: Ferrothorn\n|-start|p2a: Ferrothorn|move: Taunt\n|\n|upkeep\n|turn|2\n|\n|t:|1771247281\n|switch|p1a: Slowbro|Slowbro-Galar, F|100/100\n|move|p2a: Ferrothorn|Power Whip|p1a: Slowbro\n|-resisted|p1a: Slowbro\n|-damage|p1a: Slowbro|88/100\n|\n|upkeep\n|turn|3\n|\n|t:|1771247296\n|switch|p2a: Tyranitar|Tyranitar, M|100/100\n|-weather|Sandstorm|[from] ability: Sand Stream|[of] p2a: Tyranitar\n|move|p1a: Slowbro|Iron Defense|p1a: Slowbro\n|-boost|p1a: Slowbro|def|2\n|\n|-weather|Sandstorm|[upkeep]\n|-damage|p1a: Slowbro|82/100|[from] Sandstorm\n|upkeep\n|turn|4\n|\n|t:|1771247304\n|detailschange|p1a: Slowbro|Slowbro-Mega, F\n|-mega|p1a: Slowbro|Slowbro|Slowbronite\n|move|p2a: Tyranitar|Knock Off|p1a: Slowbro\n|-supereffective|p1a: Slowbro\n|-damage|p1a: Slowbro|70/100\n|move|p1a: Slowbro|Body Press|p2a: Tyranitar\n|-supereffective|p2a: Tyranitar\n|-damage|p2a: Tyranitar|0 fnt\n|faint|p2a: Tyranitar\n|\n|-weather|Sandstorm|[upkeep]\n|-damage|p1a: Slowbro|63/100|[from] Sandstorm\n|upkeep\n|\n|t:|1771247315\n|switch|p2a: Alomomola|Alomomola, F|100/100\n|turn|5\n|\n|t:|1771247320\n|switch|p1a: Tapu Fini|Tapu Fini|100/100\n|move|p2a: Alomomola|Protect||[still]\n|-fail|p2a: Alomomola\n|\n|-weather|Sandstorm|[upkeep]\n|-damage|p1a: Tapu Fini|94/100|[from] Sandstorm\n|-damage|p2a: Alomomola|94/100|[from] Sandstorm\n|-heal|p1a: Tapu Fini|100/100|[from] item: Leftovers\n|-fieldend|Misty Terrain\n|upkeep\n|turn|6\n|\n|t:|1771247332\n|move|p1a: Tapu Fini|Taunt|p2a: Alomomola\n|-start|p2a: Alomomola|move: Taunt\n|move|p2a: Alomomola|Flip Turn|p1a: Tapu Fini\n|-resisted|p1a: Tapu Fini\n|-damage|p1a: Tapu Fini|95/100\n|\n|t:|1771247337\n|switch|p2a: Diancie|Diancie|100/100|[from] Flip Turn\n|\n|-weather|Sandstorm|[upkeep]\n|-damage|p1a: Tapu Fini|89/100|[from] Sandstorm\n|-heal|p1a: Tapu Fini|95/100|[from] item: Leftovers\n|upkeep\n|turn|7\n|\n|t:|1771247366\n|move|p1a: Tapu Fini|Surf|p2a: Diancie\n|-supereffective|p2a: Diancie\n|-damage|p2a: Diancie|62/100\n|move|p2a: Diancie|Moonblast|p1a: Tapu Fini\n|-damage|p1a: Tapu Fini|61/100\n|\n|-weather|none\n|-heal|p1a: Tapu Fini|67/100|[from] item: Leftovers\n|upkeep\n|turn|8\n|\n|t:|1771247375\n|detailschange|p2a: Diancie|Diancie-Mega\n|-mega|p2a: Diancie|Diancie|Diancite\n|move|p2a: Diancie|Moonblast|p1a: Tapu Fini\n|-damage|p1a: Tapu Fini|24/100\n|move|p1a: Tapu Fini|Surf|p2a: Diancie\n|-supereffective|p2a: Diancie\n|-damage|p2a: Diancie|0 fnt\n|faint|p2a: Diancie\n|detailschange|p2: Diancie|Diancie|[silent]\n|\n|-heal|p1a: Tapu Fini|30/100|[from] item: Leftovers\n|upkeep\n|-message|ffuy forfeited.\n|\n|win|n!ce ct\n|raw|n!ce ct's rating: 1571 &rarr; <strong>1593</strong><br />(+22 for winning)\n|raw|ffuy's rating: 1608 &rarr; <strong>1586</strong><br />(-22 for losing)\n|l|☆ffuy\n|player|p2|\n|l|☆n!ce ct\n|player|p1|\n", "uploadtime": 1771247634, "views": 4, "formatid": "gen9nationaldex", "rating": 1586, "private": 0, "password": null}