{"id": "gen9nationaldex-2540840700", "format": "[Gen 9] National Dex", "players": ["Rubberchicken030", "lepooker"], "log": "|j|☆Rubberchicken030\n|j|☆lepooker\n|t:|1771259509\n|gametype|singles\n|player|p1|Rubberchicken030|crasherwake|1536\n|player|p2|lepooker|giovanni|1569\n|gen|9\n|tier|[Gen 9] National Dex\n|rated|\n|rule|HP Percentage Mod: HP is shown in percentages\n|rule|Endless Battle Clause: Forcing endless battles is banned\n|rule|Species Clause: Limit one of each Pokémon\n|rule|OHKO Clause: OHKO moves are banned\n|rule|Evasion Clause: Evasion abilities, items, and moves are banned\n|rule|Evasion Abilities Clause: Evasion abilities are banned\n|rule|Evasion Items Clause: Evasion items are banned\n|rule|Evasion Moves Clause: Evasion moves are banned\n|rule|Sleep Clause Mod: Limit one foe put to sleep\n|rule|Terastal Clause: You cannot Terastallize\n|clearpoke\n|poke|p1|Slowbro, M|\n|poke|p1|Clodsire, F|\n|poke|p1|Tapu Lele|\n|poke|p1|Kingambit, M|\n|poke|p1|Heatran, M|\n|poke|p1|Corviknight, F|\n|poke|p2|Mamoswine, M|\n|poke|p2|Cinderace, M|\n|poke|p2|Raging Bolt|\n|poke|p2|Zamazenta-*|\n|poke|p2|Enamorus-Therian, F|\n|poke|p2|Kingambit, M|\n|teampreview\n|inactive|Battle timer is ON: inactive players will automatically lose when time's up. (requested by Rubberchicken030)\n|c|☆lepooker|omg rubber\n|c|☆lepooker|u fucking twat\n|j| repeatttt\n|c|☆Rubberchicken030|jvc\n|c| repeatttt|no way\n|inactive|Rubberchicken030 has 120 seconds left.\n|\n|t:|1771259541\n|teamsize|p1|6\n|teamsize|p2|6\n|start\n|switch|p1a: Corviknight|Corviknight, F|100/100\n|switch|p2a: Mamoswine|Mamoswine, M|100/100\n|-ability|p1a: Corviknight|Pressure\n|turn|1\n|\n|t:|1771259544\n|move|p2a: Mamoswine|Stealth Rock|p1a: Corviknight\n|-sidestart|p1: Rubberchicken030|move: Stealth Rock\n|move|p1a: Corviknight|U-turn|p2a: Mamoswine\n|-damage|p2a: Mamoswine|85/100\n|\n|t:|1771259551\n|switch|p1a: Tapu Lele|Tapu Lele|100/100|[from] U-turn\n|-damage|p1a: Tapu Lele|88/100|[from] Stealth Rock\n|-fieldstart|move: Psychic Terrain|[from] ability: Psychic Surge|[of] p1a: Tapu Lele\n|\n|upkeep\n|turn|2\n|\n|t:|1771259557\n|move|p1a: Tapu Lele|Focus Blast|p2a: Mamoswine|[miss]\n|-miss|p1a: Tapu Lele|p2a: Mamoswine\n|move|p2a: Mamoswine|Earthquake|p1a: Tapu Lele\n|-damage|p1a: Tapu Lele|0 fnt\n|faint|p1a: Tapu Lele\n|\n|upkeep\n|\n|t:|1771259571\n|switch|p1a: Slowbro|Slowbro, M|100/100\n|-damage|p1a: Slowbro|88/100|[from] Stealth Rock\n|turn|3\n|\n|t:|1771259574\n|move|p2a: Mamoswine|Earthquake|p1a: Slowbro\n|-crit|p1a: Slowbro\n|-damage|p1a: Slowbro|39/100\n|move|p1a: Slowbro|Trick Room|p1a: Slowbro\n|-fieldstart|move: Trick Room|[of] p1a: Slowbro\n|\n|upkeep\n|turn|4\n|\n|t:|1771259582\n|move|p2a: Mamoswine|Earthquake|p1a: Slowbro\n|-damage|p1a: Slowbro|8/100\n|move|p1a: Slowbro|Teleport|p1a: Slowbro\n|\n|t:|1771259585\n|switch|p1a: Kingambit|Kingambit, M|100/100|[from] Teleport\n|-damage|p1a: Kingambit|94/100|[from] Stealth Rock\n|\n|upkeep\n|turn|5\n|\n|t:|1771259592\n|move|p1a: Kingambit|Iron Head|p2a: Mamoswine\n|-supereffective|p2a: Mamoswine\n|-damage|p2a: Mamoswine|0 fnt\n|faint|p2a: Mamoswine\n|\n|-fieldend|move: Psychic Terrain\n|upkeep\n|\n|t:|1771259594\n|switch|p2a: Raging Bolt|Raging Bolt|100/100\n|-enditem|p2a: Raging Bolt|Booster Energy\n|-activate|p2a: Raging Bolt|ability: Protosynthesis|[fromitem]\n|-start|p2a: Raging Bolt|protosynthesisspa\n|turn|6\n|\n|t:|1771259605\n|move|p1a: Kingambit|Iron Head|p2a: Raging Bolt\n|-resisted|p2a: Raging Bolt\n|-damage|p2a: Raging Bolt|65/100\n|move|p2a: Raging Bolt|Calm Mind|p2a: Raging Bolt\n|-boost|p2a: Raging Bolt|spa|1\n|-boost|p2a: Raging Bolt|spd|1\n|\n|upkeep\n|turn|7\n|\n|t:|1771259610\n|move|p1a: Kingambit|Iron Head|p2a: Raging Bolt\n|-resisted|p2a: Raging Bolt\n|-damage|p2a: Raging Bolt|31/100\n|move|p2a: Raging Bolt|Dragon Pulse|p1a: Kingambit\n|-resisted|p1a: Kingambit\n|-damage|p1a: Kingambit|49/100\n|\n|-fieldend|move: Trick Room\n|upkeep\n|turn|8\n|\n|t:|1771259619\n|switch|p1a: Clodsire|Clodsire, F|100/100\n|-damage|p1a: Clodsire|94/100|[from] Stealth Rock\n|move|p2a: Raging Bolt|Dragon Pulse|p1a: Clodsire\n|-damage|p1a: Clodsire|45/100\n|\n|-heal|p1a: Clodsire|51/100|[from] item: Black Sludge\n|upkeep\n|turn|9\n|\n|t:|1771259621\n|move|p2a: Raging Bolt|Dragon Pulse|p1a: Clodsire\n|-damage|p1a: Clodsire|0 fnt\n|faint|p1a: Clodsire\n|\n|upkeep\n|\n|t:|1771259630\n|switch|p1a: Kingambit|Kingambit, M|49/100\n|-damage|p1a: Kingambit|43/100|[from] Stealth Rock\n|turn|10\n|\n|t:|1771259633\n|move|p2a: Raging Bolt|Thunderclap|p1a: Kingambit\n|-damage|p1a: Kingambit|0 fnt\n|faint|p1a: Kingambit\n|\n|upkeep\n|\n|t:|1771259636\n|switch|p1a: Heatran|Heatran, M|100/100\n|-damage|p1a: Heatran|88/100|[from] Stealth Rock\n|turn|11\n|\n|t:|1771259641\n|move|p2a: Raging Bolt|Thunderclap|p1a: Heatran\n|-damage|p1a: Heatran|12/100\n|move|p1a: Heatran|Eruption|p2a: Raging Bolt\n|-resisted|p2a: Raging Bolt\n|-damage|p2a: Raging Bolt|27/100\n|\n|upkeep\n|turn|12\n|-message|Rubberchicken030 forfeited.\n|\n|win|lepooker\n|raw|Rubberchicken030's rating: 1536 &rarr; <strong>1518</strong><br />(-18 for losing)\n|raw|lepooker's rating: 1569 &rarr; <strong>1587</strong><br />(+18 for winning)\n|l|☆Rubberchicken030\n|player|p1|\n|l|☆lepooker\n|player|p2|\n|l| repeatttt\n", "uploadtime": 1771259516, "views": 4, "formatid": "gen9nationaldex", "rating": 1518, "private": 0, "password": null}