{"id": "gen9nationaldex-2540370815", "format": "[Gen 9] National Dex", "players": ["FishOfTheSea", "Cerberus 17"], "log": "|j|☆FishOfTheSea\n|j|☆Cerberus 17\n|t:|1771193985\n|gametype|singles\n|player|p1|FishOfTheSea|elesa-gen5bw2|1617\n|player|p2|Cerberus 17|cynthia-gen4|1743\n|gen|9\n|tier|[Gen 9] National Dex\n|rated|\n|rule|HP Percentage Mod: HP is shown in percentages\n|rule|Endless Battle Clause: Forcing endless battles is banned\n|rule|Species Clause: Limit one of each Pokémon\n|rule|OHKO Clause: OHKO moves are banned\n|rule|Evasion Clause: Evasion abilities, items, and moves are banned\n|rule|Evasion Abilities Clause: Evasion abilities are banned\n|rule|Evasion Items Clause: Evasion items are banned\n|rule|Evasion Moves Clause: Evasion moves are banned\n|rule|Sleep Clause Mod: Limit one foe put to sleep\n|rule|Terastal Clause: You cannot Terastallize\n|clearpoke\n|poke|p1|Diancie|\n|poke|p1|Toxapex, M|\n|poke|p1|Ferrothorn, F|\n|poke|p1|Ting-Lu|\n|poke|p1|Kyurem|\n|poke|p1|Landorus-Therian, M|\n|poke|p2|Tyranitar, F|\n|poke|p2|Kartana|\n|poke|p2|Diancie|\n|poke|p2|Excadrill, F|\n|poke|p2|Sinistcha-Masterpiece|\n|poke|p2|Kommo-o, M|\n|teampreview\n|inactive|Battle timer is ON: inactive players will automatically lose when time's up. (requested by Cerberus 17)\n|\n|t:|1771194005\n|teamsize|p1|6\n|teamsize|p2|6\n|start\n|switch|p1a: Landorus|Landorus-Therian, M|100/100\n|switch|p2a: Tyranitar|Tyranitar, F|100/100\n|-ability|p1a: Landorus|Intimidate|boost\n|-unboost|p2a: Tyranitar|atk|1\n|-weather|Sandstorm|[from] ability: Sand Stream|[of] p2a: Tyranitar\n|turn|1\n|\n|t:|1771194026\n|switch|p1a: Toxapex|Toxapex, M|100/100\n|move|p2a: Tyranitar|Avalanche|p1a: Toxapex\n|-resisted|p1a: Toxapex\n|-damage|p1a: Toxapex|96/100\n|\n|-weather|Sandstorm|[upkeep]\n|-damage|p1a: Toxapex|90/100|[from] Sandstorm\n|upkeep\n|turn|2\n|\n|t:|1771194033\n|move|p2a: Tyranitar|Knock Off|p1a: Toxapex\n|-damage|p1a: Toxapex|67/100\n|-enditem|p1a: Toxapex|Heavy-Duty Boots|[from] move: Knock Off|[of] p2a: Tyranitar\n|move|p1a: Toxapex|Scald|p2a: Tyranitar\n|-supereffective|p2a: Tyranitar\n|-damage|p2a: Tyranitar|84/100\n|\n|-weather|Sandstorm|[upkeep]\n|-damage|p1a: Toxapex|61/100|[from] Sandstorm\n|upkeep\n|turn|3\n|\n|t:|1771194040\n|switch|p2a: Kommo-o|Kommo-o, M|100/100\n|move|p1a: Toxapex|Scald|p2a: Kommo-o\n|-resisted|p2a: Kommo-o\n|-damage|p2a: Kommo-o|90/100\n|\n|-weather|Sandstorm|[upkeep]\n|-damage|p2a: Kommo-o|84/100|[from] Sandstorm\n|-damage|p1a: Toxapex|55/100|[from] Sandstorm\n|upkeep\n|turn|4\n|\n|t:|1771194047\n|switch|p1a: Diancie|Diancie|100/100\n|move|p2a: Kommo-o|Poison Jab|p1a: Diancie\n|-damage|p1a: Diancie|78/100\n|\n|-weather|Sandstorm|[upkeep]\n|-damage|p2a: Kommo-o|78/100|[from] Sandstorm\n|upkeep\n|turn|5\n|\n|t:|1771194063\n|switch|p2a: Excadrill|Excadrill, F|100/100\n|detailschange|p1a: Diancie|Diancie-Mega\n|-mega|p1a: Diancie|Diancie|Diancite\n|move|p1a: Diancie|Mystical Fire|p2a: Excadrill\n|-supereffective|p2a: Excadrill\n|-damage|p2a: Excadrill|13/100\n|-unboost|p2a: Excadrill|spa|1\n|\n|-weather|Sandstorm|[upkeep]\n|upkeep\n|turn|6\n|\n|t:|1771194091\n|switch|p2a: Sinistcha|Sinistcha-Masterpiece|100/100\n|switch|p1a: Ferrothorn|Ferrothorn, F|100/100\n|\n|-weather|Sandstorm|[upkeep]\n|-damage|p2a: Sinistcha|94/100|[from] Sandstorm\n|-heal|p2a: Sinistcha|100/100|[from] item: Leftovers\n|upkeep\n|turn|7\n|\n|t:|1771194102\n|switch|p1a: Toxapex|Toxapex, M|89/100\n|move|p2a: Sinistcha|Calm Mind|p2a: Sinistcha\n|-boost|p2a: Sinistcha|spa|1\n|-boost|p2a: Sinistcha|spd|1\n|\n|-weather|Sandstorm|[upkeep]\n|-damage|p2a: Sinistcha|94/100|[from] Sandstorm\n|-damage|p1a: Toxapex|83/100|[from] Sandstorm\n|-heal|p2a: Sinistcha|100/100|[from] item: Leftovers\n|upkeep\n|turn|8\n|\n|t:|1771194108\n|move|p2a: Sinistcha|Matcha Gotcha|p1a: Toxapex|[miss]\n|-miss|p2a: Sinistcha|p1a: Toxapex\n|move|p1a: Toxapex|Haze|p1a: Toxapex\n|-clearallboost\n|\n|-weather|none\n|upkeep\n|turn|9\n|\n|t:|1771194115\n|move|p2a: Sinistcha|Matcha Gotcha|p1a: Toxapex\n|-damage|p1a: Toxapex|57/100\n|move|p1a: Toxapex|Toxic|p2a: Sinistcha\n|-status|p2a: Sinistcha|tox\n|\n|-damage|p2a: Sinistcha|94/100 tox|[from] psn\n|upkeep\n|turn|10\n|\n|t:|1771194124\n|move|p2a: Sinistcha|Calm Mind|p2a: Sinistcha\n|-boost|p2a: Sinistcha|spa|1\n|-boost|p2a: Sinistcha|spd|1\n|move|p1a: Toxapex|Recover|p1a: Toxapex\n|-heal|p1a: Toxapex|100/100\n|\n|-heal|p2a: Sinistcha|100/100 tox|[from] item: Leftovers\n|-damage|p2a: Sinistcha|88/100 tox|[from] psn\n|upkeep\n|turn|11\n|\n|t:|1771194128\n|move|p2a: Sinistcha|Matcha Gotcha|p1a: Toxapex\n|-damage|p1a: Toxapex|62/100\n|-heal|p2a: Sinistcha|100/100 tox|[from] drain|[of] p1a: Toxapex\n|move|p1a: Toxapex|Haze|p1a: Toxapex\n|-clearallboost\n|\n|-damage|p2a: Sinistcha|82/100 tox|[from] psn\n|upkeep\n|turn|12\n|\n|t:|1771194139\n|switch|p2a: Excadrill|Excadrill, F|13/100\n|move|p1a: Toxapex|Haze|p1a: Toxapex\n|-clearallboost\n|\n|upkeep\n|turn|13\n|\n|t:|1771194146\n|switch|p1a: Landorus|Landorus-Therian, M|100/100\n|-ability|p1a: Landorus|Intimidate|boost\n|-unboost|p2a: Excadrill|atk|1\n|move|p2a: Excadrill|Earthquake|p1a: Landorus\n|-immune|p1a: Landorus\n|\n|upkeep\n|turn|14\n|\n|t:|1771194156\n|switch|p2a: Sinistcha|Sinistcha-Masterpiece|82/100 tox\n|move|p1a: Landorus|Earthquake|p2a: Sinistcha\n|-resisted|p2a: Sinistcha\n|-damage|p2a: Sinistcha|63/100 tox\n|\n|-heal|p2a: Sinistcha|69/100 tox|[from] item: Leftovers\n|-damage|p2a: Sinistcha|63/100 tox|[from] psn\n|upkeep\n|turn|15\n|\n|t:|1771194162\n|switch|p1a: Ferrothorn|Ferrothorn, F|100/100\n|move|p2a: Sinistcha|Strength Sap|p1a: Ferrothorn\n|-unboost|p1a: Ferrothorn|atk|1\n|-heal|p2a: Sinistcha|100/100 tox\n|\n|-damage|p2a: Sinistcha|88/100 tox|[from] psn\n|upkeep\n|turn|16\n|\n|t:|1771194174\n|switch|p2a: Kommo-o|Kommo-o, M|78/100\n|move|p1a: Ferrothorn|Spikes|p2a: Kommo-o\n|-sidestart|p2: Cerberus 17|Spikes\n|\n|upkeep\n|turn|17\n|\n|t:|1771194183\n|switch|p1a: Toxapex|Toxapex, M|95/100\n|move|p2a: Kommo-o|Flamethrower|p1a: Toxapex\n|-resisted|p1a: Toxapex\n|-damage|p1a: Toxapex|86/100\n|\n|upkeep\n|turn|18\n|\n|t:|1771194191\n|switch|p1a: Diancie|Diancie-Mega|78/100\n|-zpower|p2a: Kommo-o\n|move|p2a: Kommo-o|Clangorous Soulblaze|p1a: Diancie|[zeffect]\n|-immune|p1a: Diancie\n|\n|upkeep\n|turn|19\n|\n|t:|1771194202\n|switch|p2a: Tyranitar|Tyranitar, F|84/100\n|-damage|p2a: Tyranitar|71/100|[from] Spikes\n|-weather|Sandstorm|[from] ability: Sand Stream|[of] p2a: Tyranitar\n|move|p1a: Diancie|Moonblast|p2a: Tyranitar\n|-supereffective|p2a: Tyranitar\n|-damage|p2a: Tyranitar|9/100\n|\n|-weather|Sandstorm|[upkeep]\n|upkeep\n|turn|20\n|\n|t:|1771194208\n|move|p1a: Diancie|Moonblast|p2a: Tyranitar\n|-supereffective|p2a: Tyranitar\n|-damage|p2a: Tyranitar|0 fnt\n|faint|p2a: Tyranitar\n|\n|-weather|Sandstorm|[upkeep]\n|upkeep\n|\n|t:|1771194219\n|switch|p2a: Diancie|Diancie|100/100\n|-damage|p2a: Diancie|88/100|[from] Spikes\n|turn|21\n|\n|t:|1771194233\n|switch|p1a: Ferrothorn|Ferrothorn, F|100/100\n|detailschange|p2a: Diancie|Diancie-Mega\n|-mega|p2a: Diancie|Diancie|Diancite\n|move|p2a: Diancie|Mystical Fire|p1a: Ferrothorn\n|-supereffective|p1a: Ferrothorn\n|-damage|p1a: Ferrothorn|4/100\n|-unboost|p1a: Ferrothorn|spa|1\n|\n|-weather|Sandstorm|[upkeep]\n|-heal|p1a: Ferrothorn|10/100|[from] item: Leftovers\n|upkeep\n|turn|22\n|\n|t:|1771194242\n|move|p2a: Diancie|Moonblast|p1a: Ferrothorn\n|-resisted|p1a: Ferrothorn\n|-damage|p1a: Ferrothorn|0 fnt\n|faint|p1a: Ferrothorn\n|\n|-weather|Sandstorm|[upkeep]\n|upkeep\n|\n|t:|1771194248\n|switch|p1a: Landorus|Landorus-Therian, M|100/100\n|-ability|p1a: Landorus|Intimidate|boost\n|-unboost|p2a: Diancie|atk|1\n|turn|23\n|\n|t:|1771194260\n|move|p2a: Diancie|Moonblast|p1a: Landorus\n|-damage|p1a: Landorus|32/100\n|move|p1a: Landorus|Earthquake|p2a: Diancie\n|-supereffective|p2a: Diancie\n|-damage|p2a: Diancie|0 fnt\n|faint|p2a: Diancie\n|detailschange|p2: Diancie|Diancie|[silent]\n|\n|-weather|Sandstorm|[upkeep]\n|upkeep\n|\n|t:|1771194269\n|switch|p2a: Kartana|Kartana|100/100\n|-damage|p2a: Kartana|88/100|[from] Spikes\n|turn|24\n|\n|t:|1771194277\n|switch|p1a: Toxapex|Toxapex, M|100/100\n|move|p2a: Kartana|Leaf Blade|p1a: Toxapex\n|-damage|p1a: Toxapex|60/100\n|\n|-weather|Sandstorm|[upkeep]\n|-damage|p1a: Toxapex|54/100|[from] Sandstorm\n|upkeep\n|turn|25\n|\n|t:|1771194288\n|switch|p2a: Excadrill|Excadrill, F|13/100\n|-damage|p2a: Excadrill|0 fnt|[from] Spikes\n|faint|p2a: Excadrill\n|move|p1a: Toxapex|Recover|p1a: Toxapex\n|-heal|p1a: Toxapex|100/100\n|\n|-weather|Sandstorm|[upkeep]\n|-damage|p1a: Toxapex|95/100|[from] Sandstorm\n|upkeep\n|\n|t:|1771194297\n|switch|p2a: Kartana|Kartana|88/100\n|-damage|p2a: Kartana|76/100|[from] Spikes\n|turn|26\n|\n|t:|1771194303\n|move|p2a: Kartana|Leaf Blade|p1a: Toxapex\n|-damage|p1a: Toxapex|55/100\n|move|p1a: Toxapex|Scald|p2a: Kartana\n|-resisted|p2a: Kartana\n|-damage|p2a: Kartana|50/100\n|-status|p2a: Kartana|brn\n|\n|-weather|none\n|-damage|p2a: Kartana|44/100 brn|[from] brn\n|upkeep\n|turn|27\n|\n|t:|1771194310\n|move|p2a: Kartana|Leaf Blade|p1a: Toxapex\n|-damage|p1a: Toxapex|35/100\n|move|p1a: Toxapex|Recover|p1a: Toxapex\n|-heal|p1a: Toxapex|85/100\n|\n|-damage|p2a: Kartana|38/100 brn|[from] brn\n|upkeep\n|turn|28\n|-message|Cerberus 17 forfeited.\n|\n|win|FishOfTheSea\n|raw|FishOfTheSea's rating: 1617 &rarr; <strong>1644</strong><br />(+27 for winning)\n|raw|Cerberus 17's rating: 1743 &rarr; <strong>1716</strong><br />(-27 for losing)\n|l|☆Cerberus 17\n|player|p2|\n", "uploadtime": 1771194316, "views": 14, "formatid": "gen9nationaldex", "rating": 1644, "private": 0, "password": null}