{"id": "gen9nationaldex-2540608335", "format": "[Gen 9] National Dex", "players": ["heimao1", "yuxia233"], "log": "|j|☆heimao1\n|j|☆yuxia233\n|t:|1771226422\n|gametype|singles\n|player|p1|heimao1|102|1752\n|player|p2|yuxia233|dawn|1591\n|gen|9\n|tier|[Gen 9] National Dex\n|rated|\n|rule|HP Percentage Mod: HP is shown in percentages\n|rule|Endless Battle Clause: Forcing endless battles is banned\n|rule|Species Clause: Limit one of each Pokémon\n|rule|OHKO Clause: OHKO moves are banned\n|rule|Evasion Clause: Evasion abilities, items, and moves are banned\n|rule|Evasion Abilities Clause: Evasion abilities are banned\n|rule|Evasion Items Clause: Evasion items are banned\n|rule|Evasion Moves Clause: Evasion moves are banned\n|rule|Sleep Clause Mod: Limit one foe put to sleep\n|rule|Terastal Clause: You cannot Terastallize\n|clearpoke\n|poke|p1|Ogerpon-Wellspring, F|\n|poke|p1|Dragonite, F|\n|poke|p1|Volcarona, F|\n|poke|p1|Landorus-Therian, M|\n|poke|p1|Great Tusk|\n|poke|p1|Alakazam, F|\n|poke|p2|Kingambit, M|\n|poke|p2|Zamazenta-*|\n|poke|p2|Diancie|\n|poke|p2|Landorus-Therian, M|\n|poke|p2|Alomomola, F|\n|poke|p2|Clodsire, F|\n|teampreview\n|inactive|Battle timer is ON: inactive players will automatically lose when time's up. (requested by yuxia233)\n|\n|t:|1771226439\n|teamsize|p1|6\n|teamsize|p2|6\n|start\n|switch|p1a: Landorus|Landorus-Therian, M|100/100\n|switch|p2a: Landorus|Landorus-Therian, M|100/100\n|-ability|p1a: Landorus|Intimidate|boost\n|-unboost|p2a: Landorus|atk|1\n|-ability|p2a: Landorus|Intimidate|boost\n|-unboost|p1a: Landorus|atk|1\n|turn|1\n|\n|t:|1771226448\n|move|p1a: Landorus|Taunt|p2a: Landorus\n|-start|p2a: Landorus|move: Taunt\n|cant|p2a: Landorus|move: Taunt|Stealth Rock\n|\n|upkeep\n|turn|2\n|\n|t:|1771226454\n|move|p2a: Landorus|U-turn|p1a: Landorus\n|-resisted|p1a: Landorus\n|-damage|p1a: Landorus|90/100\n|\n|t:|1771226458\n|switch|p2a: Alomomola|Alomomola, F|100/100|[from] U-turn\n|move|p1a: Landorus|Stealth Rock|p2a: Alomomola\n|-sidestart|p2: yuxia233|move: Stealth Rock\n|\n|upkeep\n|turn|3\n|\n|t:|1771226465\n|switch|p2a: Landorus|Landorus-Therian, M|100/100\n|-damage|p2a: Landorus|88/100|[from] Stealth Rock\n|-ability|p2a: Landorus|Intimidate|boost\n|-unboost|p1a: Landorus|atk|1\n|move|p1a: Landorus|Taunt|p2a: Landorus\n|-start|p2a: Landorus|move: Taunt\n|\n|-heal|p2a: Landorus|94/100|[from] item: Leftovers\n|upkeep\n|turn|4\n|\n|t:|1771226479\n|move|p2a: Landorus|U-turn|p1a: Landorus\n|-resisted|p1a: Landorus\n|-damage|p1a: Landorus|74/100\n|\n|t:|1771226484\n|switch|p2a: Zamazenta|Zamazenta|100/100|[from] U-turn\n|-damage|p2a: Zamazenta|94/100|[from] Stealth Rock\n|-ability|p2a: Zamazenta|Dauntless Shield|boost\n|-boost|p2a: Zamazenta|def|1\n|move|p1a: Landorus|U-turn|p2a: Zamazenta\n|-resisted|p2a: Zamazenta\n|-damage|p2a: Zamazenta|91/100\n|inactive|heimao1 has 120 seconds left.\n|\n|t:|1771226517\n|switch|p1a: Volcarona|Volcarona, F|100/100|[from] U-turn\n|\n|-heal|p2a: Zamazenta|97/100|[from] item: Leftovers\n|upkeep\n|turn|5\n|\n|t:|1771226524\n|switch|p2a: Clodsire|Clodsire, F|100/100\n|move|p1a: Volcarona|Quiver Dance|p1a: Volcarona\n|-boost|p1a: Volcarona|spa|1\n|-boost|p1a: Volcarona|spd|1\n|-boost|p1a: Volcarona|spe|1\n|\n|upkeep\n|turn|6\n|\n|t:|1771226536\n|switch|p1a: Alakazam|Alakazam, F|100/100\n|move|p2a: Clodsire|Rock Slide|p1a: Alakazam\n|-damage|p1a: Alakazam|65/100\n|\n|upkeep\n|turn|7\n|\n|t:|1771226548\n|switch|p2a: Kingambit|Kingambit, M|100/100\n|-damage|p2a: Kingambit|94/100|[from] Stealth Rock\n|move|p1a: Alakazam|Nasty Plot|p1a: Alakazam\n|-boost|p1a: Alakazam|spa|2\n|\n|upkeep\n|turn|8\n|\n|t:|1771226556\n|switch|p1a: Great Tusk|Great Tusk|100/100\n|-enditem|p1a: Great Tusk|Booster Energy\n|-activate|p1a: Great Tusk|ability: Protosynthesis|[fromitem]\n|-start|p1a: Great Tusk|protosynthesisatk\n|move|p2a: Kingambit|Sucker Punch||[still]\n|-fail|p2a: Kingambit\n|\n|upkeep\n|turn|9\n|\n|t:|1771226565\n|-end|p2a: Kingambit|fallenundefined|[silent]\n|switch|p2a: Alomomola|Alomomola, F|100/100\n|-damage|p2a: Alomomola|88/100|[from] Stealth Rock\n|move|p1a: Great Tusk|Bulk Up|p1a: Great Tusk\n|-boost|p1a: Great Tusk|atk|1\n|-boost|p1a: Great Tusk|def|1\n|\n|upkeep\n|turn|10\n|\n|t:|1771226582\n|move|p1a: Great Tusk|Rapid Spin|p2a: Alomomola\n|-damage|p2a: Alomomola|67/100\n|-boost|p1a: Great Tusk|spe|1\n|-damage|p1a: Great Tusk|84/100|[from] item: Rocky Helmet|[of] p2a: Alomomola\n|move|p2a: Alomomola|Alluring Voice|p1a: Great Tusk\n|-supereffective|p1a: Great Tusk\n|-damage|p1a: Great Tusk|57/100\n|-start|p1a: Great Tusk|confusion\n|\n|upkeep\n|turn|11\n|\n|t:|1771226592\n|-activate|p1a: Great Tusk|confusion\n|-damage|p1a: Great Tusk|46/100|[from] confusion\n|move|p2a: Alomomola|Flip Turn|p1a: Great Tusk\n|-supereffective|p1a: Great Tusk\n|-damage|p1a: Great Tusk|30/100\n|\n|t:|1771226595\n|switch|p2a: Landorus|Landorus-Therian, M|94/100|[from] Flip Turn\n|-damage|p2a: Landorus|82/100|[from] Stealth Rock\n|-ability|p2a: Landorus|Intimidate|boost\n|-unboost|p1a: Great Tusk|atk|1\n|\n|-heal|p2a: Landorus|88/100|[from] item: Leftovers\n|upkeep\n|turn|12\n|\n|t:|1771226606\n|-end|p1a: Great Tusk|confusion\n|move|p1a: Great Tusk|Ice Spinner|p2a: Landorus\n|-supereffective|p2a: Landorus\n|-damage|p2a: Landorus|0 fnt\n|faint|p2a: Landorus\n|\n|upkeep\n|\n|t:|1771226610\n|switch|p2a: Alomomola|Alomomola, F|99/100\n|-damage|p2a: Alomomola|88/100|[from] Stealth Rock\n|turn|13\n|\n|t:|1771226617\n|move|p1a: Great Tusk|Close Combat|p2a: Alomomola\n|-crit|p2a: Alomomola\n|-damage|p2a: Alomomola|16/100\n|-unboost|p1a: Great Tusk|def|1\n|-unboost|p1a: Great Tusk|spd|1\n|-damage|p1a: Great Tusk|14/100|[from] item: Rocky Helmet|[of] p2a: Alomomola\n|move|p2a: Alomomola|Alluring Voice|p1a: Great Tusk\n|-supereffective|p1a: Great Tusk\n|-damage|p1a: Great Tusk|0 fnt\n|faint|p1a: Great Tusk\n|-end|p1a: Great Tusk|Protosynthesis|[silent]\n|\n|upkeep\n|\n|t:|1771226628\n|switch|p1a: Ogerpon|Ogerpon-Wellspring, F|100/100\n|turn|14\n|\n|t:|1771226634\n|move|p1a: Ogerpon|Substitute|p1a: Ogerpon\n|-start|p1a: Ogerpon|Substitute\n|-damage|p1a: Ogerpon|76/100\n|move|p2a: Alomomola|Alluring Voice|p1a: Ogerpon\n|-damage|p1a: Ogerpon|65/100\n|\n|upkeep\n|turn|15\n|\n|t:|1771226641\n|move|p1a: Ogerpon|Swords Dance|p1a: Ogerpon\n|-boost|p1a: Ogerpon|atk|2\n|move|p2a: Alomomola|Alluring Voice|p1a: Ogerpon\n|-damage|p1a: Ogerpon|54/100\n|-start|p1a: Ogerpon|confusion\n|\n|upkeep\n|turn|16\n|\n|t:|1771226649\n|-activate|p1a: Ogerpon|confusion\n|move|p1a: Ogerpon|Ivy Cudgel|p2a: Alomomola|[anim] Ivy Cudgel Water\n|-resisted|p2a: Alomomola\n|-damage|p2a: Alomomola|0 fnt\n|faint|p2a: Alomomola\n|\n|upkeep\n|\n|t:|1771226652\n|switch|p2a: Zamazenta|Zamazenta|97/100\n|-damage|p2a: Zamazenta|91/100|[from] Stealth Rock\n|turn|17\n|\n|t:|1771226658\n|move|p2a: Zamazenta|Iron Defense|p2a: Zamazenta\n|-boost|p2a: Zamazenta|def|2\n|-activate|p1a: Ogerpon|confusion\n|move|p1a: Ogerpon|Ivy Cudgel|p2a: Zamazenta|[anim] Ivy Cudgel Water\n|-damage|p2a: Zamazenta|48/100\n|\n|-heal|p2a: Zamazenta|54/100|[from] item: Leftovers\n|upkeep\n|turn|18\n|\n|t:|1771226667\n|move|p2a: Zamazenta|Body Press|p1a: Ogerpon\n|-end|p1a: Ogerpon|Substitute\n|-activate|p1a: Ogerpon|confusion\n|-damage|p1a: Ogerpon|22/100|[from] confusion\n|\n|-heal|p2a: Zamazenta|60/100|[from] item: Leftovers\n|upkeep\n|turn|19\n|\n|t:|1771226675\n|move|p2a: Zamazenta|Body Press|p1a: Ogerpon\n|-damage|p1a: Ogerpon|0 fnt\n|faint|p1a: Ogerpon\n|\n|-heal|p2a: Zamazenta|66/100|[from] item: Leftovers\n|upkeep\n|\n|t:|1771226683\n|switch|p1a: Alakazam|Alakazam, F|65/100\n|turn|20\n|\n|t:|1771226689\n|move|p2a: Zamazenta|Crunch|p1a: Alakazam\n|-supereffective|p1a: Alakazam\n|-damage|p1a: Alakazam|0 fnt\n|faint|p1a: Alakazam\n|\n|-heal|p2a: Zamazenta|73/100|[from] item: Leftovers\n|upkeep\n|\n|t:|1771226699\n|switch|p1a: Volcarona|Volcarona, F|100/100\n|turn|21\n|\n|t:|1771226703\n|switch|p2a: Diancie|Diancie|100/100\n|-damage|p2a: Diancie|88/100|[from] Stealth Rock\n|move|p1a: Volcarona|Fire Blast|p2a: Diancie\n|-resisted|p2a: Diancie\n|-damage|p2a: Diancie|48/100\n|-damage|p1a: Volcarona|91/100|[from] item: Life Orb\n|\n|upkeep\n|turn|22\n|\n|t:|1771226713\n|switch|p1a: Landorus|Landorus-Therian, M|74/100\n|-ability|p1a: Landorus|Intimidate|boost\n|-fail|p2a: Diancie|unboost|[from] ability: Clear Body|[of] p2a: Diancie\n|detailschange|p2a: Diancie|Diancie-Mega\n|-mega|p2a: Diancie|Diancie|Diancite\n|move|p2a: Diancie|Diamond Storm|p1a: Landorus\n|-damage|p1a: Landorus|19/100\n|\n|upkeep\n|turn|23\n|\n|t:|1771226724\n|move|p2a: Diancie|Diamond Storm|p1a: Landorus\n|-damage|p1a: Landorus|0 fnt\n|-boost|p2a: Diancie|def|2\n|faint|p1a: Landorus\n|\n|upkeep\n|\n|t:|1771226730\n|switch|p1a: Dragonite|Dragonite, F|100/100\n|turn|24\n|\n|t:|1771226736\n|move|p2a: Diancie|Diamond Storm|p1a: Dragonite\n|-supereffective|p1a: Dragonite\n|-damage|p1a: Dragonite|53/100\n|-boost|p2a: Diancie|def|2\n|move|p1a: Dragonite|Dragon Dance|p1a: Dragonite\n|-boost|p1a: Dragonite|atk|1\n|-boost|p1a: Dragonite|spe|1\n|\n|upkeep\n|turn|25\n|\n|t:|1771226744\n|move|p1a: Dragonite|Earthquake|p2a: Diancie\n|-supereffective|p2a: Diancie\n|-damage|p2a: Diancie|0 fnt\n|faint|p2a: Diancie\n|detailschange|p2: Diancie|Diancie|[silent]\n|\n|upkeep\n|\n|t:|1771226750\n|switch|p2a: Kingambit|Kingambit, M|94/100\n|-damage|p2a: Kingambit|88/100|[from] Stealth Rock\n|-activate|p2a: Kingambit|ability: Supreme Overlord\n|-start|p2a: Kingambit|fallen3|[silent]\n|turn|26\n|\n|t:|1771226756\n|move|p1a: Dragonite|Substitute|p1a: Dragonite\n|-start|p1a: Dragonite|Substitute\n|-damage|p1a: Dragonite|28/100\n|move|p2a: Kingambit|Pursuit|p1a: Dragonite\n|-end|p1a: Dragonite|Substitute\n|\n|upkeep\n|turn|27\n|\n|t:|1771226764\n|move|p1a: Dragonite|Substitute|p1a: Dragonite\n|-start|p1a: Dragonite|Substitute\n|-damage|p1a: Dragonite|3/100\n|move|p2a: Kingambit|Pursuit|p1a: Dragonite\n|-end|p1a: Dragonite|Substitute\n|\n|upkeep\n|turn|28\n|\n|t:|1771226771\n|move|p2a: Kingambit|Sucker Punch|p1a: Dragonite\n|-damage|p1a: Dragonite|0 fnt\n|faint|p1a: Dragonite\n|\n|upkeep\n|\n|t:|1771226776\n|switch|p1a: Volcarona|Volcarona, F|91/100\n|turn|29\n|\n|t:|1771226780\n|move|p1a: Volcarona|Fire Blast|p2a: Kingambit|[miss]\n|-miss|p1a: Volcarona|p2a: Kingambit\n|move|p2a: Kingambit|Pursuit|p1a: Volcarona\n|-damage|p1a: Volcarona|46/100\n|\n|upkeep\n|turn|30\n|\n|t:|1771226790\n|move|p1a: Volcarona|Quiver Dance|p1a: Volcarona\n|-boost|p1a: Volcarona|spa|1\n|-boost|p1a: Volcarona|spd|1\n|-boost|p1a: Volcarona|spe|1\n|move|p2a: Kingambit|Pursuit|p1a: Volcarona\n|-damage|p1a: Volcarona|0 fnt\n|faint|p1a: Volcarona\n|\n|win|yuxia233\n|raw|heimao1's rating: 1752 &rarr; <strong>1723</strong><br />(-29 for losing)\n|raw|yuxia233's rating: 1591 &rarr; <strong>1620</strong><br />(+29 for winning)\n|l|☆yuxia233\n|player|p2|\n|l|☆heimao1\n|player|p1|\n", "uploadtime": 1771226960, "views": 10, "formatid": "gen9nationaldex", "rating": 1620, "private": 0, "password": null}