{"id": "gen9nationaldex-2540520615", "format": "[Gen 9] National Dex", "players": ["jjznb2", "Crsiu"], "log": "|j|☆jjznb2\n|j|☆Crsiu\n|t:|1771212442\n|gametype|singles\n|player|p1|jjznb2|hilda|1672\n|player|p2|Crsiu|n|1647\n|gen|9\n|tier|[Gen 9] National Dex\n|rated|\n|rule|HP Percentage Mod: HP is shown in percentages\n|rule|Endless Battle Clause: Forcing endless battles is banned\n|rule|Species Clause: Limit one of each Pokémon\n|rule|OHKO Clause: OHKO moves are banned\n|rule|Evasion Clause: Evasion abilities, items, and moves are banned\n|rule|Evasion Abilities Clause: Evasion abilities are banned\n|rule|Evasion Items Clause: Evasion items are banned\n|rule|Evasion Moves Clause: Evasion moves are banned\n|rule|Sleep Clause Mod: Limit one foe put to sleep\n|rule|Terastal Clause: You cannot Terastallize\n|clearpoke\n|poke|p1|Scizor, M|\n|poke|p1|Ting-Lu|\n|poke|p1|Raging Bolt|\n|poke|p1|Toxapex, M|\n|poke|p1|Cinderace, F|\n|poke|p1|Corviknight, F|\n|poke|p2|Blaziken, M|\n|poke|p2|Tapu Lele|\n|poke|p2|Iron Treads|\n|poke|p2|Ninetales-Alola, M|\n|poke|p2|Raging Bolt|\n|poke|p2|Ursaluna, F|\n|teampreview\n|inactive|Battle timer is ON: inactive players will automatically lose when time's up. (requested by Crsiu)\n|\n|t:|1771212475\n|teamsize|p1|6\n|teamsize|p2|6\n|start\n|switch|p1a: Scizor|Scizor, M|100/100\n|switch|p2a: Raging Bolt|Raging Bolt|100/100\n|turn|1\n|\n|t:|1771212480\n|switch|p1a: Ting-Lu|Ting-Lu|100/100\n|-ability|p1a: Ting-Lu|Vessel of Ruin\n|move|p2a: Raging Bolt|Draco Meteor|p1a: Ting-Lu\n|-damage|p1a: Ting-Lu|51/100\n|-unboost|p2a: Raging Bolt|spa|2\n|\n|upkeep\n|turn|2\n|\n|t:|1771212487\n|-end|p2a: Raging Bolt|Protosynthesis|[silent]\n|switch|p2a: Iron Treads|Iron Treads|100/100\n|move|p1a: Ting-Lu|Spikes|p2a: Iron Treads\n|-sidestart|p2: Crsiu|Spikes\n|\n|upkeep\n|turn|3\n|\n|t:|1771212492\n|move|p2a: Iron Treads|Rapid Spin|p1a: Ting-Lu\n|-damage|p1a: Ting-Lu|43/100\n|-boost|p2a: Iron Treads|spe|1\n|-damage|p2a: Iron Treads|84/100|[from] item: Rocky Helmet|[of] p1a: Ting-Lu\n|-sideend|p2: Crsiu|Spikes|[from] move: Rapid Spin|[of] p2a: Iron Treads\n|move|p1a: Ting-Lu|Earthquake|p2a: Iron Treads\n|-supereffective|p2a: Iron Treads\n|-damage|p2a: Iron Treads|16/100\n|\n|upkeep\n|turn|4\n|\n|t:|1771212504\n|move|p2a: Iron Treads|Stealth Rock|p1a: Ting-Lu\n|-sidestart|p1: jjznb2|move: Stealth Rock\n|move|p1a: Ting-Lu|Rest|p1a: Ting-Lu\n|-status|p1a: Ting-Lu|slp|[from] move: Rest\n|-heal|p1a: Ting-Lu|100/100 slp|[silent]\n|\n|upkeep\n|turn|5\n|\n|t:|1771212509\n|move|p2a: Iron Treads|Endeavor|p1a: Ting-Lu\n|-damage|p1a: Ting-Lu|11/100 slp\n|-damage|p2a: Iron Treads|0 fnt|[from] item: Rocky Helmet|[of] p1a: Ting-Lu\n|faint|p2a: Iron Treads\n|-end|p2a: Iron Treads|Quark Drive|[silent]\n|cant|p1a: Ting-Lu|slp\n|\n|upkeep\n|\n|t:|1771212524\n|switch|p2a: Ursaluna|Ursaluna, F|100/100\n|turn|6\n|\n|t:|1771212531\n|move|p2a: Ursaluna|Facade|p1a: Ting-Lu\n|-damage|p1a: Ting-Lu|0 fnt\n|-damage|p2a: Ursaluna|84/100|[from] item: Rocky Helmet|[of] p1a: Ting-Lu\n|faint|p1a: Ting-Lu\n|\n|-status|p2a: Ursaluna|brn|[from] item: Flame Orb\n|upkeep\n|\n|t:|1771212534\n|switch|p1a: Corviknight|Corviknight, F|100/100\n|-damage|p1a: Corviknight|88/100|[from] Stealth Rock\n|-ability|p1a: Corviknight|Pressure\n|turn|7\n|\n|t:|1771212536\n|move|p1a: Corviknight|Iron Defense|p1a: Corviknight\n|-boost|p1a: Corviknight|def|2\n|move|p2a: Ursaluna|Fire Punch|p1a: Corviknight\n|-supereffective|p1a: Corviknight\n|-damage|p1a: Corviknight|59/100\n|-damage|p2a: Ursaluna|67/100 brn|[from] item: Rocky Helmet|[of] p1a: Corviknight\n|\n|-damage|p2a: Ursaluna|61/100 brn|[from] brn\n|upkeep\n|turn|8\n|\n|t:|1771212542\n|switch|p2a: Raging Bolt|Raging Bolt|100/100\n|move|p1a: Corviknight|Body Press|p2a: Raging Bolt\n|-damage|p2a: Raging Bolt|62/100\n|\n|upkeep\n|turn|9\n|\n|t:|1771212548\n|switch|p1a: Raging Bolt|Raging Bolt|100/100\n|-damage|p1a: Raging Bolt|88/100|[from] Stealth Rock\n|move|p2a: Raging Bolt|Volt Switch|p1a: Raging Bolt\n|-resisted|p1a: Raging Bolt\n|-damage|p1a: Raging Bolt|74/100\n|\n|t:|1771212553\n|-end|p2a: Raging Bolt|Protosynthesis|[silent]\n|switch|p2a: Ninetales|Ninetales-Alola, M|100/100|[from] Volt Switch\n|-weather|Snowscape|[from] ability: Snow Warning|[of] p2a: Ninetales\n|\n|-weather|Snowscape|[upkeep]\n|-heal|p1a: Raging Bolt|80/100|[from] item: Leftovers\n|upkeep\n|turn|10\n|\n|t:|1771212561\n|switch|p2a: Raging Bolt|Raging Bolt|62/100\n|-end|p1a: Raging Bolt|Protosynthesis|[silent]\n|switch|p1a: Cinderace|Cinderace, F|100/100\n|\n|-weather|Snowscape|[upkeep]\n|upkeep\n|turn|11\n|\n|t:|1771212567\n|move|p1a: Cinderace|U-turn|p2a: Raging Bolt\n|-start|p1a: Cinderace|typechange|Bug|[from] ability: Libero\n|-damage|p2a: Raging Bolt|34/100\n|\n|t:|1771212570\n|switch|p1a: Raging Bolt|Raging Bolt|80/100|[from] U-turn\n|-damage|p1a: Raging Bolt|67/100|[from] Stealth Rock\n|move|p2a: Raging Bolt|Draco Meteor|p1a: Raging Bolt|[miss]\n|-miss|p2a: Raging Bolt|p1a: Raging Bolt\n|\n|-weather|Snowscape|[upkeep]\n|-heal|p1a: Raging Bolt|74/100|[from] item: Leftovers\n|upkeep\n|turn|12\n|\n|t:|1771212579\n|-end|p1a: Raging Bolt|Protosynthesis|[silent]\n|switch|p1a: Toxapex|Toxapex, M|100/100\n|-damage|p1a: Toxapex|88/100|[from] Stealth Rock\n|-end|p2a: Raging Bolt|Protosynthesis|[silent]\n|switch|p2a: Tapu Lele|Tapu Lele|100/100\n|-fieldstart|move: Psychic Terrain|[from] ability: Psychic Surge|[of] p2a: Tapu Lele\n|\n|-weather|Snowscape|[upkeep]\n|-heal|p1a: Toxapex|94/100|[from] item: Black Sludge\n|upkeep\n|turn|13\n|\n|t:|1771212591\n|switch|p1a: Scizor|Scizor, M|100/100\n|-damage|p1a: Scizor|88/100|[from] Stealth Rock\n|move|p2a: Tapu Lele|Psychic|p1a: Scizor\n|-resisted|p1a: Scizor\n|-damage|p1a: Scizor|62/100\n|\n|-weather|none\n|upkeep\n|turn|14\n|\n|t:|1771212595\n|switch|p2a: Raging Bolt|Raging Bolt|34/100\n|detailschange|p1a: Scizor|Scizor-Mega, M\n|-mega|p1a: Scizor|Scizor|Scizorite\n|move|p1a: Scizor|Roost|p1a: Scizor\n|-heal|p1a: Scizor|100/100\n|-singleturn|p1a: Scizor|move: Roost\n|\n|upkeep\n|turn|15\n|\n|t:|1771212602\n|move|p1a: Scizor|Knock Off|p2a: Raging Bolt\n|-damage|p2a: Raging Bolt|6/100\n|-enditem|p2a: Raging Bolt|Choice Specs|[from] move: Knock Off|[of] p1a: Scizor\n|move|p2a: Raging Bolt|Volt Switch|p1a: Scizor\n|-damage|p1a: Scizor|67/100\n|\n|t:|1771212610\n|-end|p2a: Raging Bolt|Protosynthesis|[silent]\n|switch|p2a: Ursaluna|Ursaluna, F|61/100 brn|[from] Volt Switch\n|\n|-damage|p2a: Ursaluna|55/100 brn|[from] brn\n|upkeep\n|turn|16\n|\n|t:|1771212619\n|switch|p1a: Corviknight|Corviknight, F|59/100\n|-damage|p1a: Corviknight|47/100|[from] Stealth Rock\n|-ability|p1a: Corviknight|Pressure\n|move|p2a: Ursaluna|Fire Punch|p1a: Corviknight\n|-supereffective|p1a: Corviknight\n|-damage|p1a: Corviknight|0 fnt\n|-damage|p2a: Ursaluna|38/100 brn|[from] item: Rocky Helmet|[of] p1a: Corviknight\n|faint|p1a: Corviknight\n|\n|-damage|p2a: Ursaluna|32/100 brn|[from] brn\n|-fieldend|move: Psychic Terrain\n|upkeep\n|\n|t:|1771212632\n|switch|p1a: Cinderace|Cinderace, F|100/100\n|turn|17\n|\n|t:|1771212634\n|move|p1a: Cinderace|Pyro Ball|p2a: Ursaluna\n|-damage|p2a: Ursaluna|0 fnt\n|faint|p2a: Ursaluna\n|\n|upkeep\n|\n|t:|1771212643\n|switch|p2a: Tapu Lele|Tapu Lele|100/100\n|-fieldstart|move: Psychic Terrain|[from] ability: Psychic Surge|[of] p2a: Tapu Lele\n|turn|18\n|\n|t:|1771212652\n|switch|p1a: Scizor|Scizor-Mega, M|67/100\n|-damage|p1a: Scizor|55/100|[from] Stealth Rock\n|move|p2a: Tapu Lele|Psychic|p1a: Scizor\n|-resisted|p1a: Scizor\n|-damage|p1a: Scizor|31/100\n|\n|upkeep\n|turn|19\n|\n|t:|1771212665\n|switch|p2a: Blaziken|Blaziken, M, shiny|100/100\n|move|p1a: Scizor|Roost|p1a: Scizor\n|-heal|p1a: Scizor|81/100\n|-singleturn|p1a: Scizor|move: Roost\n|\n|upkeep\n|turn|20\n|\n|t:|1771212668\n|switch|p2a: Raging Bolt|Raging Bolt|6/100\n|switch|p1a: Toxapex|Toxapex, M|100/100\n|-damage|p1a: Toxapex|88/100|[from] Stealth Rock\n|\n|-heal|p1a: Toxapex|94/100|[from] item: Black Sludge\n|upkeep\n|turn|21\n|\n|t:|1771212673\n|switch|p1a: Raging Bolt|Raging Bolt|74/100\n|-damage|p1a: Raging Bolt|61/100|[from] Stealth Rock\n|move|p2a: Raging Bolt|Draco Meteor|p1a: Raging Bolt\n|-supereffective|p1a: Raging Bolt\n|-damage|p1a: Raging Bolt|0 fnt\n|-unboost|p2a: Raging Bolt|spa|2\n|faint|p1a: Raging Bolt\n|-end|p1a: Raging Bolt|Protosynthesis|[silent]\n|\n|upkeep\n|\n|t:|1771212679\n|switch|p1a: Cinderace|Cinderace, F|100/100\n|turn|22\n|\n|t:|1771212682\n|move|p1a: Cinderace|Court Change|p1a: Cinderace\n|-start|p1a: Cinderace|typechange|Normal|[from] ability: Libero\n|-swapsideconditions\n|-activate|p1a: Cinderace|move: Court Change\n|move|p2a: Raging Bolt|Volt Switch|p1a: Cinderace\n|-damage|p1a: Cinderace|70/100\n|\n|t:|1771212699\n|-end|p2a: Raging Bolt|Protosynthesis|[silent]\n|switch|p2a: Blaziken|Blaziken, M, shiny|100/100|[from] Volt Switch\n|-damage|p2a: Blaziken|88/100|[from] Stealth Rock\n|\n|-fieldend|move: Psychic Terrain\n|upkeep\n|turn|23\n|\n|t:|1771212703\n|move|p1a: Cinderace|U-turn|p2a: Blaziken\n|-resisted|p2a: Blaziken\n|-damage|p2a: Blaziken|80/100\n|\n|t:|1771212705\n|switch|p1a: Toxapex|Toxapex, M|100/100|[from] U-turn\n|move|p2a: Blaziken|Swords Dance|p2a: Blaziken\n|-boost|p2a: Blaziken|atk|2\n|\n|-ability|p2a: Blaziken|Speed Boost|boost\n|-boost|p2a: Blaziken|spe|1\n|upkeep\n|turn|24\n|j| Soluc\n|\n|t:|1771212717\n|switch|p2a: Raging Bolt|Raging Bolt|6/100\n|-damage|p2a: Raging Bolt|0 fnt|[from] Stealth Rock\n|faint|p2a: Raging Bolt\n|-end|p2a: Raging Bolt|Protosynthesis|[silent]\n|move|p1a: Toxapex|Scald|p2: Raging Bolt|[notarget]\n|-fail|p1a: Toxapex\n|\n|upkeep\n|\n|t:|1771212724\n|switch|p2a: Ninetales|Ninetales-Alola, M|100/100\n|-damage|p2a: Ninetales|76/100|[from] Stealth Rock\n|-weather|Snowscape|[from] ability: Snow Warning|[of] p2a: Ninetales\n|turn|25\n|\n|t:|1771212730\n|move|p2a: Ninetales|Aurora Veil|p2a: Ninetales\n|-sidestart|p2: Crsiu|move: Aurora Veil\n|move|p1a: Toxapex|Toxic|p2a: Ninetales\n|-status|p2a: Ninetales|tox\n|\n|-weather|Snowscape|[upkeep]\n|-damage|p2a: Ninetales|70/100 tox|[from] psn\n|upkeep\n|turn|26\n|\n|t:|1771212736\n|switch|p2a: Tapu Lele|Tapu Lele|100/100\n|-damage|p2a: Tapu Lele|88/100|[from] Stealth Rock\n|-fieldstart|move: Psychic Terrain|[from] ability: Psychic Surge|[of] p2a: Tapu Lele\n|switch|p1a: Scizor|Scizor-Mega, M|81/100\n|\n|-weather|Snowscape|[upkeep]\n|upkeep\n|turn|27\n|\n|t:|1771212747\n|move|p2a: Tapu Lele|Psychic|p1a: Scizor\n|-resisted|p1a: Scizor\n|-damage|p1a: Scizor|58/100\n|move|p1a: Scizor|Knock Off|p2a: Tapu Lele\n|-damage|p2a: Tapu Lele|66/100\n|-enditem|p2a: Tapu Lele|Choice Scarf|[from] move: Knock Off|[of] p1a: Scizor\n|\n|-weather|Snowscape|[upkeep]\n|upkeep\n|turn|28\n|\n|t:|1771212755\n|switch|p2a: Blaziken|Blaziken, M, shiny|80/100\n|-damage|p2a: Blaziken|67/100|[from] Stealth Rock\n|move|p1a: Scizor|Roost|p1a: Scizor\n|-heal|p1a: Scizor|100/100\n|-singleturn|p1a: Scizor|move: Roost\n|\n|-weather|Snowscape|[upkeep]\n|upkeep\n|turn|29\n|\n|t:|1771212758\n|switch|p2a: Tapu Lele|Tapu Lele|66/100\n|-damage|p2a: Tapu Lele|53/100|[from] Stealth Rock\n|switch|p1a: Toxapex|Toxapex, M|100/100\n|\n|-weather|none\n|upkeep\n|turn|30\n|\n|t:|1771212768\n|switch|p1a: Scizor|Scizor-Mega, M|100/100\n|move|p2a: Tapu Lele|Psyshock|p1a: Scizor\n|-resisted|p1a: Scizor\n|-damage|p1a: Scizor|83/100\n|\n|-fieldend|move: Psychic Terrain\n|upkeep\n|turn|31\n|c|☆Crsiu|这就纯智能匹配\n|c|☆Crsiu|全员防死\n|inactive|Crsiu has 120 seconds left.\n|\n|t:|1771212805\n|move|p2a: Tapu Lele|Focus Blast|p1a: Scizor\n|-damage|p1a: Scizor|48/100\n|move|p1a: Scizor|Knock Off|p2a: Tapu Lele\n|-damage|p2a: Tapu Lele|37/100\n|\n|upkeep\n|turn|32\n|inactive|Crsiu has 120 seconds left.\n|\n|t:|1771212819\n|switch|p2a: Blaziken|Blaziken, M, shiny|67/100\n|-damage|p2a: Blaziken|55/100|[from] Stealth Rock\n|move|p1a: Scizor|Bullet Punch|p2a: Blaziken\n|-resisted|p2a: Blaziken\n|-damage|p2a: Blaziken|43/100\n|\n|-sideend|p2: Crsiu|move: Aurora Veil\n|upkeep\n|turn|33\n|\n|t:|1771212826\n|switch|p2a: Tapu Lele|Tapu Lele|37/100\n|-damage|p2a: Tapu Lele|24/100|[from] Stealth Rock\n|-fieldstart|move: Psychic Terrain|[from] ability: Psychic Surge|[of] p2a: Tapu Lele\n|switch|p1a: Toxapex|Toxapex, M|100/100\n|\n|upkeep\n|turn|34\n|\n|t:|1771212851\n|switch|p1a: Cinderace|Cinderace, F|70/100\n|move|p2a: Tapu Lele|Psychic|p1a: Cinderace\n|-damage|p1a: Cinderace|0 fnt\n|faint|p1a: Cinderace\n|\n|upkeep\n|\n|t:|1771212852\n|switch|p1a: Scizor|Scizor-Mega, M|48/100\n|turn|35\n|\n|t:|1771212872\n|move|p2a: Tapu Lele|Focus Blast|p1a: Scizor\n|-damage|p1a: Scizor|18/100\n|move|p1a: Scizor|Roost|p1a: Scizor\n|-heal|p1a: Scizor|68/100\n|-singleturn|p1a: Scizor|move: Roost\n|\n|upkeep\n|turn|36\n|\n|t:|1771212880\n|switch|p2a: Ninetales|Ninetales-Alola, M|70/100 tox\n|-damage|p2a: Ninetales|45/100 tox|[from] Stealth Rock\n|-weather|Snowscape|[from] ability: Snow Warning|[of] p2a: Ninetales\n|move|p1a: Scizor|Roost|p1a: Scizor\n|-heal|p1a: Scizor|100/100\n|-singleturn|p1a: Scizor|move: Roost\n|\n|-weather|Snowscape|[upkeep]\n|-damage|p2a: Ninetales|39/100 tox|[from] psn\n|upkeep\n|turn|37\n|\n|t:|1771212887\n|move|p2a: Ninetales|Encore|p1a: Scizor\n|-start|p1a: Scizor|Encore\n|move|p1a: Scizor|Roost||[still]\n|-fail|p1a: Scizor|heal\n|\n|-weather|Snowscape|[upkeep]\n|-damage|p2a: Ninetales|26/100 tox|[from] psn\n|-fieldend|move: Psychic Terrain\n|upkeep\n|turn|38\n|\n|t:|1771212893\n|switch|p1a: Toxapex|Toxapex, M|100/100\n|move|p2a: Ninetales|Aurora Veil|p2a: Ninetales\n|-sidestart|p2: Crsiu|move: Aurora Veil\n|\n|-weather|Snowscape|[upkeep]\n|-damage|p2a: Ninetales|8/100 tox|[from] psn\n|upkeep\n|turn|39\n|\n|t:|1771212899\n|switch|p1a: Scizor|Scizor-Mega, M|100/100\n|move|p2a: Ninetales|Freeze-Dry|p1a: Scizor\n|-resisted|p1a: Scizor\n|-damage|p1a: Scizor|93/100\n|\n|-weather|Snowscape|[upkeep]\n|-damage|p2a: Ninetales|0 fnt|[from] psn\n|faint|p2a: Ninetales\n|upkeep\n|\n|t:|1771212904\n|switch|p2a: Blaziken|Blaziken, M, shiny|43/100\n|-damage|p2a: Blaziken|31/100|[from] Stealth Rock\n|turn|40\n|\n|t:|1771212906\n|switch|p2a: Tapu Lele|Tapu Lele|24/100\n|-damage|p2a: Tapu Lele|12/100|[from] Stealth Rock\n|-fieldstart|move: Psychic Terrain|[from] ability: Psychic Surge|[of] p2a: Tapu Lele\n|switch|p1a: Toxapex|Toxapex, M|100/100\n|\n|-weather|none\n|upkeep\n|turn|41\n|\n|t:|1771212915\n|switch|p1a: Scizor|Scizor-Mega, M|93/100\n|move|p2a: Tapu Lele|Focus Blast|p1a: Scizor\n|-damage|p1a: Scizor|60/100\n|\n|upkeep\n|turn|42\n|\n|t:|1771212941\n|move|p2a: Tapu Lele|Psychic|p1a: Scizor\n|-resisted|p1a: Scizor\n|-damage|p1a: Scizor|38/100\n|move|p1a: Scizor|Roost|p1a: Scizor\n|-heal|p1a: Scizor|88/100\n|-singleturn|p1a: Scizor|move: Roost\n|\n|upkeep\n|turn|43\n|\n|t:|1771212946\n|move|p2a: Tapu Lele|Focus Blast|p1a: Scizor|[miss]\n|-miss|p2a: Tapu Lele|p1a: Scizor\n|move|p1a: Scizor|Knock Off|p2a: Tapu Lele\n|-damage|p2a: Tapu Lele|0 fnt\n|faint|p2a: Tapu Lele\n|\n|upkeep\n|\n|t:|1771212948\n|switch|p2a: Blaziken|Blaziken, M, shiny|31/100\n|-damage|p2a: Blaziken|19/100|[from] Stealth Rock\n|turn|44\n|\n|t:|1771212950\n|switch|p1a: Toxapex|Toxapex, M|100/100\n|move|p2a: Blaziken|Swords Dance|p2a: Blaziken\n|-boost|p2a: Blaziken|atk|2\n|\n|-fieldend|move: Psychic Terrain\n|-ability|p2a: Blaziken|Speed Boost|boost\n|-boost|p2a: Blaziken|spe|1\n|upkeep\n|turn|45\n|\n|t:|1771212954\n|move|p2a: Blaziken|Endure|p2a: Blaziken\n|-singleturn|p2a: Blaziken|move: Endure\n|move|p1a: Toxapex|Scald|p2a: Blaziken\n|-supereffective|p2a: Blaziken\n|-activate|p2a: Blaziken|move: Endure\n|-damage|p2a: Blaziken|1/100\n|\n|-sideend|p2: Crsiu|move: Aurora Veil\n|-ability|p2a: Blaziken|Speed Boost|boost\n|-boost|p2a: Blaziken|spe|1\n|upkeep\n|turn|46\n|\n|t:|1771212958\n|move|p2a: Blaziken|Reversal|p1a: Toxapex\n|-resisted|p1a: Toxapex\n|-damage|p1a: Toxapex|20/100\n|move|p1a: Toxapex|Toxic|p2a: Blaziken\n|-status|p2a: Blaziken|tox\n|\n|-heal|p1a: Toxapex|26/100|[from] item: Black Sludge\n|-damage|p2a: Blaziken|0 fnt|[from] psn\n|faint|p2a: Blaziken\n|\n|win|jjznb2\n|raw|jjznb2's rating: 1672 &rarr; <strong>1691</strong><br />(+19 for winning)\n|raw|Crsiu's rating: 1647 &rarr; <strong>1628</strong><br />(-19 for losing)\n|l|☆jjznb2\n|player|p1|\n|l|☆Crsiu\n|player|p2|\n|l| Soluc\n", "uploadtime": 1771213210, "views": 5, "formatid": "gen9nationaldex", "rating": 1628, "private": 0, "password": null}