{"id": "gen9nationaldex-2540569065", "format": "[Gen 9] National Dex", "players": ["lesessais", "Ichigxo"], "log": "|j|☆lesessais\n|j|☆Ichigxo\n|t:|1771219491\n|gametype|singles\n|player|p1|lesessais|2|1544\n|player|p2|Ichigxo|cynthia-gen4|1488\n|gen|9\n|tier|[Gen 9] National Dex\n|rated|\n|rule|HP Percentage Mod: HP is shown in percentages\n|rule|Endless Battle Clause: Forcing endless battles is banned\n|rule|Species Clause: Limit one of each Pokémon\n|rule|OHKO Clause: OHKO moves are banned\n|rule|Evasion Clause: Evasion abilities, items, and moves are banned\n|rule|Evasion Abilities Clause: Evasion abilities are banned\n|rule|Evasion Items Clause: Evasion items are banned\n|rule|Evasion Moves Clause: Evasion moves are banned\n|rule|Sleep Clause Mod: Limit one foe put to sleep\n|rule|Terastal Clause: You cannot Terastallize\n|clearpoke\n|poke|p1|Venusaur, F|\n|poke|p1|Alomomola, L99, M|\n|poke|p1|Ting-Lu|\n|poke|p1|Gholdengo|\n|poke|p1|Zamazenta-*|\n|poke|p1|Moltres|\n|poke|p2|Lopunny, F|\n|poke|p2|Ting-Lu|\n|poke|p2|Melmetal|\n|poke|p2|Zapdos|\n|poke|p2|Tapu Koko|\n|poke|p2|Iron Valiant|\n|teampreview\n|inactive|Battle timer is ON: inactive players will automatically lose when time's up. (requested by lesessais)\n|\n|t:|1771219527\n|teamsize|p1|6\n|teamsize|p2|6\n|start\n|switch|p1a: dracula|Ting-Lu|100/100\n|switch|p2a: Zapdos|Zapdos|100/100\n|-ability|p1a: dracula|Vessel of Ruin\n|turn|1\n|\n|t:|1771219541\n|switch|p2a: Ting-Lu|Ting-Lu|100/100\n|-ability|p2a: Ting-Lu|Vessel of Ruin\n|move|p1a: dracula|Stealth Rock|p2a: Ting-Lu\n|-sidestart|p2: Ichigxo|move: Stealth Rock\n|\n|upkeep\n|turn|2\n|\n|t:|1771219557\n|move|p2a: Ting-Lu|Stealth Rock|p1a: dracula\n|-sidestart|p1: lesessais|move: Stealth Rock\n|move|p1a: dracula|Whirlwind|p2a: Ting-Lu\n|drag|p2a: Iron Valiant|Iron Valiant, shiny|100/100\n|-damage|p2a: Iron Valiant|94/100|[from] Stealth Rock\n|\n|upkeep\n|turn|3\n|inactive|lesessais has 120 seconds left.\n|\n|t:|1771219594\n|switch|p1a: spookycooke|Gholdengo|100/100\n|-damage|p1a: spookycooke|94/100|[from] Stealth Rock\n|move|p2a: Iron Valiant|Moonblast|p1a: spookycooke\n|-resisted|p1a: spookycooke\n|-crit|p1a: spookycooke\n|-damage|p1a: spookycooke|43/100\n|\n|upkeep\n|turn|4\n|\n|t:|1771219603\n|-end|p2a: Iron Valiant|Quark Drive|[silent]\n|switch|p2a: Ting-Lu|Ting-Lu|100/100\n|-damage|p2a: Ting-Lu|94/100|[from] Stealth Rock\n|-ability|p2a: Ting-Lu|Vessel of Ruin\n|move|p1a: spookycooke|Recover|p1a: spookycooke\n|-heal|p1a: spookycooke|93/100\n|\n|-heal|p2a: Ting-Lu|100/100|[from] item: Leftovers\n|upkeep\n|turn|5\n|\n|t:|1771219609\n|move|p1a: spookycooke|Nasty Plot|p1a: spookycooke\n|-boost|p1a: spookycooke|spa|2\n|move|p2a: Ting-Lu|Ruination|p1a: spookycooke\n|-damage|p1a: spookycooke|47/100\n|\n|upkeep\n|turn|6\n|\n|t:|1771219612\n|move|p1a: spookycooke|Focus Blast|p2a: Ting-Lu\n|-supereffective|p2a: Ting-Lu\n|-damage|p2a: Ting-Lu|39/100\n|move|p2a: Ting-Lu|Earthquake|p1a: spookycooke\n|-supereffective|p1a: spookycooke\n|-damage|p1a: spookycooke|0 fnt\n|faint|p1a: spookycooke\n|\n|-heal|p2a: Ting-Lu|46/100|[from] item: Leftovers\n|upkeep\n|\n|t:|1771219625\n|switch|p1a: On my MAMA|Zamazenta|100/100\n|-damage|p1a: On my MAMA|94/100|[from] Stealth Rock\n|-ability|p1a: On my MAMA|Dauntless Shield|boost\n|-boost|p1a: On my MAMA|def|1\n|turn|7\n|\n|t:|1771219631\n|move|p1a: On my MAMA|Ice Fang|p2a: Ting-Lu\n|-supereffective|p2a: Ting-Lu\n|-damage|p2a: Ting-Lu|12/100\n|move|p2a: Ting-Lu|Ruination|p1a: On my MAMA\n|-damage|p1a: On my MAMA|48/100\n|\n|-heal|p2a: Ting-Lu|19/100|[from] item: Leftovers\n|upkeep\n|turn|8\n|\n|t:|1771219639\n|move|p1a: On my MAMA|Ice Fang|p2a: Ting-Lu\n|-supereffective|p2a: Ting-Lu\n|-damage|p2a: Ting-Lu|0 fnt\n|faint|p2a: Ting-Lu\n|\n|upkeep\n|\n|t:|1771219645\n|switch|p2a: Tapu Koko|Tapu Koko|100/100\n|-damage|p2a: Tapu Koko|88/100|[from] Stealth Rock\n|-fieldstart|move: Electric Terrain|[from] ability: Electric Surge|[of] p2a: Tapu Koko\n|-item|p2a: Tapu Koko|Air Balloon\n|turn|9\n|\n|t:|1771219651\n|switch|p1a: dracula|Ting-Lu|100/100\n|-damage|p1a: dracula|94/100|[from] Stealth Rock\n|-ability|p1a: dracula|Vessel of Ruin\n|move|p2a: Tapu Koko|Toxic|p1a: dracula\n|-status|p1a: dracula|tox\n|\n|-heal|p1a: dracula|100/100 tox|[from] item: Leftovers\n|-damage|p1a: dracula|94/100 tox|[from] psn\n|upkeep\n|turn|10\n|\n|t:|1771219662\n|move|p2a: Tapu Koko|U-turn|p1a: dracula\n|-supereffective|p1a: dracula\n|-damage|p1a: dracula|77/100 tox\n|\n|t:|1771219679\n|switch|p2a: Lopunny|Lopunny, F|100/100|[from] U-turn\n|-damage|p2a: Lopunny|88/100|[from] Stealth Rock\n|move|p1a: dracula|Ruination|p2a: Lopunny\n|-damage|p2a: Lopunny|44/100\n|\n|-heal|p1a: dracula|83/100 tox|[from] item: Leftovers\n|-damage|p1a: dracula|71/100 tox|[from] psn\n|upkeep\n|turn|11\n|\n|t:|1771219687\n|switch|p2a: Zapdos|Zapdos|100/100\n|switch|p1a: bird up|Moltres|100/100\n|\n|upkeep\n|turn|12\n|inactive|lesessais has 120 seconds left.\n|\n|t:|1771219740\n|move|p2a: Zapdos|Hurricane|p1a: bird up\n|-damage|p1a: bird up|63/100\n|-start|p1a: bird up|confusion\n|-activate|p1a: bird up|confusion\n|move|p1a: bird up|Flamethrower|p2a: Zapdos\n|-damage|p2a: Zapdos|64/100\n|\n|upkeep\n|turn|13\n|inactive|lesessais has 90 seconds left.\n|\n|t:|1771219769\n|switch|p1a: dracula|Ting-Lu|71/100 tox\n|-damage|p1a: dracula|65/100 tox|[from] Stealth Rock\n|-ability|p1a: dracula|Vessel of Ruin\n|move|p2a: Zapdos|Roost|p2a: Zapdos\n|-heal|p2a: Zapdos|100/100\n|-singleturn|p2a: Zapdos|move: Roost\n|\n|-heal|p1a: dracula|71/100 tox|[from] item: Leftovers\n|-damage|p1a: dracula|65/100 tox|[from] psn\n|-fieldend|move: Electric Terrain\n|upkeep\n|turn|14\n|\n|t:|1771219777\n|move|p2a: Zapdos|Hidden Power|p1a: dracula\n|-supereffective|p1a: dracula\n|-damage|p1a: dracula|50/100 tox\n|move|p1a: dracula|Whirlwind|p2a: Zapdos\n|drag|p2a: Melmetal|Melmetal|100/100\n|-damage|p2a: Melmetal|94/100|[from] Stealth Rock\n|\n|-heal|p1a: dracula|56/100 tox|[from] item: Leftovers\n|-damage|p1a: dracula|43/100 tox|[from] psn\n|upkeep\n|turn|15\n|\n|t:|1771219784\n|switch|p1a: bird up|Moltres|63/100\n|switch|p2a: Zapdos|Zapdos|100/100\n|\n|upkeep\n|turn|16\n|inactive|lesessais has 90 seconds left.\n|\n|t:|1771219809\n|move|p2a: Zapdos|Volt Switch|p1a: bird up\n|-supereffective|p1a: bird up\n|-damage|p1a: bird up|20/100\n|\n|t:|1771219819\n|switch|p2a: Lopunny|Lopunny, F|44/100|[from] Volt Switch\n|-damage|p2a: Lopunny|32/100|[from] Stealth Rock\n|move|p1a: bird up|Toxic|p2a: Lopunny\n|-status|p2a: Lopunny|tox\n|\n|-damage|p2a: Lopunny|26/100 tox|[from] psn\n|upkeep\n|turn|17\n|\n|t:|1771219827\n|switch|p1a: gugu gaga bitch|Alomomola, L99, M|100/100\n|detailschange|p2a: Lopunny|Lopunny-Mega, F\n|-mega|p2a: Lopunny|Lopunny|Lopunnite\n|move|p2a: Lopunny|Frustration|p1a: gugu gaga bitch\n|-damage|p1a: gugu gaga bitch|67/100\n|\n|-damage|p2a: Lopunny|15/100 tox|[from] psn\n|upkeep\n|turn|18\n|\n|t:|1771219831\n|move|p2a: Lopunny|Close Combat|p1a: gugu gaga bitch\n|-damage|p1a: gugu gaga bitch|28/100\n|-unboost|p2a: Lopunny|def|1\n|-unboost|p2a: Lopunny|spd|1\n|move|p1a: gugu gaga bitch|Wish|p1a: gugu gaga bitch\n|\n|-damage|p2a: Lopunny|0 fnt|[from] psn\n|faint|p2a: Lopunny\n|detailschange|p2: Lopunny|Lopunny, F|[silent]\n|upkeep\n|\n|t:|1771219839\n|switch|p2a: Tapu Koko|Tapu Koko|88/100\n|-damage|p2a: Tapu Koko|76/100|[from] Stealth Rock\n|-fieldstart|move: Electric Terrain|[from] ability: Electric Surge|[of] p2a: Tapu Koko\n|-item|p2a: Tapu Koko|Air Balloon\n|turn|19\n|\n|t:|1771219845\n|switch|p1a: dracula|Ting-Lu|43/100 tox\n|-damage|p1a: dracula|37/100 tox|[from] Stealth Rock\n|-ability|p1a: dracula|Vessel of Ruin\n|move|p2a: Tapu Koko|Thunderbolt|p1a: dracula\n|-immune|p1a: dracula\n|\n|-heal|p1a: dracula|83/100 tox|[from] move: Wish|[wisher] gugu gaga bitch\n|-heal|p1a: dracula|89/100 tox|[from] item: Leftovers\n|-damage|p1a: dracula|83/100 tox|[from] psn\n|upkeep\n|turn|20\n|\n|t:|1771219851\n|move|p2a: Tapu Koko|U-turn|p1a: dracula\n|-supereffective|p1a: dracula\n|-damage|p1a: dracula|64/100 tox\n|\n|t:|1771219854\n|switch|p2a: Zapdos|Zapdos|100/100|[from] U-turn\n|move|p1a: dracula|Whirlwind|p2a: Zapdos\n|drag|p2a: Melmetal|Melmetal|94/100\n|-damage|p2a: Melmetal|88/100|[from] Stealth Rock\n|\n|-heal|p1a: dracula|70/100 tox|[from] item: Leftovers\n|-damage|p1a: dracula|58/100 tox|[from] psn\n|upkeep\n|turn|21\n|\n|t:|1771219862\n|switch|p1a: bird up|Moltres|20/100\n|move|p2a: Melmetal|Ice Punch|p1a: bird up\n|-damage|p1a: bird up|0 fnt\n|faint|p1a: bird up\n|\n|upkeep\n|\n|t:|1771219872\n|switch|p1a: gugu gaga bitch|Alomomola, L99, M|61/100\n|turn|22\n|\n|t:|1771219882\n|move|p1a: gugu gaga bitch|Wish|p1a: gugu gaga bitch\n|move|p2a: Melmetal|Thunder Punch|p1a: gugu gaga bitch\n|-supereffective|p1a: gugu gaga bitch\n|-damage|p1a: gugu gaga bitch|0 fnt\n|faint|p1a: gugu gaga bitch\n|\n|upkeep\n|\n|t:|1771219889\n|switch|p1a: DaWaysOfALoner|Venusaur, F|100/100\n|-damage|p1a: DaWaysOfALoner|88/100|[from] Stealth Rock\n|turn|23\n|\n|t:|1771219894\n|detailschange|p1a: DaWaysOfALoner|Venusaur-Mega, F\n|-mega|p1a: DaWaysOfALoner|Venusaur|Venusaurite\n|move|p1a: DaWaysOfALoner|Sludge Bomb|p2a: Melmetal\n|-immune|p2a: Melmetal\n|move|p2a: Melmetal|Double Iron Bash|p1a: DaWaysOfALoner\n|-damage|p1a: DaWaysOfALoner|54/100\n|-damage|p1a: DaWaysOfALoner|19/100\n|-hitcount|p1a: DaWaysOfALoner|2\n|\n|-heal|p1a: DaWaysOfALoner|84/100|[from] move: Wish|[wisher] gugu gaga bitch\n|-fieldend|move: Electric Terrain\n|upkeep\n|turn|24\n|\n|t:|1771219904\n|move|p1a: DaWaysOfALoner|Earth Power|p2a: Melmetal\n|-supereffective|p2a: Melmetal\n|-damage|p2a: Melmetal|48/100\n|move|p2a: Melmetal|Double Iron Bash|p1a: DaWaysOfALoner\n|-damage|p1a: DaWaysOfALoner|47/100\n|-damage|p1a: DaWaysOfALoner|11/100\n|-hitcount|p1a: DaWaysOfALoner|2\n|\n|upkeep\n|turn|25\n|\n|t:|1771219909\n|move|p1a: DaWaysOfALoner|Earth Power|p2a: Melmetal\n|-supereffective|p2a: Melmetal\n|-damage|p2a: Melmetal|2/100\n|move|p2a: Melmetal|Double Iron Bash|p1a: DaWaysOfALoner\n|-damage|p1a: DaWaysOfALoner|0 fnt\n|faint|p1a: DaWaysOfALoner\n|detailschange|p1: DaWaysOfALoner|Venusaur, F|[silent]\n|-hitcount|p1: DaWaysOfALoner|1\n|\n|upkeep\n|-message|lesessais forfeited.\n|\n|win|Ichigxo\n|raw|lesessais's rating: 1544 &rarr; <strong>1521</strong><br />(-23 for losing)\n|raw|Ichigxo's rating: 1488 &rarr; <strong>1511</strong><br />(+23 for winning)\n|l|☆lesessais\n|player|p1|\n|l|☆Ichigxo\n|player|p2|\n", "uploadtime": 1771220209, "views": 8, "formatid": "gen9nationaldex", "rating": 1511, "private": 0, "password": null}