{"id": "gen9nationaldex-2540881756", "format": "[Gen 9] National Dex", "players": ["Pursuit Of Perfect", "he898"], "log": "|j|☆Pursuit Of Perfect\n|j|☆he898\n|t:|1771263530\n|gametype|singles\n|player|p1|Pursuit Of Perfect|lucy|1644\n|player|p2|he898|ghetsis-gen5bw|1603\n|gen|9\n|tier|[Gen 9] National Dex\n|rated|\n|rule|HP Percentage Mod: HP is shown in percentages\n|rule|Endless Battle Clause: Forcing endless battles is banned\n|rule|Species Clause: Limit one of each Pokémon\n|rule|OHKO Clause: OHKO moves are banned\n|rule|Evasion Clause: Evasion abilities, items, and moves are banned\n|rule|Evasion Abilities Clause: Evasion abilities are banned\n|rule|Evasion Items Clause: Evasion items are banned\n|rule|Evasion Moves Clause: Evasion moves are banned\n|rule|Sleep Clause Mod: Limit one foe put to sleep\n|rule|Terastal Clause: You cannot Terastallize\n|clearpoke\n|poke|p1|Ferrothorn, F|\n|poke|p1|Hippowdon, M|\n|poke|p1|Sharpedo, F|\n|poke|p1|Salamence, M|\n|poke|p1|Bronzong|\n|poke|p1|Iron Valiant|\n|poke|p2|Gyarados, M|\n|poke|p2|Dragonite, M|\n|poke|p2|Iron Treads|\n|poke|p2|Okidogi, M|\n|poke|p2|Ceruledge, M|\n|poke|p2|Serperior, M|\n|teampreview\n|\n|t:|1771263554\n|teamsize|p1|6\n|teamsize|p2|6\n|start\n|switch|p1a: Iron Valiant|Iron Valiant|100/100\n|switch|p2a: Serperior|Serperior, M|100/100\n|turn|1\n|\n|t:|1771263560\n|move|p1a: Iron Valiant|Focus Blast|p2a: Serperior\n|-damage|p2a: Serperior|0 fnt\n|faint|p2a: Serperior\n|\n|upkeep\n|\n|t:|1771263565\n|switch|p2a: Ceruledge|Ceruledge, M|100/100\n|turn|2\n|\n|t:|1771263570\n|-end|p1a: Iron Valiant|Quark Drive|[silent]\n|switch|p1a: Hippowdon|Hippowdon, M|100/100\n|-weather|Sandstorm|[from] ability: Sand Stream|[of] p1a: Hippowdon\n|move|p2a: Ceruledge|Poltergeist|p1a: Hippowdon\n|-activate|p1a: Hippowdon|move: Poltergeist|Leftovers\n|-damage|p1a: Hippowdon|63/100\n|\n|-weather|Sandstorm|[upkeep]\n|-damage|p2a: Ceruledge|94/100|[from] Sandstorm\n|-heal|p1a: Hippowdon|69/100|[from] item: Leftovers\n|upkeep\n|turn|3\n|\n|t:|1771263576\n|switch|p2a: Gyarados|Gyarados, M|100/100\n|-ability|p2a: Gyarados|Intimidate|boost\n|-unboost|p1a: Hippowdon|atk|1\n|move|p1a: Hippowdon|Slack Off|p1a: Hippowdon\n|-heal|p1a: Hippowdon|100/100\n|\n|-weather|Sandstorm|[upkeep]\n|-damage|p2a: Gyarados|94/100|[from] Sandstorm\n|upkeep\n|turn|4\n|\n|t:|1771263591\n|switch|p2a: Okidogi|Okidogi, M|100/100\n|switch|p1a: Ferrothorn|Ferrothorn, F|100/100\n|\n|-weather|Sandstorm|[upkeep]\n|-damage|p2a: Okidogi|94/100|[from] Sandstorm\n|-heal|p2a: Okidogi|100/100|[from] item: Black Sludge\n|upkeep\n|turn|5\n|\n|t:|1771263597\n|switch|p1a: Salamence|Salamence, M|100/100\n|-ability|p1a: Salamence|Intimidate|boost\n|-ability|p2a: Okidogi|Guard Dog|boost\n|-boost|p2a: Okidogi|atk|1\n|move|p2a: Okidogi|Bulk Up|p2a: Okidogi\n|-boost|p2a: Okidogi|atk|1\n|-boost|p2a: Okidogi|def|1\n|\n|-weather|Sandstorm|[upkeep]\n|-damage|p1a: Salamence|94/100|[from] Sandstorm\n|-damage|p2a: Okidogi|94/100|[from] Sandstorm\n|-heal|p2a: Okidogi|100/100|[from] item: Black Sludge\n|upkeep\n|turn|6\n|\n|t:|1771263601\n|move|p1a: Salamence|Hurricane|p2a: Okidogi|[miss]\n|-miss|p1a: Salamence|p2a: Okidogi\n|move|p2a: Okidogi|Ice Punch|p1a: Salamence\n|-supereffective|p1a: Salamence\n|-damage|p1a: Salamence|0 fnt\n|faint|p1a: Salamence\n|\n|-weather|none\n|upkeep\n|\n|t:|1771263604\n|switch|p1a: Bronzong|Bronzong|100/100\n|turn|7\n|\n|t:|1771263610\n|move|p2a: Okidogi|Drain Punch|p1a: Bronzong\n|-damage|p1a: Bronzong|36/100\n|move|p1a: Bronzong|Psychic Noise|p2a: Okidogi\n|-supereffective|p2a: Okidogi\n|-damage|p2a: Okidogi|30/100\n|-start|p2a: Okidogi|move: Heal Block\n|\n|-heal|p1a: Bronzong|42/100|[from] item: Leftovers\n|upkeep\n|turn|8\n|\n|t:|1771263618\n|move|p2a: Okidogi|Ice Punch|p1a: Bronzong\n|-resisted|p1a: Bronzong\n|-damage|p1a: Bronzong|21/100\n|move|p1a: Bronzong|Psychic Noise|p2a: Okidogi\n|-supereffective|p2a: Okidogi\n|-damage|p2a: Okidogi|0 fnt\n|faint|p2a: Okidogi\n|\n|-heal|p1a: Bronzong|27/100|[from] item: Leftovers\n|upkeep\n|\n|t:|1771263628\n|switch|p2a: Gyarados|Gyarados, M|94/100\n|-ability|p2a: Gyarados|Intimidate|boost\n|-unboost|p1a: Bronzong|atk|1\n|turn|9\n|\n|t:|1771263635\n|switch|p1a: Ferrothorn|Ferrothorn, F|100/100\n|detailschange|p2a: Gyarados|Gyarados-Mega, M\n|-mega|p2a: Gyarados|Gyarados|Gyaradosite\n|-ability|p2a: Gyarados|Mold Breaker\n|move|p2a: Gyarados|Crunch|p1a: Ferrothorn\n|-damage|p1a: Ferrothorn|67/100\n|-damage|p2a: Gyarados|82/100|[from] ability: Iron Barbs|[of] p1a: Ferrothorn\n|\n|-heal|p1a: Ferrothorn|73/100|[from] item: Leftovers\n|upkeep\n|turn|10\n|\n|t:|1771263640\n|switch|p2a: Ceruledge|Ceruledge, M|94/100\n|move|p1a: Ferrothorn|Leech Seed|p2a: Ceruledge\n|-start|p2a: Ceruledge|move: Leech Seed\n|\n|-heal|p1a: Ferrothorn|79/100|[from] item: Leftovers\n|-damage|p2a: Ceruledge|82/100|[from] Leech Seed|[of] p1a: Ferrothorn\n|-heal|p1a: Ferrothorn|90/100|[silent]\n|upkeep\n|turn|11\n|\n|t:|1771263651\n|switch|p2a: Iron Treads|Iron Treads|100/100\n|switch|p1a: Hippowdon|Hippowdon, M|100/100\n|-weather|Sandstorm|[from] ability: Sand Stream|[of] p1a: Hippowdon\n|\n|-weather|Sandstorm|[upkeep]\n|upkeep\n|turn|12\n|\n|t:|1771263657\n|move|p2a: Iron Treads|Stealth Rock|p1a: Hippowdon\n|-sidestart|p1: Pursuit Of Perfect|move: Stealth Rock\n|move|p1a: Hippowdon|Earthquake|p2a: Iron Treads\n|-supereffective|p2a: Iron Treads\n|-damage|p2a: Iron Treads|33/100\n|\n|-weather|Sandstorm|[upkeep]\n|upkeep\n|turn|13\n|\n|t:|1771263663\n|move|p2a: Iron Treads|Earthquake|p1a: Hippowdon\n|-damage|p1a: Hippowdon|70/100\n|move|p1a: Hippowdon|Stealth Rock|p2a: Iron Treads\n|-sidestart|p2: he898|move: Stealth Rock\n|\n|-weather|Sandstorm|[upkeep]\n|-heal|p1a: Hippowdon|76/100|[from] item: Leftovers\n|upkeep\n|turn|14\n|\n|t:|1771263667\n|move|p2a: Iron Treads|Rapid Spin|p1a: Hippowdon\n|-damage|p1a: Hippowdon|65/100\n|-boost|p2a: Iron Treads|spe|1\n|-sideend|p2: he898|Stealth Rock|[from] move: Rapid Spin|[of] p2a: Iron Treads\n|move|p1a: Hippowdon|Earthquake|p2a: Iron Treads\n|-supereffective|p2a: Iron Treads\n|-damage|p2a: Iron Treads|0 fnt\n|faint|p2a: Iron Treads\n|-end|p2a: Iron Treads|Quark Drive|[silent]\n|\n|-weather|Sandstorm|[upkeep]\n|-heal|p1a: Hippowdon|71/100|[from] item: Leftovers\n|upkeep\n|\n|t:|1771263674\n|switch|p2a: Gyarados|Gyarados-Mega, M|82/100\n|-ability|p2a: Gyarados|Mold Breaker\n|turn|15\n|\n|t:|1771263677\n|switch|p1a: Ferrothorn|Ferrothorn, F|90/100\n|-damage|p1a: Ferrothorn|83/100|[from] Stealth Rock\n|move|p2a: Gyarados|Dragon Dance|p2a: Gyarados\n|-boost|p2a: Gyarados|atk|1\n|-boost|p2a: Gyarados|spe|1\n|\n|-weather|none\n|-heal|p1a: Ferrothorn|90/100|[from] item: Leftovers\n|upkeep\n|turn|16\n|\n|t:|1771263681\n|move|p2a: Gyarados|Crunch|p1a: Ferrothorn\n|-damage|p1a: Ferrothorn|38/100\n|-damage|p2a: Gyarados|70/100|[from] ability: Iron Barbs|[of] p1a: Ferrothorn\n|move|p1a: Ferrothorn|Power Whip|p2a: Gyarados|[miss]\n|-miss|p1a: Ferrothorn|p2a: Gyarados\n|\n|-heal|p1a: Ferrothorn|44/100|[from] item: Leftovers\n|upkeep\n|turn|17\n|\n|t:|1771263688\n|move|p2a: Gyarados|Crunch|p1a: Ferrothorn\n|-damage|p1a: Ferrothorn|0 fnt\n|-damage|p2a: Gyarados|57/100|[from] ability: Iron Barbs|[of] p1a: Ferrothorn\n|faint|p1a: Ferrothorn\n|\n|upkeep\n|\n|t:|1771263692\n|switch|p1a: Iron Valiant|Iron Valiant|100/100\n|-damage|p1a: Iron Valiant|94/100|[from] Stealth Rock\n|turn|18\n|\n|t:|1771263696\n|switch|p2a: Ceruledge|Ceruledge, M|82/100\n|move|p1a: Iron Valiant|Vacuum Wave|p2a: Ceruledge\n|-immune|p2a: Ceruledge\n|\n|upkeep\n|turn|19\n|\n|t:|1771263700\n|-end|p1a: Iron Valiant|Quark Drive|[silent]\n|switch|p1a: Bronzong|Bronzong|27/100\n|-damage|p1a: Bronzong|21/100|[from] Stealth Rock\n|move|p2a: Ceruledge|Swords Dance|p2a: Ceruledge\n|-boost|p2a: Ceruledge|atk|2\n|\n|-heal|p1a: Bronzong|27/100|[from] item: Leftovers\n|upkeep\n|turn|20\n|\n|t:|1771263702\n|move|p2a: Ceruledge|Shadow Sneak|p1a: Bronzong\n|-supereffective|p1a: Bronzong\n|-damage|p1a: Bronzong|0 fnt\n|faint|p1a: Bronzong\n|\n|upkeep\n|\n|t:|1771263704\n|switch|p1a: Sharpedo|Sharpedo, F|100/100\n|-damage|p1a: Sharpedo|88/100|[from] Stealth Rock\n|turn|21\n|\n|t:|1771263711\n|detailschange|p1a: Sharpedo|Sharpedo-Mega, F\n|-mega|p1a: Sharpedo|Sharpedo|Sharpedonite\n|move|p2a: Ceruledge|Shadow Sneak|p1a: Sharpedo\n|-resisted|p1a: Sharpedo\n|-damage|p1a: Sharpedo|54/100\n|move|p1a: Sharpedo|Crunch|p2a: Ceruledge\n|-supereffective|p2a: Ceruledge\n|-damage|p2a: Ceruledge|0 fnt\n|faint|p2a: Ceruledge\n|\n|upkeep\n|\n|t:|1771263720\n|switch|p2a: Dragonite|Dragonite, M|100/100\n|turn|22\n|\n|t:|1771263722\n|move|p1a: Sharpedo|Ice Fang|p2a: Dragonite\n|-supereffective|p2a: Dragonite\n|-damage|p2a: Dragonite|25/100\n|move|p2a: Dragonite|Dragon Dance|p2a: Dragonite\n|-boost|p2a: Dragonite|atk|1\n|-boost|p2a: Dragonite|spe|1\n|\n|upkeep\n|turn|23\n|\n|t:|1771263734\n|move|p2a: Dragonite|Dragon Claw|p1a: Sharpedo\n|-damage|p1a: Sharpedo|0 fnt\n|faint|p1a: Sharpedo\n|detailschange|p1: Sharpedo|Sharpedo, F|[silent]\n|\n|upkeep\n|\n|t:|1771263737\n|switch|p1a: Hippowdon|Hippowdon, M|71/100\n|-damage|p1a: Hippowdon|65/100|[from] Stealth Rock\n|-weather|Sandstorm|[from] ability: Sand Stream|[of] p1a: Hippowdon\n|turn|24\n|\n|t:|1771263740\n|-zpower|p2a: Dragonite\n|move|p2a: Dragonite|Supersonic Skystrike|p1a: Hippowdon|[zeffect]\n|-damage|p1a: Hippowdon|0 fnt\n|faint|p1a: Hippowdon\n|\n|-weather|Sandstorm|[upkeep]\n|-damage|p2a: Dragonite|19/100|[from] Sandstorm\n|upkeep\n|\n|t:|1771263742\n|switch|p1a: Iron Valiant|Iron Valiant|94/100\n|-damage|p1a: Iron Valiant|88/100|[from] Stealth Rock\n|turn|25\n|\n|t:|1771263749\n|move|p1a: Iron Valiant|Vacuum Wave|p2a: Dragonite\n|-resisted|p2a: Dragonite\n|-damage|p2a: Dragonite|4/100\n|move|p2a: Dragonite|Earthquake|p1a: Iron Valiant\n|-damage|p1a: Iron Valiant|22/100\n|\n|-weather|Sandstorm|[upkeep]\n|-damage|p2a: Dragonite|0 fnt|[from] Sandstorm\n|-damage|p1a: Iron Valiant|16/100|[from] Sandstorm\n|faint|p2a: Dragonite\n|upkeep\n|\n|t:|1771263752\n|switch|p2a: Gyarados|Gyarados-Mega, M|57/100\n|-ability|p2a: Gyarados|Mold Breaker\n|turn|26\n|\n|t:|1771263754\n|move|p1a: Iron Valiant|Vacuum Wave|p2a: Gyarados\n|-supereffective|p2a: Gyarados\n|-damage|p2a: Gyarados|6/100\n|move|p2a: Gyarados|Waterfall|p1a: Iron Valiant\n|-damage|p1a: Iron Valiant|0 fnt\n|faint|p1a: Iron Valiant\n|-end|p1a: Iron Valiant|Quark Drive|[silent]\n|\n|win|he898\n|raw|Pursuit Of Perfect's rating: 1644 &rarr; <strong>1622</strong><br />(-22 for losing)\n|raw|he898's rating: 1603 &rarr; <strong>1625</strong><br />(+22 for winning)\n|l|☆he898\n|player|p2|\n|l|☆Pursuit Of Perfect\n|player|p1|\n", "uploadtime": 1771263964, "views": 3, "formatid": "gen9nationaldex", "rating": 1622, "private": 0, "password": null}