{"id": "gen9nationaldex-2540735168", "format": "[Gen 9] National Dex", "players": ["e6e", "WangShixiong"], "log": "|j|☆e6e\n|j|☆WangShixiong\n|t:|1771247627\n|gametype|singles\n|player|p1|e6e|mallow|1599\n|player|p2|WangShixiong|cynthia-gen4|1787\n|gen|9\n|tier|[Gen 9] National Dex\n|rated|\n|rule|HP Percentage Mod: HP is shown in percentages\n|rule|Endless Battle Clause: Forcing endless battles is banned\n|rule|Species Clause: Limit one of each Pokémon\n|rule|OHKO Clause: OHKO moves are banned\n|rule|Evasion Clause: Evasion abilities, items, and moves are banned\n|rule|Evasion Abilities Clause: Evasion abilities are banned\n|rule|Evasion Items Clause: Evasion items are banned\n|rule|Evasion Moves Clause: Evasion moves are banned\n|rule|Sleep Clause Mod: Limit one foe put to sleep\n|rule|Terastal Clause: You cannot Terastallize\n|clearpoke\n|poke|p1|Mawile, M|\n|poke|p1|Indeedee, M|\n|poke|p1|Hatterene, F|\n|poke|p1|Iron Hands|\n|poke|p1|Hoopa-Unbound|\n|poke|p1|Mimikyu, F|\n|poke|p2|Zamazenta-*|\n|poke|p2|Kingambit, M|\n|poke|p2|Ceruledge, F|\n|poke|p2|Landorus-Therian, M|\n|poke|p2|Diancie|\n|poke|p2|Ogerpon-Wellspring, F|\n|teampreview\n|inactive|Battle timer is ON: inactive players will automatically lose when time's up. (requested by WangShixiong)\n|inactive|WangShixiong has 120 seconds left.\n|\n|t:|1771247663\n|teamsize|p1|6\n|teamsize|p2|6\n|start\n|switch|p1a: G.O.A.T|Iron Hands, shiny|100/100\n|switch|p2a: 黑手|Ceruledge, F|100/100\n|turn|1\n|\n|t:|1771247675\n|move|p2a: 黑手|Swords Dance|p2a: 黑手\n|-boost|p2a: 黑手|atk|2\n|move|p1a: G.O.A.T|Supercell Slam|p2a: 黑手\n|-damage|p2a: 黑手|17/100\n|-ability|p2a: 黑手|Weak Armor|boost\n|-unboost|p2a: 黑手|def|1\n|-boost|p2a: 黑手|spe|2\n|\n|upkeep\n|turn|2\n|\n|t:|1771247679\n|-end|p1a: G.O.A.T|Quark Drive|[silent]\n|switch|p1a: Mimi|Mimikyu, F, shiny|100/100\n|-zpower|p2a: 黑手\n|move|p2a: 黑手|Never-Ending Nightmare|p1a: Mimi|[zeffect]\n|-activate|p1a: Mimi|ability: Disguise\n|-damage|p1a: Mimi|100/100\n|detailschange|p1a: Mimi|Mimikyu-Busted, F, shiny\n|-damage|p1a: Mimi|88/100|[from] pokemon: Mimikyu-Busted\n|-enditem|p1a: Mimi|Red Card|[of] p2a: 黑手\n|drag|p2a: 不战而退人之兵|Kingambit, M|100/100\n|-item|p2a: 不战而退人之兵|Air Balloon\n|\n|upkeep\n|turn|3\n|\n|t:|1771247692\n|move|p1a: Mimi|Destiny Bond|p1a: Mimi\n|-singlemove|p1a: Mimi|Destiny Bond\n|move|p2a: 不战而退人之兵|Iron Head|p1a: Mimi\n|-supereffective|p1a: Mimi\n|-damage|p1a: Mimi|0 fnt\n|faint|p1a: Mimi\n|-activate|p1a: Mimi|move: Destiny Bond\n|faint|p2a: 不战而退人之兵\n|-end|p2a: 不战而退人之兵|fallenundefined|[silent]\n|\n|upkeep\n|\n|t:|1771247697\n|switch|p1a: Kaneki|Indeedee, M|100/100\n|switch|p2a: 黑手|Ceruledge, F|17/100\n|-fieldstart|move: Psychic Terrain|[from] ability: Psychic Surge|[of] p1a: Kaneki\n|turn|4\n|\n|t:|1771247702\n|move|p2a: 黑手|Bitter Blade|p1a: Kaneki\n|-damage|p1a: Kaneki|46/100\n|-heal|p2a: 黑手|47/100|[from] drain|[of] p1a: Kaneki\n|move|p1a: Kaneki|Trick Room|p1a: Kaneki\n|-fieldstart|move: Trick Room|[of] p1a: Kaneki\n|\n|upkeep\n|turn|5\n|\n|t:|1771247707\n|switch|p2a: 超雄|Landorus-Therian, M|100/100\n|-ability|p2a: 超雄|Intimidate|boost\n|-unboost|p1a: Kaneki|atk|1\n|move|p1a: Kaneki|Expanding Force|p2a: 超雄\n|-damage|p2a: 超雄|28/100\n|\n|upkeep\n|turn|6\n|\n|t:|1771247711\n|switch|p2a: 旺仔小乔|Diancie, shiny|100/100\n|move|p1a: Kaneki|Expanding Force|p2a: 旺仔小乔\n|-damage|p2a: 旺仔小乔|48/100\n|\n|upkeep\n|turn|7\n|\n|t:|1771247714\n|move|p2a: 旺仔小乔|Diamond Storm|p1a: Kaneki\n|-damage|p1a: Kaneki|5/100\n|move|p1a: Kaneki|Expanding Force|p2a: 旺仔小乔\n|-damage|p2a: 旺仔小乔|0 fnt\n|faint|p2a: 旺仔小乔\n|\n|upkeep\n|\n|t:|1771247723\n|switch|p2a: 愚者|Ogerpon-Wellspring, F|100/100\n|turn|8\n|\n|t:|1771247729\n|switch|p1a: Maiden Knight|Mawile, M, shiny|100/100\n|-ability|p1a: Maiden Knight|Intimidate|boost\n|-unboost|p2a: 愚者|atk|1\n|move|p2a: 愚者|Swords Dance|p2a: 愚者\n|-boost|p2a: 愚者|atk|2\n|\n|-fieldend|move: Trick Room\n|upkeep\n|turn|9\n|\n|t:|1771247735\n|detailschange|p1a: Maiden Knight|Mawile-Mega, M, shiny\n|-mega|p1a: Maiden Knight|Mawile|Mawilite\n|move|p2a: 愚者|Ivy Cudgel|p1a: Maiden Knight|[anim] Ivy Cudgel Water\n|-damage|p1a: Maiden Knight|15/100\n|move|p1a: Maiden Knight|Play Rough|p2a: 愚者\n|-damage|p2a: 愚者|0 fnt\n|faint|p2a: 愚者\n|\n|upkeep\n|\n|t:|1771247739\n|switch|p2a: 超雄|Landorus-Therian, M|28/100\n|-ability|p2a: 超雄|Intimidate|boost\n|-unboost|p1a: Maiden Knight|atk|1\n|turn|10\n|\n|t:|1771247753\n|move|p2a: 超雄|Stealth Rock|p1a: Maiden Knight\n|-sidestart|p1: e6e|move: Stealth Rock\n|move|p1a: Maiden Knight|Play Rough|p2a: 超雄\n|-damage|p2a: 超雄|0 fnt\n|faint|p2a: 超雄\n|\n|upkeep\n|\n|t:|1771247756\n|switch|p2a: 黑手|Ceruledge, F|47/100\n|turn|11\n|\n|t:|1771247761\n|move|p2a: 黑手|Bitter Blade|p1a: Maiden Knight\n|-supereffective|p1a: Maiden Knight\n|-damage|p1a: Maiden Knight|0 fnt\n|-heal|p2a: 黑手|54/100|[from] drain|[of] p1a: Maiden Knight\n|faint|p1a: Maiden Knight\n|detailschange|p1: Maiden Knight|Mawile, M, shiny|[silent]\n|\n|-fieldend|move: Psychic Terrain\n|upkeep\n|\n|t:|1771247763\n|switch|p1a: Kaneki|Indeedee, M|5/100\n|-damage|p1a: Kaneki|0 fnt|[from] Stealth Rock\n|faint|p1a: Kaneki\n|\n|t:|1771247773\n|switch|p1a: G.O.A.T|Iron Hands, shiny|100/100\n|-damage|p1a: G.O.A.T|94/100|[from] Stealth Rock\n|turn|12\n|\n|t:|1771247775\n|switch|p2a: Mamba out|Zamazenta|100/100\n|-ability|p2a: Mamba out|Dauntless Shield|boost\n|-boost|p2a: Mamba out|def|1\n|move|p1a: G.O.A.T|Supercell Slam|p2a: Mamba out\n|-damage|p2a: Mamba out|67/100\n|\n|-heal|p2a: Mamba out|73/100|[from] item: Leftovers\n|upkeep\n|turn|13\n|\n|t:|1771247779\n|switch|p2a: 黑手|Ceruledge, F|54/100\n|-end|p1a: G.O.A.T|Quark Drive|[silent]\n|switch|p1a: Rize|Hatterene, F, shiny|100/100\n|-damage|p1a: Rize|88/100|[from] Stealth Rock\n|\n|upkeep\n|turn|14\n|\n|t:|1771247784\n|switch|p1a: G.O.A.T|Iron Hands, shiny|94/100\n|-damage|p1a: G.O.A.T|88/100|[from] Stealth Rock\n|move|p2a: 黑手|Poltergeist|p1a: G.O.A.T\n|-activate|p1a: G.O.A.T|move: Poltergeist|Assault Vest\n|-damage|p1a: G.O.A.T|51/100\n|\n|upkeep\n|turn|15\n|\n|t:|1771247795\n|switch|p2a: Mamba out|Zamazenta|73/100\n|-end|p1a: G.O.A.T|Quark Drive|[silent]\n|switch|p1a: Rize|Hatterene, F, shiny|88/100\n|-damage|p1a: Rize|76/100|[from] Stealth Rock\n|\n|-heal|p2a: Mamba out|80/100|[from] item: Leftovers\n|upkeep\n|turn|16\n|\n|t:|1771247801\n|switch|p2a: 黑手|Ceruledge, F|54/100\n|move|p1a: Rize|Trick Room|p1a: Rize\n|-fieldstart|move: Trick Room|[of] p1a: Rize\n|\n|upkeep\n|turn|17\n|\n|t:|1771247804\n|move|p1a: Rize|Expanding Force|p2a: 黑手\n|-damage|p2a: 黑手|0 fnt\n|faint|p2a: 黑手\n|-damage|p1a: Rize|66/100|[from] item: Life Orb\n|\n|upkeep\n|\n|t:|1771247808\n|switch|p2a: Mamba out|Zamazenta|80/100\n|turn|18\n|-message|WangShixiong forfeited.\n|\n|win|e6e\n|raw|e6e's rating: 1599 &rarr; <strong>1629</strong><br />(+30 for winning)\n|raw|WangShixiong's rating: 1787 &rarr; <strong>1757</strong><br />(-30 for losing)\n|l|☆WangShixiong\n|player|p2|\n|j|☆WangShixiong\n|player|p2|WangShixiong|cynthia-gen4|\n|c|☆e6e|gg\n", "uploadtime": 1771248046, "views": 4, "formatid": "gen9nationaldex", "rating": 1629, "private": 0, "password": null}