{"id": "gen9nationaldex-2540458562", "format": "[Gen 9] National Dex", "players": ["Cerberus 17", "meimeisamayeah"], "log": "|j|☆Cerberus 17\n|j|☆meimeisamayeah\n|t:|1771204561\n|gametype|singles\n|player|p1|Cerberus 17|cynthia-gen4|1671\n|player|p2|meimeisamayeah|1|1674\n|gen|9\n|tier|[Gen 9] National Dex\n|rated|\n|rule|HP Percentage Mod: HP is shown in percentages\n|rule|Endless Battle Clause: Forcing endless battles is banned\n|rule|Species Clause: Limit one of each Pokémon\n|rule|OHKO Clause: OHKO moves are banned\n|rule|Evasion Clause: Evasion abilities, items, and moves are banned\n|rule|Evasion Abilities Clause: Evasion abilities are banned\n|rule|Evasion Items Clause: Evasion items are banned\n|rule|Evasion Moves Clause: Evasion moves are banned\n|rule|Sleep Clause Mod: Limit one foe put to sleep\n|rule|Terastal Clause: You cannot Terastallize\n|clearpoke\n|poke|p1|Tyranitar, F|\n|poke|p1|Kartana|\n|poke|p1|Diancie|\n|poke|p1|Excadrill, F|\n|poke|p1|Sinistcha-Masterpiece|\n|poke|p1|Kommo-o, F|\n|poke|p2|Ribombee, F|\n|poke|p2|Kingambit, M|\n|poke|p2|Volcarona, F|\n|poke|p2|Kartana|\n|poke|p2|Raging Bolt|\n|poke|p2|Basculegion-F, F|\n|teampreview\n|inactive|Battle timer is ON: inactive players will automatically lose when time's up. (requested by Cerberus 17)\n|\n|t:|1771204572\n|teamsize|p1|6\n|teamsize|p2|6\n|start\n|switch|p1a: Diancie|Diancie|100/100\n|switch|p2a: Ribombee|Ribombee, F|100/100\n|turn|1\n|\n|t:|1771204577\n|move|p2a: Ribombee|Skill Swap|p1a: Diancie\n|-activate|p2a: Ribombee|Skill Swap|p1a: Diancie|[ability] Clear Body|[ability2] Shield Dust\n|move|p1a: Diancie|Mystical Fire|p2a: Ribombee\n|-supereffective|p2a: Ribombee\n|-damage|p2a: Ribombee|33/100\n|\n|upkeep\n|turn|2\n|\n|t:|1771204581\n|detailschange|p1a: Diancie|Diancie-Mega\n|-mega|p1a: Diancie|Diancie|Diancite\n|move|p2a: Ribombee|Moonblast|p1a: Diancie\n|-damage|p1a: Diancie|52/100\n|move|p1a: Diancie|Moonblast|p2a: Ribombee\n|-damage|p2a: Ribombee|0 fnt\n|faint|p2a: Ribombee\n|\n|upkeep\n|\n|t:|1771204588\n|switch|p2a: Basculegion|Basculegion-F, F|100/100\n|turn|3\n|\n|t:|1771204591\n|switch|p1a: Tyranitar|Tyranitar, F|100/100\n|-weather|Sandstorm|[from] ability: Sand Stream|[of] p1a: Tyranitar\n|move|p2a: Basculegion|Aqua Jet|p1a: Tyranitar\n|-supereffective|p1a: Tyranitar\n|-damage|p1a: Tyranitar|71/100\n|-damage|p2a: Basculegion|91/100|[from] item: Life Orb\n|\n|-weather|Sandstorm|[upkeep]\n|-damage|p2a: Basculegion|85/100|[from] Sandstorm\n|upkeep\n|turn|4\n|\n|t:|1771204596\n|move|p2a: Basculegion|Surf|p1a: Tyranitar\n|-supereffective|p1a: Tyranitar\n|-damage|p1a: Tyranitar|0 fnt\n|faint|p1a: Tyranitar\n|-damage|p2a: Basculegion|75/100|[from] item: Life Orb\n|\n|-weather|Sandstorm|[upkeep]\n|-damage|p2a: Basculegion|69/100|[from] Sandstorm\n|upkeep\n|\n|t:|1771204600\n|switch|p1a: Excadrill|Excadrill, F|100/100\n|turn|5\n|\n|t:|1771204603\n|move|p2a: Basculegion|Aqua Jet|p1a: Excadrill\n|-supereffective|p1a: Excadrill\n|-damage|p1a: Excadrill|41/100\n|-damage|p2a: Basculegion|59/100|[from] item: Life Orb\n|move|p1a: Excadrill|Earthquake|p2a: Basculegion\n|-damage|p2a: Basculegion|0 fnt\n|faint|p2a: Basculegion\n|\n|-weather|Sandstorm|[upkeep]\n|upkeep\n|\n|t:|1771204607\n|switch|p2a: Kingambit|Kingambit, M|100/100\n|-activate|p2a: Kingambit|ability: Supreme Overlord\n|-start|p2a: Kingambit|fallen2|[silent]\n|turn|6\n|\n|t:|1771204615\n|switch|p1a: Kommo-o|Kommo-o, F|100/100\n|move|p2a: Kingambit|Sucker Punch||[still]\n|-fail|p2a: Kingambit\n|\n|-weather|Sandstorm|[upkeep]\n|-damage|p1a: Kommo-o|94/100|[from] Sandstorm\n|upkeep\n|turn|7\n|\n|t:|1771204618\n|-end|p2a: Kingambit|fallen2|[silent]\n|switch|p2a: Volcarona|Volcarona, F|100/100\n|-zpower|p1a: Kommo-o\n|move|p1a: Kommo-o|Clangorous Soulblaze|p2a: Volcarona|[zeffect]\n|-damage|p2a: Volcarona|19/100\n|-boost|p1a: Kommo-o|atk|1\n|-boost|p1a: Kommo-o|def|1\n|-boost|p1a: Kommo-o|spa|1\n|-boost|p1a: Kommo-o|spd|1\n|-boost|p1a: Kommo-o|spe|1\n|\n|-weather|Sandstorm|[upkeep]\n|-damage|p1a: Kommo-o|88/100|[from] Sandstorm\n|-damage|p2a: Volcarona|13/100|[from] Sandstorm\n|upkeep\n|turn|8\n|\n|t:|1771204624\n|move|p1a: Kommo-o|Flamethrower|p2a: Volcarona\n|-damage|p2a: Volcarona|0 fnt\n|faint|p2a: Volcarona\n|\n|-weather|Sandstorm|[upkeep]\n|-damage|p1a: Kommo-o|82/100|[from] Sandstorm\n|upkeep\n|\n|t:|1771204629\n|switch|p2a: Raging Bolt|Raging Bolt|100/100\n|-enditem|p2a: Raging Bolt|Booster Energy\n|-activate|p2a: Raging Bolt|ability: Protosynthesis|[fromitem]\n|-start|p2a: Raging Bolt|protosynthesisspa\n|turn|9\n|\n|t:|1771204632\n|move|p1a: Kommo-o|Clanging Scales|p2a: Raging Bolt\n|-supereffective|p2a: Raging Bolt\n|-damage|p2a: Raging Bolt|0 fnt\n|faint|p2a: Raging Bolt\n|-end|p2a: Raging Bolt|Protosynthesis|[silent]\n|-unboost|p1a: Kommo-o|def|1\n|\n|-weather|Sandstorm|[upkeep]\n|-damage|p1a: Kommo-o|76/100|[from] Sandstorm\n|upkeep\n|\n|t:|1771204637\n|switch|p2a: Kartana|Kartana|100/100\n|turn|10\n|\n|t:|1771204641\n|move|p1a: Kommo-o|Flamethrower|p2a: Kartana\n|-supereffective|p2a: Kartana\n|-damage|p2a: Kartana|0 fnt\n|faint|p2a: Kartana\n|\n|-weather|none\n|upkeep\n|\n|t:|1771204643\n|switch|p2a: Kingambit|Kingambit, M|100/100\n|-activate|p2a: Kingambit|ability: Supreme Overlord\n|-start|p2a: Kingambit|fallen5|[silent]\n|turn|11\n|\n|t:|1771204646\n|move|p1a: Kommo-o|Drain Punch|p2a: Kingambit\n|-supereffective|p2a: Kingambit\n|-damage|p2a: Kingambit|0 fnt\n|-heal|p1a: Kommo-o|100/100|[from] drain|[of] p2a: Kingambit\n|faint|p2a: Kingambit\n|-end|p2a: Kingambit|fallen5|[silent]\n|\n|win|Cerberus 17\n|raw|Cerberus 17's rating: 1671 &rarr; <strong>1691</strong><br />(+20 for winning)\n|raw|meimeisamayeah's rating: 1674 &rarr; <strong>1654</strong><br />(-20 for losing)\n|l|☆meimeisamayeah\n|player|p2|\n|l|☆Cerberus 17\n|player|p1|\n", "uploadtime": 1771204831, "views": 6, "formatid": "gen9nationaldex", "rating": 1654, "private": 0, "password": null}