{"id": "gen9nationaldex-2540751244", "format": "[Gen 9] National Dex", "players": ["xinshousm", "yuxia233"], "log": "|j|☆xinshousm\n|j|☆yuxia233\n|t:|1771249723\n|gametype|singles\n|player|p1|xinshousm|policeman-gen4|1526\n|player|p2|yuxia233|dawn|1640\n|gen|9\n|tier|[Gen 9] National Dex\n|rated|\n|rule|HP Percentage Mod: HP is shown in percentages\n|rule|Endless Battle Clause: Forcing endless battles is banned\n|rule|Species Clause: Limit one of each Pokémon\n|rule|OHKO Clause: OHKO moves are banned\n|rule|Evasion Clause: Evasion abilities, items, and moves are banned\n|rule|Evasion Abilities Clause: Evasion abilities are banned\n|rule|Evasion Items Clause: Evasion items are banned\n|rule|Evasion Moves Clause: Evasion moves are banned\n|rule|Sleep Clause Mod: Limit one foe put to sleep\n|rule|Terastal Clause: You cannot Terastallize\n|clearpoke\n|poke|p1|Diancie|\n|poke|p1|Xurkitree|\n|poke|p1|Polteageist-Antique|\n|poke|p1|Great Tusk|\n|poke|p1|Kingambit, M|\n|poke|p1|Ogerpon-Wellspring, F|\n|poke|p2|Kingambit, F|\n|poke|p2|Zamazenta-*|\n|poke|p2|Diancie|\n|poke|p2|Landorus-Therian, M|\n|poke|p2|Alomomola, M|\n|poke|p2|Clodsire, F|\n|teampreview\n|inactive|Battle timer is ON: inactive players will automatically lose when time's up. (requested by yuxia233)\n|\n|t:|1771249741\n|teamsize|p1|6\n|teamsize|p2|6\n|start\n|switch|p1a: Ogerpon|Ogerpon-Wellspring, F|100/100\n|switch|p2a: Diancie|Diancie|100/100\n|turn|1\n|\n|t:|1771249753\n|switch|p2a: Alomomola|Alomomola, M|100/100\n|move|p1a: Ogerpon|Ivy Cudgel|p2a: Alomomola|[anim] Ivy Cudgel Water\n|-resisted|p2a: Alomomola\n|-crit|p2a: Alomomola\n|-damage|p2a: Alomomola|80/100\n|\n|upkeep\n|turn|2\n|\n|t:|1771249758\n|switch|p2a: Landorus|Landorus-Therian, M|100/100\n|-ability|p2a: Landorus|Intimidate|boost\n|-unboost|p1a: Ogerpon|atk|1\n|move|p1a: Ogerpon|U-turn|p2a: Landorus\n|-resisted|p2a: Landorus\n|-damage|p2a: Landorus|92/100\n|\n|t:|1771249777\n|switch|p1a: 钻甲秾华|Diancie, shiny|100/100|[from] U-turn\n|\n|-heal|p2a: Landorus|98/100|[from] item: Leftovers\n|upkeep\n|turn|3\n|\n|t:|1771249781\n|detailschange|p1a: 钻甲秾华|Diancie-Mega, shiny\n|-mega|p1a: 钻甲秾华|Diancie|Diancite\n|move|p1a: 钻甲秾华|Moonblast|p2a: Landorus\n|-damage|p2a: Landorus|19/100\n|move|p2a: Landorus|Earthquake|p1a: 钻甲秾华\n|-supereffective|p1a: 钻甲秾华\n|-damage|p1a: 钻甲秾华|0 fnt\n|faint|p1a: 钻甲秾华\n|detailschange|p1: 钻甲秾华|Diancie, shiny|[silent]\n|\n|-heal|p2a: Landorus|25/100|[from] item: Leftovers\n|upkeep\n|\n|t:|1771249787\n|switch|p1a: Ogerpon|Ogerpon-Wellspring, F|100/100\n|turn|4\n|\n|t:|1771249793\n|switch|p2a: Alomomola|Alomomola, M|100/100\n|move|p1a: Ogerpon|Ivy Cudgel|p2a: Alomomola|[anim] Ivy Cudgel Water\n|-resisted|p2a: Alomomola\n|-damage|p2a: Alomomola|87/100\n|\n|upkeep\n|turn|5\n|\n|t:|1771249800\n|switch|p2a: Landorus|Landorus-Therian, M|25/100\n|-ability|p2a: Landorus|Intimidate|boost\n|-unboost|p1a: Ogerpon|atk|1\n|move|p1a: Ogerpon|Spikes|p2a: Landorus\n|-sidestart|p2: yuxia233|Spikes\n|\n|-heal|p2a: Landorus|31/100|[from] item: Leftovers\n|upkeep\n|turn|6\n|\n|t:|1771249811\n|switch|p2a: Alomomola|Alomomola, M|100/100\n|-damage|p2a: Alomomola|88/100|[from] Spikes\n|move|p1a: Ogerpon|U-turn|p2a: Alomomola\n|-damage|p2a: Alomomola|81/100\n|-damage|p1a: Ogerpon|84/100|[from] item: Rocky Helmet|[of] p2a: Alomomola\n|\n|t:|1771249815\n|switch|p1a: 电氅舞者|Xurkitree, shiny|100/100|[from] U-turn\n|\n|upkeep\n|turn|7\n|\n|t:|1771249817\n|switch|p2a: Clodsire|Clodsire, F|100/100\n|-zpower|p1a: 电氅舞者\n|move|p1a: 电氅舞者|Z-Hypnosis|p2a: Clodsire|[anim]Hypnosis|[miss]\n|-boost|p1a: 电氅舞者|spe|1|[zeffect]\n|-miss|p1a: 电氅舞者|p2a: Clodsire\n|\n|upkeep\n|turn|8\n|\n|t:|1771249822\n|move|p1a: 电氅舞者|Hypnosis|p2a: Clodsire\n|-status|p2a: Clodsire|slp|[from] move: Hypnosis\n|cant|p2a: Clodsire|slp\n|\n|upkeep\n|turn|9\n|\n|t:|1771249825\n|move|p1a: 电氅舞者|Tail Glow|p1a: 电氅舞者\n|-boost|p1a: 电氅舞者|spa|3\n|-curestatus|p2a: Clodsire|slp|[msg]\n|move|p2a: Clodsire|Haze|p2a: Clodsire\n|-clearallboost\n|\n|upkeep\n|turn|10\n|\n|t:|1771249832\n|switch|p1a: Ogerpon|Ogerpon-Wellspring, F|84/100\n|move|p2a: Clodsire|Earthquake|p1a: Ogerpon\n|-resisted|p1a: Ogerpon\n|-damage|p1a: Ogerpon|69/100\n|\n|upkeep\n|turn|11\n|\n|t:|1771249836\n|switch|p2a: Alomomola|Alomomola, M|100/100\n|-damage|p2a: Alomomola|88/100|[from] Spikes\n|move|p1a: Ogerpon|Ivy Cudgel|p2a: Alomomola|[anim] Ivy Cudgel Water\n|-resisted|p2a: Alomomola\n|-crit|p2a: Alomomola\n|-damage|p2a: Alomomola|70/100\n|\n|upkeep\n|turn|12\n|\n|t:|1771249839\n|move|p1a: Ogerpon|U-turn|p2a: Alomomola\n|-damage|p2a: Alomomola|57/100\n|-damage|p1a: Ogerpon|52/100|[from] item: Rocky Helmet|[of] p2a: Alomomola\n|\n|t:|1771249841\n|switch|p1a: 电氅舞者|Xurkitree, shiny|100/100|[from] U-turn\n|move|p2a: Alomomola|Wish|p2a: Alomomola\n|\n|upkeep\n|turn|13\n|\n|t:|1771249846\n|switch|p2a: Landorus|Landorus-Therian, M|31/100\n|-ability|p2a: Landorus|Intimidate|boost\n|-unboost|p1a: 电氅舞者|atk|1\n|move|p1a: 电氅舞者|Hypnosis|p2a: Landorus\n|-status|p2a: Landorus|slp|[from] move: Hypnosis\n|\n|-heal|p2a: Landorus|100/100 slp|[from] move: Wish|[wisher] Alomomola\n|upkeep\n|turn|14\n|\n|t:|1771249853\n|switch|p2a: Clodsire|Clodsire, F|100/100\n|move|p1a: 电氅舞者|Hidden Power|p2a: Clodsire\n|-supereffective|p2a: Clodsire\n|-damage|p2a: Clodsire|71/100\n|\n|upkeep\n|turn|15\n|\n|t:|1771249862\n|move|p1a: 电氅舞者|Tail Glow|p1a: 电氅舞者\n|-boost|p1a: 电氅舞者|spa|3\n|move|p2a: Clodsire|Earthquake|p1a: 电氅舞者\n|-supereffective|p1a: 电氅舞者\n|-damage|p1a: 电氅舞者|24/100\n|\n|upkeep\n|turn|16\n|\n|t:|1771249881\n|move|p1a: 电氅舞者|Hidden Power|p2a: Clodsire\n|-supereffective|p2a: Clodsire\n|-damage|p2a: Clodsire|45/100\n|move|p2a: Clodsire|Earthquake|p1a: 电氅舞者\n|-supereffective|p1a: 电氅舞者\n|-damage|p1a: 电氅舞者|0 fnt\n|faint|p1a: 电氅舞者\n|\n|upkeep\n|\n|t:|1771249885\n|switch|p1a: Ogerpon|Ogerpon-Wellspring, F|52/100\n|turn|17\n|\n|t:|1771249894\n|switch|p2a: Alomomola|Alomomola, M|91/100\n|-damage|p2a: Alomomola|78/100|[from] Spikes\n|move|p1a: Ogerpon|U-turn|p2a: Alomomola\n|-damage|p2a: Alomomola|66/100\n|-damage|p1a: Ogerpon|36/100|[from] item: Rocky Helmet|[of] p2a: Alomomola\n|\n|t:|1771249898\n|switch|p1a: 陶甲茶客|Polteageist-Antique, shiny|100/100|[from] U-turn\n|\n|upkeep\n|turn|18\n|\n|t:|1771249902\n|move|p1a: 陶甲茶客|Shell Smash|p1a: 陶甲茶客\n|-unboost|p1a: 陶甲茶客|def|1\n|-unboost|p1a: 陶甲茶客|spd|1\n|-boost|p1a: 陶甲茶客|atk|2\n|-boost|p1a: 陶甲茶客|spa|2\n|-boost|p1a: 陶甲茶客|spe|2\n|move|p2a: Alomomola|Flip Turn|p1a: 陶甲茶客\n|-damage|p1a: 陶甲茶客|53/100\n|-ability|p1a: 陶甲茶客|Weak Armor|boost\n|-unboost|p1a: 陶甲茶客|def|1\n|-boost|p1a: 陶甲茶客|spe|2\n|\n|t:|1771249904\n|switch|p2a: Clodsire|Clodsire, F|45/100|[from] Flip Turn\n|\n|upkeep\n|turn|19\n|\n|t:|1771249908\n|switch|p2a: Kingambit|Kingambit, F|100/100\n|-damage|p2a: Kingambit|88/100|[from] Spikes\n|move|p1a: 陶甲茶客|Stored Power|p2a: Kingambit\n|-immune|p2a: Kingambit\n|\n|upkeep\n|turn|20\n|\n|t:|1771249911\n|move|p2a: Kingambit|Sucker Punch|p1a: 陶甲茶客\n|-supereffective|p1a: 陶甲茶客\n|-damage|p1a: 陶甲茶客|0 fnt\n|faint|p1a: 陶甲茶客\n|\n|upkeep\n|\n|t:|1771249913\n|switch|p1a: 顿甲武者|Great Tusk, shiny|100/100\n|-enditem|p1a: 顿甲武者|Booster Energy\n|-activate|p1a: 顿甲武者|ability: Protosynthesis|[fromitem]\n|-start|p1a: 顿甲武者|protosynthesisspe\n|turn|21\n|\n|t:|1771249916\n|-end|p2a: Kingambit|fallenundefined|[silent]\n|switch|p2a: Landorus|Landorus-Therian, M|100/100 slp\n|-ability|p2a: Landorus|Intimidate|boost\n|-unboost|p1a: 顿甲武者|atk|1\n|move|p1a: 顿甲武者|Bulk Up|p1a: 顿甲武者\n|-boost|p1a: 顿甲武者|atk|1\n|-boost|p1a: 顿甲武者|def|1\n|\n|upkeep\n|turn|22\n|\n|t:|1771249924\n|switch|p2a: Alomomola|Alomomola, M|99/100\n|-damage|p2a: Alomomola|87/100|[from] Spikes\n|move|p1a: 顿甲武者|Bulk Up|p1a: 顿甲武者\n|-boost|p1a: 顿甲武者|atk|1\n|-boost|p1a: 顿甲武者|def|1\n|\n|upkeep\n|turn|23\n|\n|t:|1771249928\n|move|p1a: 顿甲武者|Bulk Up|p1a: 顿甲武者\n|-boost|p1a: 顿甲武者|atk|1\n|-boost|p1a: 顿甲武者|def|1\n|move|p2a: Alomomola|Alluring Voice|p1a: 顿甲武者\n|-supereffective|p1a: 顿甲武者\n|-damage|p1a: 顿甲武者|76/100\n|-start|p1a: 顿甲武者|confusion\n|\n|upkeep\n|turn|24\n|\n|t:|1771249933\n|-activate|p1a: 顿甲武者|confusion\n|move|p1a: 顿甲武者|Bulk Up|p1a: 顿甲武者\n|-boost|p1a: 顿甲武者|atk|1\n|-boost|p1a: 顿甲武者|def|1\n|move|p2a: Alomomola|Flip Turn|p1a: 顿甲武者\n|-supereffective|p1a: 顿甲武者\n|-damage|p1a: 顿甲武者|69/100\n|\n|t:|1771249936\n|switch|p2a: Landorus|Landorus-Therian, M|100/100 slp|[from] Flip Turn\n|-ability|p2a: Landorus|Intimidate|boost\n|-unboost|p1a: 顿甲武者|atk|1\n|\n|upkeep\n|turn|25\n|\n|t:|1771249941\n|switch|p2a: Alomomola|Alomomola, M|100/100\n|-damage|p2a: Alomomola|88/100|[from] Spikes\n|-activate|p1a: 顿甲武者|confusion\n|move|p1a: 顿甲武者|Bulk Up|p1a: 顿甲武者\n|-boost|p1a: 顿甲武者|atk|1\n|-boost|p1a: 顿甲武者|def|1\n|\n|upkeep\n|turn|26\n|\n|t:|1771249947\n|-activate|p1a: 顿甲武者|confusion\n|move|p1a: 顿甲武者|Bulk Up|p1a: 顿甲武者\n|-boost|p1a: 顿甲武者|atk|1\n|-boost|p1a: 顿甲武者|def|1\n|move|p2a: Alomomola|Alluring Voice|p1a: 顿甲武者\n|-supereffective|p1a: 顿甲武者\n|-damage|p1a: 顿甲武者|47/100\n|\n|upkeep\n|turn|27\n|\n|t:|1771249954\n|-end|p1a: 顿甲武者|confusion\n|move|p1a: 顿甲武者|Bulk Up|p1a: 顿甲武者\n|-boost|p1a: 顿甲武者|atk|1\n|-boost|p1a: 顿甲武者|def|0\n|move|p2a: Alomomola|Flip Turn|p1a: 顿甲武者\n|-supereffective|p1a: 顿甲武者\n|-damage|p1a: 顿甲武者|42/100\n|\n|t:|1771249959\n|switch|p2a: Landorus|Landorus-Therian, M|100/100 slp|[from] Flip Turn\n|-ability|p2a: Landorus|Intimidate|boost\n|-unboost|p1a: 顿甲武者|atk|1\n|\n|upkeep\n|turn|28\n|\n|t:|1771249966\n|switch|p2a: Alomomola|Alomomola, M|100/100\n|-damage|p2a: Alomomola|88/100|[from] Spikes\n|move|p1a: 顿甲武者|Ice Spinner|p2a: Alomomola\n|-resisted|p2a: Alomomola\n|-damage|p2a: Alomomola|70/100\n|-damage|p1a: 顿甲武者|25/100|[from] item: Rocky Helmet|[of] p2a: Alomomola\n|\n|upkeep\n|turn|29\n|\n|t:|1771249973\n|switch|p2a: Landorus|Landorus-Therian, M|100/100 slp\n|-ability|p2a: Landorus|Intimidate|boost\n|-unboost|p1a: 顿甲武者|atk|1\n|move|p1a: 顿甲武者|Headlong Rush|p2a: Landorus\n|-immune|p2a: Landorus\n|\n|upkeep\n|turn|30\n|\n|t:|1771249977\n|switch|p2a: Alomomola|Alomomola, M|100/100\n|-damage|p2a: Alomomola|88/100|[from] Spikes\n|move|p1a: 顿甲武者|Bulk Up|p1a: 顿甲武者\n|-boost|p1a: 顿甲武者|atk|1\n|-boost|p1a: 顿甲武者|def|0\n|\n|upkeep\n|turn|31\n|\n|t:|1771249981\n|move|p1a: 顿甲武者|Headlong Rush|p2a: Alomomola\n|-damage|p2a: Alomomola|5/100\n|-unboost|p1a: 顿甲武者|def|1\n|-unboost|p1a: 顿甲武者|spd|1\n|-damage|p1a: 顿甲武者|8/100|[from] item: Rocky Helmet|[of] p2a: Alomomola\n|move|p2a: Alomomola|Flip Turn|p1a: 顿甲武者\n|-supereffective|p1a: 顿甲武者\n|-damage|p1a: 顿甲武者|3/100\n|\n|t:|1771249985\n|switch|p2a: Landorus|Landorus-Therian, M|100/100 slp|[from] Flip Turn\n|-ability|p2a: Landorus|Intimidate|boost\n|-unboost|p1a: 顿甲武者|atk|1\n|\n|upkeep\n|turn|32\n|\n|t:|1771249989\n|switch|p2a: Alomomola|Alomomola, M|38/100\n|-damage|p2a: Alomomola|26/100|[from] Spikes\n|move|p1a: 顿甲武者|Headlong Rush|p2a: Alomomola\n|-damage|p2a: Alomomola|0 fnt\n|-unboost|p1a: 顿甲武者|def|1\n|-unboost|p1a: 顿甲武者|spd|1\n|-damage|p1a: 顿甲武者|0 fnt|[from] item: Rocky Helmet|[of] p2a: Alomomola\n|faint|p2a: Alomomola\n|faint|p1a: 顿甲武者\n|-end|p1a: 顿甲武者|Protosynthesis|[silent]\n|\n|upkeep\n|-message|xinshousm forfeited.\n|\n|win|yuxia233\n|raw|xinshousm's rating: 1526 &rarr; <strong>1512</strong><br />(-14 for losing)\n|raw|yuxia233's rating: 1640 &rarr; <strong>1654</strong><br />(+14 for winning)\n|l|☆xinshousm\n|player|p1|\n|l|☆yuxia233\n|player|p2|\n", "uploadtime": 1771250380, "views": 3, "formatid": "gen9nationaldex", "rating": 1512, "private": 0, "password": null}