{"id": "gen9nationaldex-2540677273", "format": "[Gen 9] National Dex", "players": ["lengyue007", "jjznb2"], "log": "|j|‽lengyue007\n|j|☆jjznb2\n|t:|1771238690\n|gametype|singles\n|player|p1|lengyue007|swimmerf-gen4|1672\n|player|p2|jjznb2|hilda|1825\n|gen|9\n|tier|[Gen 9] National Dex\n|rated|\n|rule|HP Percentage Mod: HP is shown in percentages\n|rule|Endless Battle Clause: Forcing endless battles is banned\n|rule|Species Clause: Limit one of each Pokémon\n|rule|OHKO Clause: OHKO moves are banned\n|rule|Evasion Clause: Evasion abilities, items, and moves are banned\n|rule|Evasion Abilities Clause: Evasion abilities are banned\n|rule|Evasion Items Clause: Evasion items are banned\n|rule|Evasion Moves Clause: Evasion moves are banned\n|rule|Sleep Clause Mod: Limit one foe put to sleep\n|rule|Terastal Clause: You cannot Terastallize\n|clearpoke\n|poke|p1|Tyranitar, F|\n|poke|p1|Urshifu-*, F|\n|poke|p1|Landorus-Therian, M|\n|poke|p1|Gholdengo|\n|poke|p1|Tapu Lele|\n|poke|p1|Terapagos, M|\n|poke|p2|Pinsir, M|\n|poke|p2|Magnezone|\n|poke|p2|Corviknight, F|\n|poke|p2|Landorus-Therian, M|\n|poke|p2|Rotom-Wash|\n|poke|p2|Alomomola, F|\n|teampreview\n|inactive|Battle timer is ON: inactive players will automatically lose when time's up. (requested by lengyue007)\n|\n|t:|1771238706\n|teamsize|p1|6\n|teamsize|p2|6\n|start\n|switch|p1a: Tyranitar|Tyranitar, F|100/100\n|switch|p2a: Landorus|Landorus-Therian, M|100/100\n|-ability|p2a: Landorus|Intimidate|boost\n|-unboost|p1a: Tyranitar|atk|1\n|-weather|Sandstorm|[from] ability: Sand Stream|[of] p1a: Tyranitar\n|turn|1\n|\n|t:|1771238712\n|switch|p1a: Landorus|Landorus-Therian, M|100/100\n|-ability|p1a: Landorus|Intimidate|boost\n|-unboost|p2a: Landorus|atk|1\n|move|p2a: Landorus|Swords Dance|p2a: Landorus\n|-boost|p2a: Landorus|atk|2\n|\n|-weather|Sandstorm|[upkeep]\n|upkeep\n|turn|2\n|\n|t:|1771238716\n|-zpower|p2a: Landorus\n|move|p2a: Landorus|Supersonic Skystrike|p1a: Landorus|[zeffect]\n|-damage|p1a: Landorus|0 fnt\n|faint|p1a: Landorus\n|\n|-weather|Sandstorm|[upkeep]\n|upkeep\n|\n|t:|1771238719\n|switch|p1a: Urshifu|Urshifu-Rapid-Strike, F|100/100\n|turn|3\n|\n|t:|1771238723\n|switch|p2a: Alomomola|Alomomola, F|100/100\n|move|p1a: Urshifu|U-turn|p2a: Alomomola\n|-damage|p2a: Alomomola|73/100\n|\n|t:|1771238728\n|switch|p1a: Tyranitar|Tyranitar, F|100/100|[from] U-turn\n|\n|-weather|Sandstorm|[upkeep]\n|-damage|p2a: Alomomola|67/100|[from] Sandstorm\n|upkeep\n|turn|4\n|\n|t:|1771238733\n|detailschange|p1a: Tyranitar|Tyranitar-Mega, F\n|-mega|p1a: Tyranitar|Tyranitar|Tyranitarite\n|move|p1a: Tyranitar|Knock Off|p2a: Alomomola\n|-damage|p2a: Alomomola|19/100\n|-enditem|p2a: Alomomola|Assault Vest|[from] move: Knock Off|[of] p1a: Tyranitar\n|move|p2a: Alomomola|Flip Turn|p1a: Tyranitar\n|-supereffective|p1a: Tyranitar\n|-damage|p1a: Tyranitar|81/100\n|\n|t:|1771238741\n|switch|p2a: Landorus|Landorus-Therian, M|100/100|[from] Flip Turn\n|-ability|p2a: Landorus|Intimidate|boost\n|-unboost|p1a: Tyranitar|atk|1\n|\n|-weather|Sandstorm|[upkeep]\n|upkeep\n|turn|5\n|\n|t:|1771238744\n|switch|p1a: Urshifu|Urshifu-Rapid-Strike, F|100/100\n|move|p2a: Landorus|Earthquake|p1a: Urshifu\n|-damage|p1a: Urshifu|40/100\n|\n|-weather|none\n|upkeep\n|turn|6\n|\n|t:|1771238750\n|switch|p2a: Alomomola|Alomomola, F|52/100\n|move|p1a: Urshifu|Surging Strikes|p2a: Alomomola\n|-resisted|p2a: Alomomola\n|-crit|p2a: Alomomola\n|-damage|p2a: Alomomola|41/100\n|-resisted|p2a: Alomomola\n|-crit|p2a: Alomomola\n|-damage|p2a: Alomomola|30/100\n|-resisted|p2a: Alomomola\n|-crit|p2a: Alomomola\n|-damage|p2a: Alomomola|19/100\n|-hitcount|p2a: Alomomola|3\n|\n|upkeep\n|turn|7\n|\n|t:|1771238758\n|switch|p2a: Rotom|Rotom-Wash|100/100\n|move|p1a: Urshifu|Surging Strikes|p2a: Rotom\n|-resisted|p2a: Rotom\n|-crit|p2a: Rotom\n|-damage|p2a: Rotom|89/100\n|-resisted|p2a: Rotom\n|-crit|p2a: Rotom\n|-damage|p2a: Rotom|75/100\n|-resisted|p2a: Rotom\n|-crit|p2a: Rotom\n|-damage|p2a: Rotom|64/100\n|-hitcount|p2a: Rotom|3\n|\n|-heal|p2a: Rotom|70/100|[from] item: Leftovers\n|upkeep\n|turn|8\n|\n|t:|1771238768\n|switch|p1a: Tapu Lele|Tapu Lele|100/100\n|-fieldstart|move: Psychic Terrain|[from] ability: Psychic Surge|[of] p1a: Tapu Lele\n|move|p2a: Rotom|Volt Switch|p1a: Tapu Lele\n|-damage|p1a: Tapu Lele|74/100\n|\n|t:|1771238776\n|switch|p2a: Alomomola|Alomomola, F|53/100|[from] Volt Switch\n|\n|upkeep\n|turn|9\n|\n|t:|1771238780\n|switch|p2a: Corviknight|Corviknight, F|100/100\n|-ability|p2a: Corviknight|Pressure\n|move|p1a: Tapu Lele|Psychic|p2a: Corviknight\n|-resisted|p2a: Corviknight\n|-damage|p2a: Corviknight|74/100\n|\n|-heal|p2a: Corviknight|80/100|[from] item: Leftovers\n|upkeep\n|turn|10\n|\n|t:|1771238784\n|switch|p1a: Gholdengo|Gholdengo|100/100\n|move|p2a: Corviknight|U-turn|p1a: Gholdengo\n|-resisted|p1a: Gholdengo\n|-damage|p1a: Gholdengo|98/100\n|\n|t:|1771238789\n|switch|p2a: Landorus|Landorus-Therian, M|100/100|[from] U-turn\n|-ability|p2a: Landorus|Intimidate|boost\n|-unboost|p1a: Gholdengo|atk|1\n|\n|upkeep\n|turn|11\n|\n|t:|1771238794\n|move|p2a: Landorus|Earthquake|p1a: Gholdengo\n|-supereffective|p1a: Gholdengo\n|-damage|p1a: Gholdengo|17/100\n|-zpower|p1a: Gholdengo\n|move|p1a: Gholdengo|Never-Ending Nightmare|p2a: Landorus|[zeffect]\n|-damage|p2a: Landorus|8/100\n|\n|upkeep\n|turn|12\n|\n|t:|1771238800\n|move|p2a: Landorus|Earthquake|p1a: Gholdengo\n|-supereffective|p1a: Gholdengo\n|-damage|p1a: Gholdengo|0 fnt\n|faint|p1a: Gholdengo\n|\n|-fieldend|move: Psychic Terrain\n|upkeep\n|\n|t:|1771238803\n|switch|p1a: Urshifu|Urshifu-Rapid-Strike, F|40/100\n|turn|13\n|\n|t:|1771238810\n|switch|p2a: Alomomola|Alomomola, F|86/100\n|move|p1a: Urshifu|U-turn|p2a: Alomomola\n|-damage|p2a: Alomomola|61/100\n|\n|t:|1771238815\n|switch|p1a: Tyranitar|Tyranitar-Mega, F|81/100|[from] U-turn\n|-weather|Sandstorm|[from] ability: Sand Stream|[of] p1a: Tyranitar\n|\n|-weather|Sandstorm|[upkeep]\n|-damage|p2a: Alomomola|55/100|[from] Sandstorm\n|upkeep\n|turn|14\n|\n|t:|1771238821\n|switch|p2a: Magnezone|Magnezone|100/100\n|move|p1a: Tyranitar|Stone Edge|p2a: Magnezone|[miss]\n|-miss|p1a: Tyranitar|p2a: Magnezone\n|\n|-weather|Sandstorm|[upkeep]\n|upkeep\n|turn|15\n|\n|t:|1771238826\n|move|p2a: Magnezone|Flash Cannon|p1a: Tyranitar\n|-supereffective|p1a: Tyranitar\n|-damage|p1a: Tyranitar|11/100\n|-unboost|p1a: Tyranitar|spd|1\n|move|p1a: Tyranitar|Knock Off|p2a: Magnezone\n|-damage|p2a: Magnezone|25/100\n|-enditem|p2a: Magnezone|Choice Specs|[from] move: Knock Off|[of] p1a: Tyranitar\n|\n|-weather|Sandstorm|[upkeep]\n|upkeep\n|turn|16\n|\n|t:|1771238833\n|move|p1a: Tyranitar|Knock Off|p2a: Magnezone\n|-damage|p2a: Magnezone|0 fnt\n|faint|p2a: Magnezone\n|\n|-weather|Sandstorm|[upkeep]\n|upkeep\n|\n|t:|1771238839\n|switch|p2a: Pinsir|Pinsir, M|100/100\n|turn|17\n|\n|t:|1771238846\n|detailschange|p2a: Pinsir|Pinsir-Mega, M\n|-mega|p2a: Pinsir|Pinsir|Pinsirite\n|move|p2a: Pinsir|Double-Edge|p1a: Tyranitar\n|-resisted|p1a: Tyranitar\n|-damage|p1a: Tyranitar|0 fnt\n|faint|p1a: Tyranitar\n|detailschange|p1: Tyranitar|Tyranitar, F|[silent]\n|-damage|p2a: Pinsir|96/100|[from] Recoil\n|\n|-weather|none\n|upkeep\n|\n|t:|1771238849\n|switch|p1a: Terapagos|Terapagos, M|100/100\n|-activate|p1a: Terapagos|ability: Tera Shift\n|detailschange|p1a: Terapagos|Terapagos-Terastal, M\n|-heal|p1a: Terapagos|100/100|[silent]\n|turn|18\n|\n|t:|1771238863\n|switch|p2a: Alomomola|Alomomola, F|88/100\n|move|p1a: Terapagos|Tera Starstorm|p2a: Alomomola\n|-damage|p2a: Alomomola|44/100\n|\n|upkeep\n|turn|19\n|\n|t:|1771238880\n|switch|p2a: Rotom|Rotom-Wash|70/100\n|move|p1a: Terapagos|Tera Starstorm|p2a: Rotom\n|-damage|p2a: Rotom|17/100\n|\n|-heal|p2a: Rotom|24/100|[from] item: Leftovers\n|upkeep\n|turn|20\n|\n|t:|1771238886\n|move|p1a: Terapagos|Tera Starstorm|p2a: Rotom\n|-damage|p2a: Rotom|0 fnt\n|faint|p2a: Rotom\n|\n|upkeep\n|\n|t:|1771238889\n|switch|p2a: Alomomola|Alomomola, F|77/100\n|turn|21\n|\n|t:|1771238893\n|move|p1a: Terapagos|Rapid Spin|p2a: Alomomola\n|-damage|p2a: Alomomola|68/100\n|-boost|p1a: Terapagos|spe|1\n|move|p2a: Alomomola|Mirror Coat||[still]\n|-fail|p2a: Alomomola\n|\n|upkeep\n|turn|22\n|\n|t:|1771238898\n|move|p1a: Terapagos|Rapid Spin|p2a: Alomomola\n|-damage|p2a: Alomomola|58/100\n|-boost|p1a: Terapagos|spe|1\n|move|p2a: Alomomola|Wish|p2a: Alomomola\n|\n|upkeep\n|turn|23\n|\n|t:|1771238904\n|move|p1a: Terapagos|Rapid Spin|p2a: Alomomola\n|-damage|p2a: Alomomola|47/100\n|-boost|p1a: Terapagos|spe|1\n|move|p2a: Alomomola|Mirror Coat||[still]\n|-fail|p2a: Alomomola\n|\n|-heal|p2a: Alomomola|97/100|[from] move: Wish|[wisher] Alomomola\n|upkeep\n|turn|24\n|\n|t:|1771238911\n|switch|p1a: Urshifu|Urshifu-Rapid-Strike, F|40/100\n|move|p2a: Alomomola|Mirror Coat||[still]\n|-fail|p2a: Alomomola\n|\n|upkeep\n|turn|25\n|\n|t:|1771238918\n|move|p1a: Urshifu|Close Combat|p2a: Alomomola\n|-damage|p2a: Alomomola|37/100\n|-unboost|p1a: Urshifu|def|1\n|-unboost|p1a: Urshifu|spd|1\n|move|p2a: Alomomola|Wish|p2a: Alomomola\n|\n|upkeep\n|turn|26\n|\n|t:|1771238923\n|switch|p2a: Corviknight|Corviknight, F|80/100\n|-ability|p2a: Corviknight|Pressure\n|move|p1a: Urshifu|Close Combat|p2a: Corviknight\n|-damage|p2a: Corviknight|20/100\n|-unboost|p1a: Urshifu|def|1\n|-unboost|p1a: Urshifu|spd|1\n|\n|-heal|p2a: Corviknight|86/100|[from] move: Wish|[wisher] Alomomola\n|-heal|p2a: Corviknight|92/100|[from] item: Leftovers\n|upkeep\n|turn|27\n|\n|t:|1771238929\n|switch|p2a: Pinsir|Pinsir-Mega, M|96/100\n|move|p1a: Urshifu|Close Combat|p2a: Pinsir\n|-resisted|p2a: Pinsir\n|-damage|p2a: Pinsir|72/100\n|-unboost|p1a: Urshifu|def|1\n|-unboost|p1a: Urshifu|spd|1\n|\n|upkeep\n|turn|28\n|\n|t:|1771238937\n|move|p2a: Pinsir|Double-Edge|p1a: Urshifu\n|-supereffective|p1a: Urshifu\n|-damage|p1a: Urshifu|0 fnt\n|faint|p1a: Urshifu\n|-damage|p2a: Pinsir|56/100|[from] Recoil\n|\n|upkeep\n|\n|t:|1771238939\n|switch|p1a: Terapagos|Terapagos-Terastal, M|100/100\n|turn|29\n|\n|t:|1771238945\n|switch|p2a: Alomomola|Alomomola, F|70/100\n|move|p1a: Terapagos|Tera Starstorm|p2a: Alomomola\n|-damage|p2a: Alomomola|30/100\n|\n|upkeep\n|turn|30\n|\n|t:|1771238954\n|move|p1a: Terapagos|Rapid Spin|p2a: Alomomola\n|-damage|p2a: Alomomola|20/100\n|-boost|p1a: Terapagos|spe|1\n|move|p2a: Alomomola|Flip Turn|p1a: Terapagos\n|-activate|p1a: Terapagos|ability: Tera Shell\n|-resisted|p1a: Terapagos\n|-damage|p1a: Terapagos|92/100\n|\n|t:|1771238967\n|switch|p2a: Landorus|Landorus-Therian, M|8/100|[from] Flip Turn\n|-ability|p2a: Landorus|Intimidate|boost\n|-unboost|p1a: Terapagos|atk|1\n|\n|upkeep\n|turn|31\n|\n|t:|1771238976\n|move|p1a: Terapagos|Tera Starstorm|p2a: Landorus\n|-damage|p2a: Landorus|0 fnt\n|faint|p2a: Landorus\n|\n|upkeep\n|\n|t:|1771238986\n|switch|p2a: Alomomola|Alomomola, F|53/100\n|turn|32\n|\n|t:|1771238999\n|move|p1a: Terapagos|Rapid Spin|p2a: Alomomola\n|-crit|p2a: Alomomola\n|-damage|p2a: Alomomola|39/100\n|-boost|p1a: Terapagos|spe|1\n|move|p2a: Alomomola|Wish|p2a: Alomomola\n|\n|upkeep\n|turn|33\n|\n|t:|1771239004\n|switch|p2a: Corviknight|Corviknight, F|92/100\n|-ability|p2a: Corviknight|Pressure\n|move|p1a: Terapagos|Earth Power|p2a: Corviknight\n|-immune|p2a: Corviknight\n|\n|-heal|p2a: Corviknight|100/100|[from] move: Wish|[wisher] Alomomola\n|upkeep\n|turn|34\n|\n|t:|1771239011\n|switch|p2a: Alomomola|Alomomola, F|72/100\n|move|p1a: Terapagos|Flamethrower|p2a: Alomomola\n|-resisted|p2a: Alomomola\n|-damage|p2a: Alomomola|62/100\n|\n|upkeep\n|turn|35\n|\n|t:|1771239022\n|switch|p2a: Corviknight|Corviknight, F|100/100\n|-ability|p2a: Corviknight|Pressure\n|move|p1a: Terapagos|Flamethrower|p2a: Corviknight\n|-supereffective|p2a: Corviknight\n|-damage|p2a: Corviknight|49/100\n|-status|p2a: Corviknight|brn\n|\n|-heal|p2a: Corviknight|56/100 brn|[from] item: Leftovers\n|-damage|p2a: Corviknight|49/100 brn|[from] brn\n|upkeep\n|turn|36\n|\n|t:|1771239038\n|switch|p2a: Pinsir|Pinsir-Mega, M|56/100\n|move|p1a: Terapagos|Flamethrower|p2a: Pinsir\n|-supereffective|p2a: Pinsir\n|-damage|p2a: Pinsir|0 fnt\n|faint|p2a: Pinsir\n|detailschange|p2: Pinsir|Pinsir, M|[silent]\n|\n|upkeep\n|\n|t:|1771239039\n|switch|p2a: Alomomola|Alomomola, F|95/100\n|turn|37\n|\n|t:|1771239043\n|move|p1a: Terapagos|Rapid Spin|p2a: Alomomola\n|-damage|p2a: Alomomola|88/100\n|-boost|p1a: Terapagos|spe|1\n|move|p2a: Alomomola|Wish|p2a: Alomomola\n|\n|upkeep\n|turn|38\n|\n|t:|1771239048\n|move|p1a: Terapagos|Flamethrower|p2a: Alomomola\n|-resisted|p2a: Alomomola\n|-damage|p2a: Alomomola|78/100\n|-status|p2a: Alomomola|brn\n|move|p2a: Alomomola|Knock Off|p1a: Terapagos\n|-damage|p1a: Terapagos|83/100\n|-enditem|p1a: Terapagos|Heavy-Duty Boots|[from] move: Knock Off|[of] p2a: Alomomola\n|\n|-heal|p2a: Alomomola|100/100 brn|[from] move: Wish|[wisher] Alomomola\n|-damage|p2a: Alomomola|94/100 brn|[from] brn\n|upkeep\n|turn|39\n|\n|t:|1771239053\n|move|p1a: Terapagos|Rapid Spin|p2a: Alomomola\n|-damage|p2a: Alomomola|88/100 brn\n|-boost|p1a: Terapagos|spe|1\n|move|p2a: Alomomola|Wish|p2a: Alomomola\n|\n|-damage|p2a: Alomomola|82/100 brn|[from] brn\n|upkeep\n|turn|40\n|\n|t:|1771239059\n|move|p1a: Terapagos|Rapid Spin|p2a: Alomomola\n|-damage|p2a: Alomomola|74/100 brn\n|-boost|p1a: Terapagos|spe|1\n|move|p2a: Alomomola|Flip Turn|p1a: Terapagos\n|-damage|p1a: Terapagos|75/100\n|\n|t:|1771239061\n|switch|p2a: Corviknight|Corviknight, F|49/100 brn|[from] Flip Turn\n|-ability|p2a: Corviknight|Pressure\n|\n|-heal|p2a: Corviknight|100/100 brn|[from] move: Wish|[wisher] Alomomola\n|-damage|p2a: Corviknight|94/100 brn|[from] brn\n|upkeep\n|turn|41\n|\n|t:|1771239069\n|move|p1a: Terapagos|Earth Power|p2a: Corviknight\n|-immune|p2a: Corviknight\n|move|p2a: Corviknight|Roost|p2a: Corviknight\n|-heal|p2a: Corviknight|100/100 brn\n|-singleturn|p2a: Corviknight|move: Roost\n|\n|-damage|p2a: Corviknight|94/100 brn|[from] brn\n|upkeep\n|turn|42\n|\n|t:|1771239072\n|switch|p2a: Alomomola|Alomomola, F|100/100 brn\n|move|p1a: Terapagos|Flamethrower|p2a: Alomomola\n|-resisted|p2a: Alomomola\n|-damage|p2a: Alomomola|90/100 brn\n|\n|-damage|p2a: Alomomola|83/100 brn|[from] brn\n|upkeep\n|turn|43\n|\n|t:|1771239088\n|move|p1a: Terapagos|Tera Starstorm|p2a: Alomomola\n|-crit|p2a: Alomomola\n|-damage|p2a: Alomomola|23/100 brn\n|move|p2a: Alomomola|Mirror Coat|p1a: Terapagos\n|-damage|p1a: Terapagos|0 fnt\n|faint|p1a: Terapagos\n|\n|-damage|p2a: Alomomola|17/100 brn|[from] brn\n|upkeep\n|\n|t:|1771239091\n|switch|p1a: Tapu Lele|Tapu Lele|74/100\n|-fieldstart|move: Psychic Terrain|[from] ability: Psychic Surge|[of] p1a: Tapu Lele\n|turn|44\n|\n|t:|1771239100\n|move|p1a: Tapu Lele|Psychic|p2a: Alomomola\n|-damage|p2a: Alomomola|0 fnt\n|faint|p2a: Alomomola\n|\n|upkeep\n|\n|t:|1771239103\n|switch|p2a: Corviknight|Corviknight, F|94/100 brn\n|-ability|p2a: Corviknight|Pressure\n|turn|45\n|\n|t:|1771239107\n|move|p1a: Tapu Lele|Psychic|p2a: Corviknight\n|-resisted|p2a: Corviknight\n|-damage|p2a: Corviknight|69/100 brn\n|move|p2a: Corviknight|Defog|p1a: Tapu Lele\n|-unboost|p1a: Tapu Lele|evasion|1\n|-fieldend|move: Psychic Terrain\n|\n|-heal|p2a: Corviknight|75/100 brn|[from] item: Leftovers\n|-damage|p2a: Corviknight|69/100 brn|[from] brn\n|upkeep\n|turn|46\n|\n|t:|1771239109\n|move|p1a: Tapu Lele|Psychic|p2a: Corviknight\n|-resisted|p2a: Corviknight\n|-damage|p2a: Corviknight|46/100 brn\n|move|p2a: Corviknight|Roost|p2a: Corviknight\n|-heal|p2a: Corviknight|96/100 brn\n|-singleturn|p2a: Corviknight|move: Roost\n|\n|-heal|p2a: Corviknight|100/100 brn|[from] item: Leftovers\n|-damage|p2a: Corviknight|94/100 brn|[from] brn\n|upkeep\n|turn|47\n|\n|t:|1771239112\n|move|p1a: Tapu Lele|Psychic|p2a: Corviknight\n|-resisted|p2a: Corviknight\n|-damage|p2a: Corviknight|74/100 brn\n|move|p2a: Corviknight|Brave Bird|p1a: Tapu Lele\n|-damage|p1a: Tapu Lele|46/100\n|-damage|p2a: Corviknight|68/100 brn|[from] Recoil\n|\n|-heal|p2a: Corviknight|74/100 brn|[from] item: Leftovers\n|-damage|p2a: Corviknight|68/100 brn|[from] brn\n|upkeep\n|turn|48\n|\n|t:|1771239115\n|move|p1a: Tapu Lele|Psychic|p2a: Corviknight\n|-resisted|p2a: Corviknight\n|-damage|p2a: Corviknight|45/100 brn\n|move|p2a: Corviknight|Roost|p2a: Corviknight\n|-heal|p2a: Corviknight|95/100 brn\n|-singleturn|p2a: Corviknight|move: Roost\n|\n|-heal|p2a: Corviknight|100/100 brn|[from] item: Leftovers\n|-damage|p2a: Corviknight|94/100 brn|[from] brn\n|upkeep\n|turn|49\n|\n|t:|1771239117\n|move|p1a: Tapu Lele|Psychic|p2a: Corviknight\n|-resisted|p2a: Corviknight\n|-damage|p2a: Corviknight|73/100 brn\n|move|p2a: Corviknight|Brave Bird|p1a: Tapu Lele\n|-damage|p1a: Tapu Lele|20/100\n|-damage|p2a: Corviknight|67/100 brn|[from] Recoil\n|\n|-heal|p2a: Corviknight|73/100 brn|[from] item: Leftovers\n|-damage|p2a: Corviknight|67/100 brn|[from] brn\n|upkeep\n|turn|50\n|\n|t:|1771239119\n|move|p1a: Tapu Lele|Psychic|p2a: Corviknight\n|-resisted|p2a: Corviknight\n|-damage|p2a: Corviknight|43/100 brn\n|move|p2a: Corviknight|Roost|p2a: Corviknight\n|-heal|p2a: Corviknight|93/100 brn\n|-singleturn|p2a: Corviknight|move: Roost\n|\n|-heal|p2a: Corviknight|99/100 brn|[from] item: Leftovers\n|-damage|p2a: Corviknight|93/100 brn|[from] brn\n|upkeep\n|turn|51\n|\n|t:|1771239121\n|move|p1a: Tapu Lele|Psychic|p2a: Corviknight\n|-resisted|p2a: Corviknight\n|-damage|p2a: Corviknight|71/100 brn\n|move|p2a: Corviknight|Brave Bird|p1a: Tapu Lele\n|-crit|p1a: Tapu Lele\n|-damage|p1a: Tapu Lele|0 fnt\n|faint|p1a: Tapu Lele\n|-damage|p2a: Corviknight|66/100 brn|[from] Recoil\n|\n|win|jjznb2\n|raw|lengyue007's rating: 1672 &rarr; <strong>1660</strong><br />(-12 for losing)\n|raw|jjznb2's rating: 1825 &rarr; <strong>1837</strong><br />(+12 for winning)\n|l|‽lengyue007\n|player|p1|\n|l|☆jjznb2\n|player|p2|\n", "uploadtime": 1771239355, "views": 15, "formatid": "gen9nationaldex", "rating": 1660, "private": 0, "password": null}