{"id": "gen9nationaldex-2540677891", "format": "[Gen 9] National Dex", "players": ["Misty Biitch", "ffuy"], "log": "|j|☆Misty Biitch\n|j|☆ffuy\n|t:|1771238788\n|gametype|singles\n|player|p1|Misty Biitch|misty|1659\n|player|p2|ffuy|1|1628\n|gen|9\n|tier|[Gen 9] National Dex\n|rated|\n|rule|HP Percentage Mod: HP is shown in percentages\n|rule|Endless Battle Clause: Forcing endless battles is banned\n|rule|Species Clause: Limit one of each Pokémon\n|rule|OHKO Clause: OHKO moves are banned\n|rule|Evasion Clause: Evasion abilities, items, and moves are banned\n|rule|Evasion Abilities Clause: Evasion abilities are banned\n|rule|Evasion Items Clause: Evasion items are banned\n|rule|Evasion Moves Clause: Evasion moves are banned\n|rule|Sleep Clause Mod: Limit one foe put to sleep\n|rule|Terastal Clause: You cannot Terastallize\n|clearpoke\n|poke|p1|Kingdra, F|\n|poke|p1|Pelipper, F|\n|poke|p1|Swampert, F|\n|poke|p1|Urshifu-*, F|\n|poke|p1|Ludicolo, F|\n|poke|p1|Barraskewda, F|\n|poke|p2|Diancie|\n|poke|p2|Tyranitar, M|\n|poke|p2|Alomomola, M|\n|poke|p2|Gliscor, M|\n|poke|p2|Urshifu-*, F|\n|poke|p2|Kyurem|\n|teampreview\n|inactive|Battle timer is ON: inactive players will automatically lose when time's up. (requested by Misty Biitch)\n|inactive|ffuy also wants the timer to be on.\n|\n|t:|1771238795\n|teamsize|p1|6\n|teamsize|p2|6\n|start\n|switch|p1a: Barraskewda|Barraskewda, F|100/100\n|switch|p2a: Urshifu|Urshifu-Rapid-Strike, F|100/100\n|turn|1\n|\n|t:|1771238806\n|move|p1a: Barraskewda|Flip Turn|p2a: Urshifu\n|-resisted|p2a: Urshifu\n|-damage|p2a: Urshifu|80/100\n|-damage|p1a: Barraskewda|91/100|[from] item: Life Orb\n|\n|t:|1771238813\n|switch|p1a: Swampert|Swampert, F|100/100|[from] Flip Turn\n|move|p2a: Urshifu|Substitute|p2a: Urshifu\n|-start|p2a: Urshifu|Substitute\n|-damage|p2a: Urshifu|55/100\n|\n|-heal|p2a: Urshifu|61/100|[from] item: Leftovers\n|upkeep\n|turn|2\n|\n|t:|1771238819\n|detailschange|p1a: Swampert|Swampert-Mega, F\n|-mega|p1a: Swampert|Swampert|Swampertite\n|move|p2a: Urshifu|Swords Dance|p2a: Urshifu\n|-boost|p2a: Urshifu|atk|2\n|move|p1a: Swampert|Stealth Rock|p2a: Urshifu\n|-sidestart|p2: ffuy|move: Stealth Rock\n|\n|-heal|p2a: Urshifu|67/100|[from] item: Leftovers\n|upkeep\n|turn|3\n|\n|t:|1771238825\n|switch|p1a: Pelipper|Pelipper, F|100/100\n|-weather|RainDance|[from] ability: Drizzle|[of] p1a: Pelipper\n|move|p2a: Urshifu|Swords Dance|p2a: Urshifu\n|-boost|p2a: Urshifu|atk|2\n|\n|-weather|RainDance|[upkeep]\n|-heal|p2a: Urshifu|74/100|[from] item: Leftovers\n|upkeep\n|turn|4\n|\n|t:|1771238833\n|move|p2a: Urshifu|Surging Strikes|p1a: Pelipper\n|-resisted|p1a: Pelipper\n|-crit|p1a: Pelipper\n|-damage|p1a: Pelipper|70/100\n|-resisted|p1a: Pelipper\n|-crit|p1a: Pelipper\n|-damage|p1a: Pelipper|36/100\n|-resisted|p1a: Pelipper\n|-crit|p1a: Pelipper\n|-damage|p1a: Pelipper|4/100\n|-hitcount|p1a: Pelipper|3\n|move|p1a: Pelipper|Hurricane|p2a: Urshifu\n|-supereffective|p2a: Urshifu\n|-end|p2a: Urshifu|Substitute\n|\n|-weather|RainDance|[upkeep]\n|-heal|p2a: Urshifu|80/100|[from] item: Leftovers\n|upkeep\n|turn|5\n|\n|t:|1771238845\n|switch|p1a: Kingdra|Kingdra, F|100/100\n|move|p2a: Urshifu|Drain Punch|p1a: Kingdra\n|-damage|p1a: Kingdra|0 fnt\n|-heal|p2a: Urshifu|100/100|[from] drain|[of] p1a: Kingdra\n|faint|p1a: Kingdra\n|\n|-weather|RainDance|[upkeep]\n|upkeep\n|\n|t:|1771238856\n|switch|p1a: Ludicolo|Ludicolo, F|100/100\n|turn|6\n|\n|t:|1771238860\n|switch|p2a: Tyranitar|Tyranitar, M|100/100\n|-damage|p2a: Tyranitar|88/100|[from] Stealth Rock\n|-weather|Sandstorm|[from] ability: Sand Stream|[of] p2a: Tyranitar\n|move|p1a: Ludicolo|Leaf Storm|p2a: Tyranitar\n|-supereffective|p2a: Tyranitar\n|-damage|p2a: Tyranitar|45/100\n|-unboost|p1a: Ludicolo|spa|2\n|-damage|p1a: Ludicolo|91/100|[from] item: Life Orb\n|\n|-weather|Sandstorm|[upkeep]\n|-damage|p1a: Ludicolo|85/100|[from] Sandstorm\n|upkeep\n|turn|7\n|\n|t:|1771238866\n|move|p1a: Ludicolo|Leaf Storm|p2a: Tyranitar\n|-supereffective|p2a: Tyranitar\n|-damage|p2a: Tyranitar|23/100\n|-unboost|p1a: Ludicolo|spa|2\n|-damage|p1a: Ludicolo|75/100|[from] item: Life Orb\n|move|p2a: Tyranitar|Pursuit|p1a: Ludicolo\n|-damage|p1a: Ludicolo|45/100\n|\n|-weather|Sandstorm|[upkeep]\n|-damage|p1a: Ludicolo|39/100|[from] Sandstorm\n|upkeep\n|turn|8\n|\n|t:|1771238870\n|move|p1a: Ludicolo|Knock Off|p2a: Tyranitar\n|-resisted|p2a: Tyranitar\n|-damage|p2a: Tyranitar|16/100\n|-enditem|p2a: Tyranitar|Assault Vest|[from] move: Knock Off|[of] p1a: Ludicolo\n|-damage|p1a: Ludicolo|29/100|[from] item: Life Orb\n|move|p2a: Tyranitar|Pursuit|p1a: Ludicolo\n|-damage|p1a: Ludicolo|1/100\n|\n|-weather|Sandstorm|[upkeep]\n|-damage|p1a: Ludicolo|0 fnt|[from] Sandstorm\n|faint|p1a: Ludicolo\n|upkeep\n|\n|t:|1771238880\n|switch|p1a: Pelipper|Pelipper, F|4/100\n|-weather|RainDance|[from] ability: Drizzle|[of] p1a: Pelipper\n|turn|9\n|\n|t:|1771238882\n|move|p2a: Tyranitar|Pursuit|p1a: Pelipper\n|-damage|p1a: Pelipper|0 fnt\n|faint|p1a: Pelipper\n|\n|-weather|RainDance|[upkeep]\n|upkeep\n|\n|t:|1771238890\n|switch|p1a: Urshifu|Urshifu-Rapid-Strike, F|100/100\n|turn|10\n|\n|t:|1771238894\n|switch|p2a: Alomomola|Alomomola, M|100/100\n|-damage|p2a: Alomomola|88/100|[from] Stealth Rock\n|move|p1a: Urshifu|Surging Strikes|p2a: Alomomola\n|-resisted|p2a: Alomomola\n|-crit|p2a: Alomomola\n|-damage|p2a: Alomomola|75/100\n|-damage|p1a: Urshifu|84/100|[from] item: Rocky Helmet|[of] p2a: Alomomola\n|-resisted|p2a: Alomomola\n|-crit|p2a: Alomomola\n|-damage|p2a: Alomomola|62/100\n|-damage|p1a: Urshifu|68/100|[from] item: Rocky Helmet|[of] p2a: Alomomola\n|-resisted|p2a: Alomomola\n|-crit|p2a: Alomomola\n|-damage|p2a: Alomomola|49/100\n|-damage|p1a: Urshifu|51/100|[from] item: Rocky Helmet|[of] p2a: Alomomola\n|-hitcount|p2a: Alomomola|3\n|\n|-weather|RainDance|[upkeep]\n|upkeep\n|turn|11\n|\n|t:|1771238909\n|switch|p1a: Swampert|Swampert-Mega, F|100/100\n|switch|p2a: Tyranitar|Tyranitar, M|16/100\n|-damage|p2a: Tyranitar|4/100|[from] Stealth Rock\n|-weather|Sandstorm|[from] ability: Sand Stream|[of] p2a: Tyranitar\n|\n|-weather|Sandstorm|[upkeep]\n|upkeep\n|turn|12\n|\n|t:|1771238916\n|switch|p2a: Alomomola|Alomomola, M|82/100\n|-damage|p2a: Alomomola|70/100|[from] Stealth Rock\n|move|p1a: Swampert|Earthquake|p2a: Alomomola\n|-damage|p2a: Alomomola|34/100\n|\n|-weather|Sandstorm|[upkeep]\n|-damage|p2a: Alomomola|28/100|[from] Sandstorm\n|upkeep\n|turn|13\n|\n|t:|1771238925\n|switch|p2a: Tyranitar|Tyranitar, M|4/100\n|-damage|p2a: Tyranitar|0 fnt|[from] Stealth Rock\n|faint|p2a: Tyranitar\n|move|p1a: Swampert|Earthquake|p2: Tyranitar|[notarget]\n|-fail|p1a: Swampert\n|\n|-weather|Sandstorm|[upkeep]\n|upkeep\n|\n|t:|1771238932\n|switch|p2a: Kyurem|Kyurem|100/100\n|-damage|p2a: Kyurem|76/100|[from] Stealth Rock\n|-ability|p2a: Kyurem|Pressure\n|turn|14\n|\n|t:|1771238939\n|move|p2a: Kyurem|Freeze-Dry|p1a: Swampert\n|-supereffective|p1a: Swampert\n|-damage|p1a: Swampert|0 fnt\n|faint|p1a: Swampert\n|detailschange|p1: Swampert|Swampert, F|[silent]\n|\n|-weather|Sandstorm|[upkeep]\n|-damage|p2a: Kyurem|70/100|[from] Sandstorm\n|upkeep\n|\n|t:|1771238940\n|switch|p1a: Barraskewda|Barraskewda, F|91/100\n|turn|15\n|\n|t:|1771238942\n|move|p2a: Kyurem|Freeze-Dry|p1a: Barraskewda\n|-supereffective|p1a: Barraskewda\n|-damage|p1a: Barraskewda|0 fnt\n|faint|p1a: Barraskewda\n|\n|-weather|none\n|upkeep\n|\n|t:|1771238951\n|switch|p1a: Urshifu|Urshifu-Rapid-Strike, F|51/100\n|turn|16\n|\n|t:|1771238954\n|switch|p2a: Alomomola|Alomomola, M|61/100\n|-damage|p2a: Alomomola|49/100|[from] Stealth Rock\n|move|p1a: Urshifu|Close Combat|p2a: Alomomola\n|-damage|p2a: Alomomola|0 fnt\n|-unboost|p1a: Urshifu|def|1\n|-unboost|p1a: Urshifu|spd|1\n|-damage|p1a: Urshifu|35/100|[from] item: Rocky Helmet|[of] p2a: Alomomola\n|faint|p2a: Alomomola\n|\n|upkeep\n|\n|t:|1771238960\n|switch|p2a: Urshifu|Urshifu-Rapid-Strike, F|100/100\n|-damage|p2a: Urshifu|94/100|[from] Stealth Rock\n|turn|17\n|\n|t:|1771238962\n|move|p2a: Urshifu|Drain Punch|p1a: Urshifu\n|-damage|p1a: Urshifu|0 fnt\n|-heal|p2a: Urshifu|100/100|[from] drain|[of] p1a: Urshifu\n|faint|p1a: Urshifu\n|\n|win|ffuy\n|raw|Misty Biitch's rating: 1659 &rarr; <strong>1637</strong><br />(-22 for losing)\n|raw|ffuy's rating: 1628 &rarr; <strong>1650</strong><br />(+22 for winning)\n|l|☆Misty Biitch\n|player|p1|\n|l|☆ffuy\n|player|p2|\n", "uploadtime": 1771239219, "views": 12, "formatid": "gen9nationaldex", "rating": 1637, "private": 0, "password": null}