{"id": "gen9nationaldex-2540223093", "format": "[Gen 9] National Dex", "players": ["Crsiu", "starebirdxx"], "log": "|j|☆Crsiu\n|j|☆starebirdxx\n|t:|1771177643\n|gametype|singles\n|player|p1|Crsiu|n|1672\n|player|p2|starebirdxx|rosa|1677\n|gen|9\n|tier|[Gen 9] National Dex\n|rated|\n|rule|HP Percentage Mod: HP is shown in percentages\n|rule|Endless Battle Clause: Forcing endless battles is banned\n|rule|Species Clause: Limit one of each Pokémon\n|rule|OHKO Clause: OHKO moves are banned\n|rule|Evasion Clause: Evasion abilities, items, and moves are banned\n|rule|Evasion Abilities Clause: Evasion abilities are banned\n|rule|Evasion Items Clause: Evasion items are banned\n|rule|Evasion Moves Clause: Evasion moves are banned\n|rule|Sleep Clause Mod: Limit one foe put to sleep\n|rule|Terastal Clause: You cannot Terastallize\n|clearpoke\n|poke|p1|Blaziken, M|\n|poke|p1|Tapu Lele|\n|poke|p1|Iron Treads|\n|poke|p1|Ninetales-Alola, M|\n|poke|p1|Raging Bolt|\n|poke|p1|Ursaluna, F|\n|poke|p2|Hatterene, F|\n|poke|p2|Cresselia, F|\n|poke|p2|Porygon2|\n|poke|p2|Ursaluna, M|\n|poke|p2|Mawile, F|\n|poke|p2|Marowak-Alola, M|\n|teampreview\n|inactive|Battle timer is ON: inactive players will automatically lose when time's up. (requested by Crsiu)\n|\n|t:|1771177661\n|teamsize|p1|6\n|teamsize|p2|6\n|start\n|switch|p1a: Raging Bolt|Raging Bolt|100/100\n|switch|p2a: Hatterene|Hatterene, F|100/100\n|turn|1\n|\n|t:|1771177667\n|move|p1a: Raging Bolt|Volt Switch|p2a: Hatterene\n|-damage|p2a: Hatterene|33/100\n|\n|t:|1771177669\n|-end|p1a: Raging Bolt|Protosynthesis|[silent]\n|switch|p1a: Ninetales|Ninetales-Alola, M|100/100|[from] Volt Switch\n|-weather|Snowscape|[from] ability: Snow Warning|[of] p1a: Ninetales\n|-zpower|p2a: Hatterene\n|move|p2a: Hatterene|Twinkle Tackle|p1a: Ninetales|[zeffect]\n|-damage|p1a: Ninetales|0 fnt\n|faint|p1a: Ninetales\n|\n|-weather|Snowscape|[upkeep]\n|upkeep\n|\n|t:|1771177675\n|switch|p1a: Iron Treads|Iron Treads|100/100\n|turn|2\n|\n|t:|1771177681\n|move|p1a: Iron Treads|Knock Off|p2a: Hatterene\n|-damage|p2a: Hatterene|11/100\n|move|p2a: Hatterene|Trick Room|p2a: Hatterene\n|-fieldstart|move: Trick Room|[of] p2a: Hatterene\n|\n|-weather|Snowscape|[upkeep]\n|upkeep\n|turn|3\n|\n|t:|1771177692\n|-end|p1a: Iron Treads|Quark Drive|[silent]\n|switch|p1a: Tapu Lele|Tapu Lele|100/100\n|-fieldstart|move: Psychic Terrain|[from] ability: Psychic Surge|[of] p1a: Tapu Lele\n|move|p2a: Hatterene|Healing Wish|p2a: Hatterene\n|faint|p2a: Hatterene\n|\n|-weather|Snowscape|[upkeep]\n|upkeep\n|\n|t:|1771177695\n|switch|p2a: Marowak|Marowak-Alola, M|100/100\n|turn|4\n|\n|t:|1771177702\n|switch|p1a: Raging Bolt|Raging Bolt|100/100\n|move|p2a: Marowak|Bonemerang|p1a: Raging Bolt\n|-supereffective|p1a: Raging Bolt\n|-damage|p1a: Raging Bolt|53/100\n|-supereffective|p1a: Raging Bolt\n|-damage|p1a: Raging Bolt|9/100\n|-hitcount|p1a: Raging Bolt|2\n|\n|-weather|Snowscape|[upkeep]\n|upkeep\n|turn|5\n|\n|t:|1771177711\n|move|p1a: Raging Bolt|Thunderclap|p2a: Marowak\n|-activate|p2a: Marowak|move: Psychic Terrain\n|move|p2a: Marowak|Flare Blitz|p1a: Raging Bolt\n|-resisted|p1a: Raging Bolt\n|-damage|p1a: Raging Bolt|0 fnt\n|faint|p1a: Raging Bolt\n|-end|p1a: Raging Bolt|Protosynthesis|[silent]\n|\n|-weather|none\n|upkeep\n|\n|t:|1771177720\n|switch|p1a: Blaziken|Blaziken, M, shiny|100/100\n|turn|6\n|\n|t:|1771177724\n|move|p1a: Blaziken|Endure|p1a: Blaziken\n|-singleturn|p1a: Blaziken|move: Endure\n|move|p2a: Marowak|Bonemerang|p1a: Blaziken\n|-supereffective|p1a: Blaziken\n|-damage|p1a: Blaziken|10/100\n|-supereffective|p1a: Blaziken\n|-activate|p1a: Blaziken|move: Endure\n|-damage|p1a: Blaziken|1/100\n|-hitcount|p1a: Blaziken|2\n|\n|-fieldend|move: Trick Room\n|-ability|p1a: Blaziken|Speed Boost|boost\n|-boost|p1a: Blaziken|spe|1\n|upkeep\n|turn|7\n|\n|t:|1771177729\n|switch|p2a: Cresselia|Cresselia, F|100/100\n|move|p1a: Blaziken|Blaze Kick|p2a: Cresselia\n|-damage|p2a: Cresselia|78/100\n|-damage|p1a: Blaziken|0 fnt|[from] item: Rocky Helmet|[of] p2a: Cresselia\n|faint|p1a: Blaziken\n|\n|-fieldend|move: Psychic Terrain\n|upkeep\n|\n|t:|1771177738\n|switch|p1a: Ursaluna|Ursaluna, F|100/100\n|turn|8\n|\n|t:|1771177741\n|move|p2a: Cresselia|Ice Beam|p1a: Ursaluna\n|-supereffective|p1a: Ursaluna\n|-damage|p1a: Ursaluna|72/100\n|move|p1a: Ursaluna|Swords Dance|p1a: Ursaluna\n|-boost|p1a: Ursaluna|atk|2\n|\n|-status|p1a: Ursaluna|brn|[from] item: Flame Orb\n|upkeep\n|turn|9\n|\n|t:|1771177745\n|move|p1a: Ursaluna|Facade|p2a: Cresselia\n|-damage|p2a: Cresselia|0 fnt\n|-damage|p1a: Ursaluna|56/100 brn|[from] item: Rocky Helmet|[of] p2a: Cresselia\n|faint|p2a: Cresselia\n|\n|-damage|p1a: Ursaluna|50/100 brn|[from] brn\n|upkeep\n|\n|t:|1771177753\n|switch|p2a: Mawile|Mawile, F|100/100\n|-ability|p2a: Mawile|Intimidate|boost\n|-unboost|p1a: Ursaluna|atk|1\n|turn|10\n|\n|t:|1771177758\n|detailschange|p2a: Mawile|Mawile-Mega, F\n|-mega|p2a: Mawile|Mawile|Mawilite\n|move|p2a: Mawile|Sucker Punch|p1a: Ursaluna\n|-damage|p1a: Ursaluna|17/100 brn\n|move|p1a: Ursaluna|Fire Punch|p2a: Mawile\n|-supereffective|p2a: Mawile\n|-damage|p2a: Mawile|0 fnt\n|faint|p2a: Mawile\n|detailschange|p2: Mawile|Mawile, F|[silent]\n|\n|-damage|p1a: Ursaluna|11/100 brn|[from] brn\n|upkeep\n|\n|t:|1771177764\n|switch|p2a: Porygon2|Porygon2|100/100\n|-ability|p2a: Porygon2|Guts|Trace|[from] ability: Trace|[of] p1a: Ursaluna\n|turn|11\n|\n|t:|1771177767\n|move|p2a: Porygon2|Tri Attack|p1a: Ursaluna\n|-damage|p1a: Ursaluna|0 fnt\n|faint|p1a: Ursaluna\n|\n|upkeep\n|\n|t:|1771177777\n|switch|p1a: Iron Treads|Iron Treads|100/100\n|turn|12\n|\n|t:|1771177779\n|move|p1a: Iron Treads|Knock Off|p2a: Porygon2\n|-damage|p2a: Porygon2|80/100\n|-enditem|p2a: Porygon2|Eviolite|[from] move: Knock Off|[of] p1a: Iron Treads\n|move|p2a: Porygon2|Tri Attack|p1a: Iron Treads\n|-resisted|p1a: Iron Treads\n|-damage|p1a: Iron Treads|79/100\n|\n|upkeep\n|turn|13\n|\n|t:|1771177782\n|move|p1a: Iron Treads|Stealth Rock|p2a: Porygon2\n|-sidestart|p2: starebirdxx|move: Stealth Rock\n|move|p2a: Porygon2|Trick Room|p2a: Porygon2\n|-fieldstart|move: Trick Room|[of] p2a: Porygon2\n|\n|upkeep\n|turn|14\n|\n|t:|1771177788\n|move|p1a: Iron Treads|Knock Off|p2a: Porygon2\n|-damage|p2a: Porygon2|61/100\n|move|p2a: Porygon2|Teleport|p2a: Porygon2\n|\n|t:|1771177791\n|switch|p2a: Marowak|Marowak-Alola, M|100/100|[from] Teleport\n|-damage|p2a: Marowak|76/100|[from] Stealth Rock\n|\n|upkeep\n|turn|15\n|\n|t:|1771177794\n|move|p2a: Marowak|Flare Blitz|p1a: Iron Treads\n|-supereffective|p1a: Iron Treads\n|-damage|p1a: Iron Treads|0 fnt\n|faint|p1a: Iron Treads\n|-end|p1a: Iron Treads|Quark Drive|[silent]\n|\n|upkeep\n|\n|t:|1771177796\n|switch|p1a: Tapu Lele|Tapu Lele|100/100\n|-fieldstart|move: Psychic Terrain|[from] ability: Psychic Surge|[of] p1a: Tapu Lele\n|turn|16\n|\n|t:|1771177800\n|move|p2a: Marowak|Flare Blitz|p1a: Tapu Lele\n|-damage|p1a: Tapu Lele|0 fnt\n|faint|p1a: Tapu Lele\n|\n|win|starebirdxx\n|raw|Crsiu's rating: 1649 &rarr; <strong>1631</strong><br />(-18 for losing)\n|raw|starebirdxx's rating: 1677 &rarr; <strong>1695</strong><br />(+18 for winning)\n|l|☆Crsiu\n|player|p1|\n|l|☆starebirdxx\n|player|p2|\n", "uploadtime": 1771177952, "views": 7, "formatid": "gen9nationaldex", "rating": 1631, "private": 0, "password": null}