{"id": "gen9nationaldex-2540377233", "format": "[Gen 9] National Dex", "players": ["he898", "Jadii_Xii"], "log": "|j|☆he898\n|j|☆Jadii_Xii\n|t:|1771194711\n|gametype|singles\n|player|p1|he898|ghetsis-gen5bw|1593\n|player|p2|Jadii_Xii|aaron|1634\n|gen|9\n|tier|[Gen 9] National Dex\n|rated|\n|rule|HP Percentage Mod: HP is shown in percentages\n|rule|Endless Battle Clause: Forcing endless battles is banned\n|rule|Species Clause: Limit one of each Pokémon\n|rule|OHKO Clause: OHKO moves are banned\n|rule|Evasion Clause: Evasion abilities, items, and moves are banned\n|rule|Evasion Abilities Clause: Evasion abilities are banned\n|rule|Evasion Items Clause: Evasion items are banned\n|rule|Evasion Moves Clause: Evasion moves are banned\n|rule|Sleep Clause Mod: Limit one foe put to sleep\n|rule|Terastal Clause: You cannot Terastallize\n|clearpoke\n|poke|p1|Gyarados, M|\n|poke|p1|Dragonite, M|\n|poke|p1|Iron Treads|\n|poke|p1|Okidogi, M|\n|poke|p1|Ceruledge, M|\n|poke|p1|Serperior, M|\n|poke|p2|Urshifu-*, M|\n|poke|p2|Porygon-Z|\n|poke|p2|Gengar, F|\n|poke|p2|Grimmsnarl, M|\n|poke|p2|Garchomp, F|\n|poke|p2|Volcarona, M|\n|teampreview\n|inactive|Battle timer is ON: inactive players will automatically lose when time's up. (requested by Jadii_Xii)\n|\n|t:|1771194717\n|teamsize|p1|6\n|teamsize|p2|6\n|start\n|switch|p1a: Iron Treads|Iron Treads|100/100\n|switch|p2a: Garchomp|Garchomp, F|100/100\n|turn|1\n|\n|t:|1771194721\n|move|p1a: Iron Treads|Stealth Rock|p2a: Garchomp\n|-sidestart|p2: Jadii_Xii|move: Stealth Rock\n|move|p2a: Garchomp|Earthquake|p1a: Iron Treads\n|-supereffective|p1a: Iron Treads\n|-damage|p1a: Iron Treads|24/100\n|\n|upkeep\n|turn|2\n|\n|t:|1771194726\n|-end|p1a: Iron Treads|Quark Drive|[silent]\n|switch|p1a: Serperior|Serperior, M|100/100\n|move|p2a: Garchomp|Stealth Rock|p1a: Serperior\n|-sidestart|p1: he898|move: Stealth Rock\n|\n|upkeep\n|turn|3\n|\n|t:|1771194732\n|move|p1a: Serperior|Leaf Storm|p2a: Garchomp\n|-damage|p2a: Garchomp|62/100\n|-boost|p1a: Serperior|spa|2\n|move|p2a: Garchomp|Dragon Claw|p1a: Serperior\n|-damage|p1a: Serperior|57/100\n|\n|-heal|p1a: Serperior|63/100|[from] item: Leftovers\n|upkeep\n|turn|4\n|\n|t:|1771194737\n|move|p1a: Serperior|Leaf Storm|p2a: Garchomp\n|-crit|p2a: Garchomp\n|-damage|p2a: Garchomp|0 fnt\n|-boost|p1a: Serperior|spa|2\n|faint|p2a: Garchomp\n|\n|-heal|p1a: Serperior|69/100|[from] item: Leftovers\n|upkeep\n|\n|t:|1771194739\n|switch|p2a: Volcarona|Volcarona, M|100/100\n|turn|5\n|\n|t:|1771194742\n|move|p1a: Serperior|Glare|p2a: Volcarona\n|-status|p2a: Volcarona|par\n|cant|p2a: Volcarona|par\n|\n|-heal|p1a: Serperior|75/100|[from] item: Leftovers\n|upkeep\n|turn|6\n|\n|t:|1771194746\n|move|p1a: Serperior|Hidden Power|p2a: Volcarona\n|-damage|p2a: Volcarona|59/100 par\n|move|p2a: Volcarona|Bug Buzz|p1a: Serperior\n|-supereffective|p1a: Serperior\n|-damage|p1a: Serperior|0 fnt\n|faint|p1a: Serperior\n|\n|upkeep\n|\n|t:|1771194753\n|switch|p1a: Iron Treads|Iron Treads|24/100\n|-damage|p1a: Iron Treads|21/100|[from] Stealth Rock\n|turn|7\n|\n|t:|1771194756\n|switch|p2a: Gengar|Gengar, F|100/100\n|-damage|p2a: Gengar|88/100|[from] Stealth Rock\n|move|p1a: Iron Treads|Rapid Spin|p2a: Gengar\n|-immune|p2a: Gengar\n|\n|upkeep\n|turn|8\n|\n|t:|1771194762\n|-end|p1a: Iron Treads|Quark Drive|[silent]\n|switch|p1a: Okidogi|Okidogi, M|100/100\n|-damage|p1a: Okidogi|94/100|[from] Stealth Rock\n|move|p2a: Gengar|Perish Song|p2a: Gengar\n|-start|p1a: Okidogi|perish3|[silent]\n|-start|p2a: Gengar|perish3|[silent]\n|-fieldactivate|move: Perish Song\n|\n|-heal|p1a: Okidogi|100/100|[from] item: Black Sludge\n|-start|p2a: Gengar|perish3\n|-start|p1a: Okidogi|perish3\n|upkeep\n|turn|9\n|\n|t:|1771194766\n|move|p2a: Gengar|Taunt|p1a: Okidogi\n|-start|p1a: Okidogi|move: Taunt\n|move|p1a: Okidogi|Ice Punch|p2a: Gengar\n|-damage|p2a: Gengar|34/100\n|\n|-start|p2a: Gengar|perish2\n|-start|p1a: Okidogi|perish2\n|upkeep\n|turn|10\n|\n|t:|1771194771\n|move|p2a: Gengar|Mean Look|p1a: Okidogi\n|-activate|p1a: Okidogi|trapped\n|move|p1a: Okidogi|Ice Punch|p2a: Gengar\n|-damage|p2a: Gengar|0 fnt\n|faint|p2a: Gengar\n|\n|-start|p1a: Okidogi|perish1\n|upkeep\n|\n|t:|1771194772\n|switch|p2a: Porygon-Z|Porygon-Z, shiny|100/100\n|-damage|p2a: Porygon-Z|88/100|[from] Stealth Rock\n|-ability|p2a: Porygon-Z|Download|boost\n|-boost|p2a: Porygon-Z|spa|1\n|turn|11\n|\n|t:|1771194774\n|-zpower|p2a: Porygon-Z\n|move|p2a: Porygon-Z|Z-Conversion|p2a: Porygon-Z|[anim]Conversion\n|-boost|p2a: Porygon-Z|atk|1|[zeffect]\n|-boost|p2a: Porygon-Z|def|1|[zeffect]\n|-boost|p2a: Porygon-Z|spa|1|[zeffect]\n|-boost|p2a: Porygon-Z|spd|1|[zeffect]\n|-boost|p2a: Porygon-Z|spe|1|[zeffect]\n|-start|p2a: Porygon-Z|typechange|Ghost\n|move|p1a: Okidogi|Drain Punch|p2a: Porygon-Z\n|-immune|p2a: Porygon-Z\n|\n|-end|p1a: Okidogi|move: Taunt\n|-start|p1a: Okidogi|perish0\n|upkeep\n|faint|p1a: Okidogi\n|\n|t:|1771194784\n|switch|p1a: Gyarados|Gyarados, M|100/100\n|-damage|p1a: Gyarados|76/100|[from] Stealth Rock\n|-ability|p1a: Gyarados|Intimidate|boost\n|-unboost|p2a: Porygon-Z|atk|1\n|turn|12\n|\n|t:|1771194787\n|detailschange|p1a: Gyarados|Gyarados-Mega, M\n|-mega|p1a: Gyarados|Gyarados|Gyaradosite\n|-ability|p1a: Gyarados|Mold Breaker\n|move|p2a: Porygon-Z|Thunderbolt|p1a: Gyarados\n|-supereffective|p1a: Gyarados\n|-damage|p1a: Gyarados|0 fnt\n|faint|p1a: Gyarados\n|detailschange|p1: Gyarados|Gyarados, M|[silent]\n|\n|upkeep\n|-message|he898 forfeited.\n|\n|win|Jadii_Xii\n|raw|he898's rating: 1593 &rarr; <strong>1575</strong><br />(-18 for losing)\n|raw|Jadii_Xii's rating: 1634 &rarr; <strong>1652</strong><br />(+18 for winning)\n|l|☆he898\n|player|p1|\n|l|☆Jadii_Xii\n|player|p2|\n", "uploadtime": 1771195019, "views": 9, "formatid": "gen9nationaldex", "rating": 1575, "private": 0, "password": null}