{"id": "gen9nationaldex-2540489147", "format": "[Gen 9] National Dex", "players": ["kingsy14", "susbra"], "log": "|j|☆kingsy14\n|j|☆susbra\n|t:|1771208376\n|gametype|singles\n|player|p1|kingsy14|veteran|1476\n|player|p2|susbra|2|1570\n|gen|9\n|tier|[Gen 9] National Dex\n|rated|\n|rule|HP Percentage Mod: HP is shown in percentages\n|rule|Endless Battle Clause: Forcing endless battles is banned\n|rule|Species Clause: Limit one of each Pokémon\n|rule|OHKO Clause: OHKO moves are banned\n|rule|Evasion Clause: Evasion abilities, items, and moves are banned\n|rule|Evasion Abilities Clause: Evasion abilities are banned\n|rule|Evasion Items Clause: Evasion items are banned\n|rule|Evasion Moves Clause: Evasion moves are banned\n|rule|Sleep Clause Mod: Limit one foe put to sleep\n|rule|Terastal Clause: You cannot Terastallize\n|clearpoke\n|poke|p1|Tyranitar, M|\n|poke|p1|Tapu Lele|\n|poke|p1|Meowscarada, F|\n|poke|p1|Corviknight, F|\n|poke|p1|Nidoking, M|\n|poke|p1|Volcanion|\n|poke|p2|Glimmora, F|\n|poke|p2|Garchomp, M|\n|poke|p2|Diancie|\n|poke|p2|Latios, M|\n|poke|p2|Tyranitar, M|\n|poke|p2|Terapagos, M|\n|teampreview\n|inactive|Battle timer is ON: inactive players will automatically lose when time's up. (requested by kingsy14)\n|\n|t:|1771208391\n|teamsize|p1|6\n|teamsize|p2|6\n|start\n|switch|p1a: Tapu Lele|Tapu Lele|100/100\n|switch|p2a: Latios|Latios, M|100/100\n|-fieldstart|move: Psychic Terrain|[from] ability: Psychic Surge|[of] p1a: Tapu Lele\n|turn|1\n|\n|t:|1771208397\n|move|p2a: Latios|Luster Purge|p1a: Tapu Lele\n|-resisted|p1a: Tapu Lele\n|-damage|p1a: Tapu Lele|78/100\n|-unboost|p1a: Tapu Lele|spd|1\n|move|p1a: Tapu Lele|Moonblast|p2a: Latios\n|-supereffective|p2a: Latios\n|-damage|p2a: Latios|0 fnt\n|faint|p2a: Latios\n|\n|upkeep\n|\n|t:|1771208403\n|switch|p2a: Glimmora|Glimmora, F|100/100\n|turn|2\n|\n|t:|1771208405\n|move|p2a: Glimmora|Sludge Wave|p1a: Tapu Lele\n|-supereffective|p1a: Tapu Lele\n|-damage|p1a: Tapu Lele|0 fnt\n|faint|p1a: Tapu Lele\n|\n|upkeep\n|\n|t:|1771208413\n|switch|p1a: Nidoking|Nidoking, M|100/100\n|turn|3\n|\n|t:|1771208420\n|switch|p2a: Terapagos|Terapagos, M|100/100\n|-activate|p2a: Terapagos|ability: Tera Shift\n|detailschange|p2a: Terapagos|Terapagos-Terastal, M\n|-heal|p2a: Terapagos|100/100|[silent]\n|move|p1a: Nidoking|Earth Power|p2a: Terapagos\n|-activate|p2a: Terapagos|ability: Tera Shell\n|-resisted|p2a: Terapagos\n|-damage|p2a: Terapagos|69/100\n|\n|upkeep\n|turn|4\n|\n|t:|1771208423\n|switch|p1a: Tyranitar|Tyranitar, M|100/100\n|-weather|Sandstorm|[from] ability: Sand Stream|[of] p1a: Tyranitar\n|move|p2a: Terapagos|Ice Beam|p1a: Tyranitar\n|-damage|p1a: Tyranitar|84/100\n|\n|-weather|Sandstorm|[upkeep]\n|-damage|p2a: Terapagos|63/100|[from] Sandstorm\n|upkeep\n|turn|5\n|\n|t:|1771208427\n|detailschange|p1a: Tyranitar|Tyranitar-Mega, M\n|-mega|p1a: Tyranitar|Tyranitar|Tyranitarite\n|move|p2a: Terapagos|Tera Starstorm|p1a: Tyranitar\n|-resisted|p1a: Tyranitar\n|-damage|p1a: Tyranitar|69/100\n|move|p1a: Tyranitar|Knock Off|p2a: Terapagos\n|-damage|p2a: Terapagos|3/100\n|-enditem|p2a: Terapagos|Heavy-Duty Boots|[from] move: Knock Off|[of] p1a: Tyranitar\n|\n|-weather|Sandstorm|[upkeep]\n|-damage|p2a: Terapagos|0 fnt|[from] Sandstorm\n|faint|p2a: Terapagos\n|-fieldend|move: Psychic Terrain\n|upkeep\n|\n|t:|1771208432\n|switch|p2a: Tyranitar|Tyranitar, M|100/100\n|turn|6\n|\n|t:|1771208434\n|move|p2a: Tyranitar|Superpower|p1a: Tyranitar\n|-supereffective|p1a: Tyranitar\n|-damage|p1a: Tyranitar|0 fnt\n|-unboost|p2a: Tyranitar|atk|1\n|-unboost|p2a: Tyranitar|def|1\n|faint|p1a: Tyranitar\n|detailschange|p1: Tyranitar|Tyranitar, M|[silent]\n|\n|-weather|Sandstorm|[upkeep]\n|upkeep\n|\n|t:|1771208437\n|switch|p1a: Nidoking|Nidoking, M|100/100\n|turn|7\n|\n|t:|1771208443\n|switch|p2a: Garchomp|Garchomp, M|100/100\n|move|p1a: Nidoking|Ice Beam|p2a: Garchomp\n|-supereffective|p2a: Garchomp\n|-damage|p2a: Garchomp|0 fnt\n|faint|p2a: Garchomp\n|\n|-weather|Sandstorm|[upkeep]\n|upkeep\n|\n|t:|1771208446\n|switch|p2a: Glimmora|Glimmora, F|100/100\n|turn|8\n|\n|t:|1771208449\n|switch|p1a: Corviknight|Corviknight, F|100/100\n|move|p2a: Glimmora|Earth Power|p1a: Corviknight\n|-immune|p1a: Corviknight\n|\n|-weather|none\n|upkeep\n|turn|9\n|\n|t:|1771208452\n|switch|p2a: Diancie|Diancie|100/100\n|move|p1a: Corviknight|U-turn|p2a: Diancie\n|-resisted|p2a: Diancie\n|-damage|p2a: Diancie|92/100\n|\n|t:|1771208454\n|switch|p1a: Meowscarada|Meowscarada, F|100/100|[from] U-turn\n|\n|upkeep\n|turn|10\n|\n|t:|1771208456\n|detailschange|p2a: Diancie|Diancie-Mega\n|-mega|p2a: Diancie|Diancie|Diancite\n|move|p1a: Meowscarada|Flower Trick|p2a: Diancie\n|-start|p1a: Meowscarada|typechange|Grass|[from] ability: Protean\n|-supereffective|p2a: Diancie\n|-crit|p2a: Diancie\n|-damage|p2a: Diancie|0 fnt\n|faint|p2a: Diancie\n|detailschange|p2: Diancie|Diancie|[silent]\n|\n|upkeep\n|\n|t:|1771208459\n|switch|p2a: Glimmora|Glimmora, F|100/100\n|turn|11\n|\n|t:|1771208461\n|move|p1a: Meowscarada|Flower Trick|p2a: Glimmora\n|-crit|p2a: Glimmora\n|-damage|p2a: Glimmora|36/100\n|-activate|p2a: Glimmora|ability: Toxic Debris\n|-sidestart|p1: kingsy14|move: Toxic Spikes\n|move|p2a: Glimmora|Power Gem|p1a: Meowscarada\n|-damage|p1a: Meowscarada|31/100\n|\n|upkeep\n|turn|12\n|\n|t:|1771208463\n|move|p1a: Meowscarada|Flower Trick|p2a: Glimmora\n|-crit|p2a: Glimmora\n|-damage|p2a: Glimmora|0 fnt\n|-activate|p2a: Glimmora|ability: Toxic Debris\n|-sidestart|p1: kingsy14|move: Toxic Spikes\n|faint|p2a: Glimmora\n|\n|upkeep\n|\n|t:|1771208465\n|switch|p2a: Tyranitar|Tyranitar, M|100/100\n|-weather|Sandstorm|[from] ability: Sand Stream|[of] p2a: Tyranitar\n|turn|13\n|\n|t:|1771208469\n|move|p1a: Meowscarada|Flower Trick|p2a: Tyranitar\n|-supereffective|p2a: Tyranitar\n|-crit|p2a: Tyranitar\n|-damage|p2a: Tyranitar|0 fnt\n|faint|p2a: Tyranitar\n|\n|win|kingsy14\n|raw|kingsy14's rating: 1476 &rarr; <strong>1502</strong><br />(+26 for winning)\n|raw|susbra's rating: 1585 &rarr; <strong>1559</strong><br />(-26 for losing)\n|l|☆susbra\n|player|p2|\n|l|☆kingsy14\n|player|p1|\n|j|☆kingsy14\n|player|p1|kingsy14|veteran|\n", "uploadtime": 1771208475, "views": 7, "formatid": "gen9nationaldex", "rating": 1502, "private": 0, "password": null}