{"id": "gen9nationaldex-2540225591", "format": "[Gen 9] National Dex", "players": ["lpop", "whiteeey_11x"], "log": "|j|☆lpop\n|j|☆whiteeey_11x\n|t:|1771177923\n|gametype|singles\n|player|p1|lpop|roxie|1573\n|player|p2|whiteeey_11x|byron|1555\n|gen|9\n|tier|[Gen 9] National Dex\n|rated|\n|rule|HP Percentage Mod: HP is shown in percentages\n|rule|Endless Battle Clause: Forcing endless battles is banned\n|rule|Species Clause: Limit one of each Pokémon\n|rule|OHKO Clause: OHKO moves are banned\n|rule|Evasion Clause: Evasion abilities, items, and moves are banned\n|rule|Evasion Abilities Clause: Evasion abilities are banned\n|rule|Evasion Items Clause: Evasion items are banned\n|rule|Evasion Moves Clause: Evasion moves are banned\n|rule|Sleep Clause Mod: Limit one foe put to sleep\n|rule|Terastal Clause: You cannot Terastallize\n|clearpoke\n|poke|p1|Lopunny, F|\n|poke|p1|Ferrothorn, F|\n|poke|p1|Zapdos|\n|poke|p1|Tapu Lele|\n|poke|p1|Blissey, F|\n|poke|p1|Terapagos, M|\n|poke|p2|Indeedee, M|\n|poke|p2|Medicham, M|\n|poke|p2|Araquanid, F|\n|poke|p2|Kingambit, M|\n|poke|p2|Corviknight, M|\n|poke|p2|Sinistcha|\n|teampreview\n|inactive|Battle timer is ON: inactive players will automatically lose when time's up. (requested by lpop)\n|\n|t:|1771177942\n|teamsize|p1|6\n|teamsize|p2|6\n|start\n|switch|p1a: Ferrothorn|Ferrothorn, F|100/100\n|switch|p2a: Indeedee|Indeedee, M|100/100\n|-fieldstart|move: Psychic Terrain|[from] ability: Psychic Surge|[of] p2a: Indeedee\n|turn|1\n|\n|t:|1771177949\n|move|p2a: Indeedee|Mystical Fire|p1a: Ferrothorn\n|-supereffective|p1a: Ferrothorn\n|-damage|p1a: Ferrothorn|23/100\n|-unboost|p1a: Ferrothorn|spa|1\n|move|p1a: Ferrothorn|Stealth Rock|p2a: Indeedee\n|-sidestart|p2: whiteeey_11x|move: Stealth Rock\n|\n|upkeep\n|turn|2\n|\n|t:|1771177958\n|switch|p1a: Blissey|Blissey, F|100/100\n|move|p2a: Indeedee|Mystical Fire|p1a: Blissey\n|-damage|p1a: Blissey|92/100\n|-unboost|p1a: Blissey|spa|1\n|\n|-heal|p1a: Blissey|98/100|[from] item: Leftovers\n|upkeep\n|turn|3\n|\n|t:|1771177970\n|switch|p2a: Gwenn|Araquanid, F|100/100\n|-damage|p2a: Gwenn|75/100|[from] Stealth Rock\n|move|p1a: Blissey|Wish|p1a: Blissey\n|\n|-heal|p1a: Blissey|100/100|[from] item: Leftovers\n|upkeep\n|turn|4\n|\n|t:|1771177978\n|switch|p1a: Ferrothorn|Ferrothorn, F|23/100\n|move|p2a: Gwenn|Sticky Web|p1a: Ferrothorn\n|-sidestart|p1: lpop|move: Sticky Web\n|\n|-heal|p1a: Ferrothorn|100/100|[from] move: Wish|[wisher] Blissey\n|upkeep\n|turn|5\n|\n|t:|1771178000\n|switch|p2a: Own Souul|Medicham, M|100/100\n|-damage|p2a: Own Souul|94/100|[from] Stealth Rock\n|switch|p1a: Zapdos|Zapdos|100/100\n|\n|-fieldend|move: Psychic Terrain\n|upkeep\n|turn|6\n|\n|t:|1771178013\n|switch|p1a: Ferrothorn|Ferrothorn, F|100/100\n|-activate|p1a: Ferrothorn|move: Sticky Web\n|-unboost|p1a: Ferrothorn|spe|1\n|detailschange|p2a: Own Souul|Medicham-Mega, M\n|-mega|p2a: Own Souul|Medicham|Medichamite\n|move|p2a: Own Souul|Ice Punch|p1a: Ferrothorn\n|-damage|p1a: Ferrothorn|69/100\n|-damage|p2a: Own Souul|82/100|[from] ability: Iron Barbs|[of] p1a: Ferrothorn\n|-damage|p2a: Own Souul|66/100|[from] item: Rocky Helmet|[of] p1a: Ferrothorn\n|\n|upkeep\n|turn|7\n|\n|t:|1771178024\n|switch|p1a: Zapdos|Zapdos|100/100\n|move|p2a: Own Souul|Close Combat|p1a: Zapdos\n|-resisted|p1a: Zapdos\n|-damage|p1a: Zapdos|35/100\n|-unboost|p2a: Own Souul|def|1\n|-unboost|p2a: Own Souul|spd|1\n|-status|p2a: Own Souul|par|[from] ability: Static|[of] p1a: Zapdos\n|\n|-heal|p1a: Zapdos|41/100|[from] item: Leftovers\n|upkeep\n|turn|8\n|\n|t:|1771178034\n|move|p1a: Zapdos|Volt Switch|p2a: Own Souul\n|-damage|p2a: Own Souul|0 fnt\n|faint|p2a: Own Souul\n|detailschange|p2: Own Souul|Medicham, M|[silent]\n|\n|t:|1771178038\n|switch|p1a: Terapagos|Terapagos, M|100/100|[from] Volt Switch\n|-activate|p1a: Terapagos|ability: Tera Shift\n|detailschange|p1a: Terapagos|Terapagos-Terastal, M\n|-heal|p1a: Terapagos|100/100|[silent]\n|\n|upkeep\n|\n|t:|1771178050\n|switch|p2a: Karasuno|Corviknight, M|100/100\n|-damage|p2a: Karasuno|88/100|[from] Stealth Rock\n|-ability|p2a: Karasuno|Pressure\n|turn|9\n|\n|t:|1771178074\n|move|p1a: Terapagos|Rapid Spin|p2a: Karasuno\n|-resisted|p2a: Karasuno\n|-damage|p2a: Karasuno|83/100\n|-boost|p1a: Terapagos|spe|1\n|-damage|p1a: Terapagos|84/100|[from] item: Rocky Helmet|[of] p2a: Karasuno\n|-sideend|p1: lpop|Sticky Web|[from] move: Rapid Spin|[of] p1a: Terapagos\n|move|p2a: Karasuno|U-turn|p1a: Terapagos\n|-damage|p1a: Terapagos|70/100\n|\n|t:|1771178094\n|switch|p2a: Indeedee|Indeedee, M|100/100|[from] U-turn\n|-damage|p2a: Indeedee|88/100|[from] Stealth Rock\n|-fieldstart|move: Psychic Terrain|[from] ability: Psychic Surge|[of] p2a: Indeedee\n|\n|upkeep\n|turn|10\n|\n|t:|1771178100\n|move|p1a: Terapagos|Tera Starstorm|p2a: Indeedee\n|-damage|p2a: Indeedee|9/100\n|move|p2a: Indeedee|Expanding Force|p1a: Terapagos\n|-damage|p1a: Terapagos|0 fnt\n|faint|p1a: Terapagos\n|\n|upkeep\n|\n|t:|1771178107\n|switch|p1a: Lopunny|Lopunny, F|100/100\n|turn|11\n|\n|t:|1771178111\n|detailschange|p1a: Lopunny|Lopunny-Mega, F\n|-mega|p1a: Lopunny|Lopunny|Lopunnite\n|move|p2a: Indeedee|Expanding Force|p1a: Lopunny\n|-supereffective|p1a: Lopunny\n|-damage|p1a: Lopunny|0 fnt\n|faint|p1a: Lopunny\n|detailschange|p1: Lopunny|Lopunny, F|[silent]\n|\n|upkeep\n|\n|t:|1771178116\n|switch|p1a: Tapu Lele|Tapu Lele|100/100\n|turn|12\n|\n|t:|1771178121\n|move|p2a: Indeedee|Expanding Force|p1a: Tapu Lele\n|-resisted|p1a: Tapu Lele\n|-damage|p1a: Tapu Lele|59/100\n|move|p1a: Tapu Lele|Psychic|p2a: Indeedee\n|-resisted|p2a: Indeedee\n|-damage|p2a: Indeedee|0 fnt\n|faint|p2a: Indeedee\n|\n|upkeep\n|inactive|whiteeey_11x has 120 seconds left.\n|\n|t:|1771178153\n|switch|p2a: Noaa|Kingambit, M|100/100\n|-damage|p2a: Noaa|94/100|[from] Stealth Rock\n|-activate|p2a: Noaa|ability: Supreme Overlord\n|-start|p2a: Noaa|fallen2|[silent]\n|turn|13\n|\n|t:|1771178159\n|switch|p1a: Ferrothorn|Ferrothorn, F|69/100\n|move|p2a: Noaa|Swords Dance|p2a: Noaa\n|-boost|p2a: Noaa|atk|2\n|\n|-fieldend|move: Psychic Terrain\n|upkeep\n|turn|14\n|\n|t:|1771178166\n|move|p2a: Noaa|Knock Off|p1a: Ferrothorn\n|-damage|p1a: Ferrothorn|0 fnt\n|-damage|p2a: Noaa|82/100|[from] ability: Iron Barbs|[of] p1a: Ferrothorn\n|-damage|p2a: Noaa|65/100|[from] item: Rocky Helmet|[of] p1a: Ferrothorn\n|-enditem|p1a: Ferrothorn|Rocky Helmet|[from] move: Knock Off|[of] p2a: Noaa\n|faint|p1a: Ferrothorn\n|\n|upkeep\n|\n|t:|1771178169\n|switch|p1a: Zapdos|Zapdos|41/100\n|turn|15\n|\n|t:|1771178174\n|move|p2a: Noaa|Sucker Punch||[still]\n|-fail|p2a: Noaa\n|move|p1a: Zapdos|Roost|p1a: Zapdos\n|-heal|p1a: Zapdos|91/100\n|-singleturn|p1a: Zapdos|move: Roost\n|\n|-heal|p1a: Zapdos|98/100|[from] item: Leftovers\n|upkeep\n|turn|16\n|\n|t:|1771178182\n|move|p1a: Zapdos|Heat Wave|p2a: Noaa\n|-supereffective|p2a: Noaa\n|-damage|p2a: Noaa|7/100\n|move|p2a: Noaa|Knock Off|p1a: Zapdos\n|-damage|p1a: Zapdos|0 fnt\n|-enditem|p1a: Zapdos|Leftovers|[from] move: Knock Off|[of] p2a: Noaa\n|faint|p1a: Zapdos\n|\n|upkeep\n|\n|t:|1771178185\n|switch|p1a: Tapu Lele|Tapu Lele|59/100\n|-fieldstart|move: Psychic Terrain|[from] ability: Psychic Surge|[of] p1a: Tapu Lele\n|turn|17\n|\n|t:|1771178196\n|move|p1a: Tapu Lele|Moonblast|p2a: Noaa\n|-damage|p2a: Noaa|0 fnt\n|faint|p2a: Noaa\n|-end|p2a: Noaa|fallen2|[silent]\n|\n|upkeep\n|\n|t:|1771178202\n|switch|p2a: Gwenn|Araquanid, F|75/100\n|-damage|p2a: Gwenn|50/100|[from] Stealth Rock\n|turn|18\n|\n|t:|1771178206\n|move|p1a: Tapu Lele|Moonblast|p2a: Gwenn\n|-damage|p2a: Gwenn|16/100\n|move|p2a: Gwenn|Liquidation|p1a: Tapu Lele\n|-damage|p1a: Tapu Lele|0 fnt\n|faint|p1a: Tapu Lele\n|\n|upkeep\n|\n|t:|1771178208\n|switch|p1a: Blissey|Blissey, F|100/100\n|turn|19\n|-enditem|p2a: Gwenn|Custap Berry|[eat]\n|-activate|p2a: Gwenn|item: Custap Berry|[consumed]\n|\n|t:|1771178214\n|move|p2a: Gwenn|Liquidation|p1a: Blissey\n|-damage|p1a: Blissey|63/100\n|move|p1a: Blissey|Seismic Toss|p2a: Gwenn\n|-damage|p2a: Gwenn|0 fnt\n|faint|p2a: Gwenn\n|\n|-heal|p1a: Blissey|69/100|[from] item: Leftovers\n|upkeep\n|\n|t:|1771178223\n|switch|p2a: Karasuno|Corviknight, M|83/100\n|-damage|p2a: Karasuno|71/100|[from] Stealth Rock\n|-ability|p2a: Karasuno|Pressure\n|turn|20\n|\n|t:|1771178228\n|move|p2a: Karasuno|Body Press|p1a: Blissey\n|-supereffective|p1a: Blissey\n|-damage|p1a: Blissey|24/100\n|move|p1a: Blissey|Wish|p1a: Blissey\n|\n|-heal|p1a: Blissey|30/100|[from] item: Leftovers\n|upkeep\n|turn|21\n|\n|t:|1771178234\n|move|p1a: Blissey|Protect|p1a: Blissey\n|-singleturn|p1a: Blissey|Protect\n|move|p2a: Karasuno|Body Press|p1a: Blissey\n|-activate|p1a: Blissey|move: Protect\n|\n|-heal|p1a: Blissey|80/100|[from] move: Wish|[wisher] Blissey\n|-heal|p1a: Blissey|86/100|[from] item: Leftovers\n|-fieldend|move: Psychic Terrain\n|upkeep\n|turn|22\n|\n|t:|1771178243\n|move|p2a: Karasuno|Iron Defense|p2a: Karasuno\n|-boost|p2a: Karasuno|def|2\n|move|p1a: Blissey|Wish|p1a: Blissey\n|\n|-heal|p1a: Blissey|92/100|[from] item: Leftovers\n|upkeep\n|turn|23\n|-message|lpop forfeited.\n|\n|win|whiteeey_11x\n|raw|lpop's rating: 1573 &rarr; <strong>1552</strong><br />(-21 for losing)\n|raw|whiteeey_11x's rating: 1555 &rarr; <strong>1576</strong><br />(+21 for winning)\n|l|☆lpop\n|player|p1|\n", "uploadtime": 1771178497, "views": 8, "formatid": "gen9nationaldex", "rating": 1552, "private": 0, "password": null}