{"id": "gen9nationaldex-2540359456", "format": "[Gen 9] National Dex", "players": ["Enchidio", "SplixNation"], "log": "|j|☆Enchidio\n|j|☆SplixNation\n|t:|1771192694\n|gametype|singles\n|player|p1|Enchidio|gambler|1599\n|player|p2|SplixNation|ruinmaniac|1542\n|gen|9\n|tier|[Gen 9] National Dex\n|rated|\n|rule|HP Percentage Mod: HP is shown in percentages\n|rule|Endless Battle Clause: Forcing endless battles is banned\n|rule|Species Clause: Limit one of each Pokémon\n|rule|OHKO Clause: OHKO moves are banned\n|rule|Evasion Clause: Evasion abilities, items, and moves are banned\n|rule|Evasion Abilities Clause: Evasion abilities are banned\n|rule|Evasion Items Clause: Evasion items are banned\n|rule|Evasion Moves Clause: Evasion moves are banned\n|rule|Sleep Clause Mod: Limit one foe put to sleep\n|rule|Terastal Clause: You cannot Terastallize\n|clearpoke\n|poke|p1|Zapdos|\n|poke|p1|Tyranitar, M|\n|poke|p1|Ferrothorn, F|\n|poke|p1|Excadrill, M|\n|poke|p1|Toxapex, F|\n|poke|p1|Tapu Lele|\n|poke|p2|Alomomola, L99, F|\n|poke|p2|Ting-Lu|\n|poke|p2|Pecharunt|\n|poke|p2|Terapagos, M|\n|poke|p2|Lopunny, F|\n|poke|p2|Ursaluna, M|\n|teampreview\n|c|☆Enchidio|glhf\n|inactive|Battle timer is ON: inactive players will automatically lose when time's up. (requested by SplixNation)\n|inactive|Enchidio also wants the timer to be on.\n|\n|t:|1771192708\n|teamsize|p1|6\n|teamsize|p2|6\n|start\n|switch|p1a: Ferrothorn|Ferrothorn, F|100/100\n|switch|p2a: Ting-Lu|Ting-Lu, shiny|100/100\n|-ability|p2a: Ting-Lu|Vessel of Ruin\n|turn|1\n|\n|t:|1771192712\n|move|p2a: Ting-Lu|Stealth Rock|p1a: Ferrothorn\n|-sidestart|p1: Enchidio|move: Stealth Rock\n|move|p1a: Ferrothorn|Leech Seed|p2a: Ting-Lu\n|-start|p2a: Ting-Lu|move: Leech Seed\n|\n|-damage|p2a: Ting-Lu|88/100|[from] Leech Seed|[of] p1a: Ferrothorn\n|upkeep\n|turn|2\n|\n|t:|1771192717\n|switch|p2a: Terapagos|Terapagos, M|100/100\n|-activate|p2a: Terapagos|ability: Tera Shift\n|detailschange|p2a: Terapagos|Terapagos-Terastal, M\n|-heal|p2a: Terapagos|100/100|[silent]\n|move|p1a: Ferrothorn|Stealth Rock|p2a: Terapagos\n|-sidestart|p2: SplixNation|move: Stealth Rock\n|\n|upkeep\n|turn|3\n|\n|t:|1771192723\n|switch|p2a: Ursaluna|Ursaluna, M, shiny|100/100\n|-damage|p2a: Ursaluna|94/100|[from] Stealth Rock\n|switch|p1a: Tyranitar|Tyranitar, M|100/100\n|-damage|p1a: Tyranitar|88/100|[from] Stealth Rock\n|-weather|Sandstorm|[from] ability: Sand Stream|[of] p1a: Tyranitar\n|\n|-weather|Sandstorm|[upkeep]\n|-status|p2a: Ursaluna|brn|[from] item: Flame Orb\n|upkeep\n|turn|4\n|\n|t:|1771192731\n|switch|p1a: Ferrothorn|Ferrothorn, F|100/100\n|-damage|p1a: Ferrothorn|94/100|[from] Stealth Rock\n|move|p2a: Ursaluna|Facade|p1a: Ferrothorn\n|-resisted|p1a: Ferrothorn\n|-damage|p1a: Ferrothorn|56/100\n|-damage|p2a: Ursaluna|82/100 brn|[from] ability: Iron Barbs|[of] p1a: Ferrothorn\n|\n|-weather|Sandstorm|[upkeep]\n|-heal|p1a: Ferrothorn|63/100|[from] item: Leftovers\n|-damage|p2a: Ursaluna|75/100 brn|[from] brn\n|upkeep\n|turn|5\n|\n|t:|1771192735\n|switch|p1a: Toxapex|Toxapex, F|100/100\n|-damage|p1a: Toxapex|88/100|[from] Stealth Rock\n|move|p2a: Ursaluna|Drain Punch|p1a: Toxapex\n|-resisted|p1a: Toxapex\n|-damage|p1a: Toxapex|73/100\n|-heal|p2a: Ursaluna|80/100 brn|[from] drain|[of] p1a: Toxapex\n|-enditem|p1a: Toxapex|Eject Button\n|\n|t:|1771192744\n|switch|p1a: Ferrothorn|Ferrothorn, F|63/100\n|-damage|p1a: Ferrothorn|56/100|[from] Stealth Rock\n|\n|-weather|Sandstorm|[upkeep]\n|-heal|p1a: Ferrothorn|63/100|[from] item: Leftovers\n|-damage|p2a: Ursaluna|74/100 brn|[from] brn\n|upkeep\n|turn|6\n|\n|t:|1771192750\n|move|p2a: Ursaluna|Earthquake|p1a: Ferrothorn\n|-crit|p1a: Ferrothorn\n|-damage|p1a: Ferrothorn|0 fnt\n|faint|p1a: Ferrothorn\n|\n|-weather|Sandstorm|[upkeep]\n|-damage|p2a: Ursaluna|68/100 brn|[from] brn\n|upkeep\n|\n|t:|1771192758\n|switch|p1a: Tyranitar|Tyranitar, M|88/100\n|-damage|p1a: Tyranitar|76/100|[from] Stealth Rock\n|turn|7\n|\n|t:|1771192762\n|switch|p2a: Alomomola|Alomomola, L99, F|100/100\n|detailschange|p1a: Tyranitar|Tyranitar-Mega, M\n|-mega|p1a: Tyranitar|Tyranitar|Tyranitarite\n|move|p1a: Tyranitar|Knock Off|p2a: Alomomola\n|-damage|p2a: Alomomola|62/100\n|-enditem|p2a: Alomomola|Heavy-Duty Boots|[from] move: Knock Off|[of] p1a: Tyranitar\n|\n|-weather|none\n|upkeep\n|turn|8\n|\n|t:|1771192770\n|move|p1a: Tyranitar|Dragon Dance|p1a: Tyranitar\n|-boost|p1a: Tyranitar|atk|1\n|-boost|p1a: Tyranitar|spe|1\n|move|p2a: Alomomola|Wish|p2a: Alomomola\n|\n|upkeep\n|turn|9\n|\n|t:|1771192775\n|move|p1a: Tyranitar|Stone Edge|p2a: Alomomola|[miss]\n|-miss|p1a: Tyranitar|p2a: Alomomola\n|move|p2a: Alomomola|Toxic|p1a: Tyranitar\n|-status|p1a: Tyranitar|tox\n|\n|-heal|p2a: Alomomola|100/100|[from] move: Wish|[wisher] Alomomola\n|-damage|p1a: Tyranitar|70/100 tox|[from] psn\n|upkeep\n|turn|10\n|\n|t:|1771192779\n|move|p1a: Tyranitar|Stone Edge|p2a: Alomomola\n|-damage|p2a: Alomomola|45/100\n|move|p2a: Alomomola|Wish|p2a: Alomomola\n|\n|-damage|p1a: Tyranitar|58/100 tox|[from] psn\n|upkeep\n|turn|11\n|\n|t:|1771192800\n|switch|p2a: Terapagos|Terapagos-Terastal, M|100/100\n|move|p1a: Tyranitar|Knock Off|p2a: Terapagos\n|-activate|p2a: Terapagos|ability: Tera Shell\n|-resisted|p2a: Terapagos\n|-damage|p2a: Terapagos|57/100\n|-enditem|p2a: Terapagos|Heavy-Duty Boots|[from] move: Knock Off|[of] p1a: Tyranitar\n|\n|-heal|p2a: Terapagos|100/100|[from] move: Wish|[wisher] Alomomola\n|-damage|p1a: Tyranitar|39/100 tox|[from] psn\n|upkeep\n|turn|12\n|\n|t:|1771192806\n|switch|p1a: Toxapex|Toxapex, F|100/100\n|-damage|p1a: Toxapex|88/100|[from] Stealth Rock\n|move|p2a: Terapagos|Rapid Spin|p1a: Toxapex\n|-damage|p1a: Toxapex|78/100\n|-boost|p2a: Terapagos|spe|1\n|-sideend|p2: SplixNation|Stealth Rock|[from] move: Rapid Spin|[of] p2a: Terapagos\n|\n|upkeep\n|turn|13\n|\n|t:|1771192811\n|switch|p2a: Pecharunt|Pecharunt|100/100\n|move|p1a: Toxapex|Toxic|p2a: Pecharunt\n|-immune|p2a: Pecharunt\n|\n|upkeep\n|turn|14\n|\n|t:|1771192816\n|switch|p1a: Zapdos|Zapdos|100/100\n|move|p2a: Pecharunt|Parting Shot|p1a: Zapdos\n|-unboost|p1a: Zapdos|atk|1\n|-unboost|p1a: Zapdos|spa|1\n|\n|t:|1771192829\n|switch|p2a: Terapagos|Terapagos-Terastal, M|100/100|[from] Parting Shot\n|\n|upkeep\n|turn|15\n|\n|t:|1771192837\n|switch|p2a: Ting-Lu|Ting-Lu, shiny|88/100\n|-ability|p2a: Ting-Lu|Vessel of Ruin\n|move|p1a: Zapdos|Volt Switch|p2a: Ting-Lu\n|-immune|p2a: Ting-Lu\n|\n|-heal|p2a: Ting-Lu|94/100|[from] item: Leftovers\n|upkeep\n|turn|16\n|\n|t:|1771192843\n|move|p1a: Zapdos|Defog|p2a: Ting-Lu\n|-unboost|p2a: Ting-Lu|evasion|1\n|-sideend|p1: Enchidio|Stealth Rock|[from] move: Defog|[of] p1a: Zapdos\n|move|p2a: Ting-Lu|Heavy Slam|p1a: Zapdos\n|-resisted|p1a: Zapdos\n|-damage|p1a: Zapdos|90/100\n|\n|-heal|p2a: Ting-Lu|100/100|[from] item: Leftovers\n|upkeep\n|turn|17\n|\n|t:|1771192853\n|switch|p1a: Toxapex|Toxapex, F|100/100\n|move|p2a: Ting-Lu|Stealth Rock|p1a: Toxapex\n|-sidestart|p1: Enchidio|move: Stealth Rock\n|\n|upkeep\n|turn|18\n|\n|t:|1771192857\n|switch|p2a: Pecharunt|Pecharunt|100/100\n|move|p1a: Toxapex|Scald|p2a: Pecharunt\n|-damage|p2a: Pecharunt|83/100\n|\n|upkeep\n|turn|19\n|\n|t:|1771192865\n|switch|p1a: Excadrill|Excadrill, M|100/100\n|-damage|p1a: Excadrill|97/100|[from] Stealth Rock\n|move|p2a: Pecharunt|Parting Shot|p1a: Excadrill\n|-unboost|p1a: Excadrill|atk|1\n|-unboost|p1a: Excadrill|spa|1\n|\n|t:|1771192889\n|switch|p2a: Lopunny|Lopunny, F, shiny|100/100|[from] Parting Shot\n|\n|upkeep\n|turn|20\n|\n|t:|1771192892\n|switch|p1a: Zapdos|Zapdos|90/100\n|detailschange|p2a: Lopunny|Lopunny-Mega, F, shiny\n|-mega|p2a: Lopunny|Lopunny|Lopunnite\n|move|p2a: Lopunny|Close Combat|p1a: Zapdos\n|-resisted|p1a: Zapdos\n|-damage|p1a: Zapdos|64/100\n|-unboost|p2a: Lopunny|def|1\n|-unboost|p2a: Lopunny|spd|1\n|\n|upkeep\n|turn|21\n|\n|t:|1771192897\n|switch|p2a: Ting-Lu|Ting-Lu, shiny|100/100\n|-ability|p2a: Ting-Lu|Vessel of Ruin\n|switch|p1a: Toxapex|Toxapex, F|100/100\n|-damage|p1a: Toxapex|88/100|[from] Stealth Rock\n|\n|upkeep\n|turn|22\n|\n|t:|1771192901\n|move|p2a: Ting-Lu|Earthquake|p1a: Toxapex\n|-supereffective|p1a: Toxapex\n|-damage|p1a: Toxapex|45/100\n|move|p1a: Toxapex|Toxic|p2a: Ting-Lu\n|-status|p2a: Ting-Lu|tox\n|\n|-damage|p2a: Ting-Lu|94/100 tox|[from] psn\n|upkeep\n|turn|23\n|\n|t:|1771192911\n|switch|p2a: Alomomola|Alomomola, L99, F|79/100\n|switch|p1a: Zapdos|Zapdos|64/100\n|\n|upkeep\n|turn|24\n|\n|t:|1771192916\n|move|p1a: Zapdos|Volt Switch|p2a: Alomomola\n|-supereffective|p2a: Alomomola\n|-damage|p2a: Alomomola|9/100\n|\n|t:|1771192923\n|switch|p1a: Tapu Lele|Tapu Lele|100/100|[from] Volt Switch\n|-damage|p1a: Tapu Lele|88/100|[from] Stealth Rock\n|-fieldstart|move: Psychic Terrain|[from] ability: Psychic Surge|[of] p1a: Tapu Lele\n|move|p2a: Alomomola|Wish|p2a: Alomomola\n|\n|upkeep\n|turn|25\n|\n|t:|1771192934\n|switch|p2a: Pecharunt|Pecharunt|83/100\n|move|p1a: Tapu Lele|Moonblast|p2a: Pecharunt\n|-resisted|p2a: Pecharunt\n|-damage|p2a: Pecharunt|58/100\n|\n|-heal|p2a: Pecharunt|100/100|[from] move: Wish|[wisher] Alomomola\n|upkeep\n|turn|26\n|\n|t:|1771192940\n|switch|p1a: Excadrill|Excadrill, M|97/100\n|-damage|p1a: Excadrill|94/100|[from] Stealth Rock\n|move|p2a: Pecharunt|Shadow Ball|p1a: Excadrill\n|-damage|p1a: Excadrill|53/100\n|\n|upkeep\n|turn|27\n|\n|t:|1771192953\n|switch|p2a: Ting-Lu|Ting-Lu, shiny|94/100 tox\n|-ability|p2a: Ting-Lu|Vessel of Ruin\n|move|p1a: Excadrill|Rapid Spin|p2a: Ting-Lu\n|-damage|p2a: Ting-Lu|83/100 tox\n|-boost|p1a: Excadrill|spe|1\n|-sideend|p1: Enchidio|Stealth Rock|[from] move: Rapid Spin|[of] p1a: Excadrill\n|\n|-heal|p2a: Ting-Lu|90/100 tox|[from] item: Leftovers\n|-damage|p2a: Ting-Lu|83/100 tox|[from] psn\n|upkeep\n|turn|28\n|\n|t:|1771192962\n|switch|p1a: Zapdos|Zapdos|64/100\n|move|p2a: Ting-Lu|Stealth Rock|p1a: Zapdos\n|-sidestart|p1: Enchidio|move: Stealth Rock\n|\n|-heal|p2a: Ting-Lu|90/100 tox|[from] item: Leftovers\n|-damage|p2a: Ting-Lu|77/100 tox|[from] psn\n|-fieldend|move: Psychic Terrain\n|upkeep\n|turn|29\n|\n|t:|1771192976\n|move|p1a: Zapdos|Volt Switch|p2a: Ting-Lu\n|-immune|p2a: Ting-Lu\n|move|p2a: Ting-Lu|Heavy Slam|p1a: Zapdos\n|-resisted|p1a: Zapdos\n|-damage|p1a: Zapdos|53/100\n|\n|-heal|p2a: Ting-Lu|83/100 tox|[from] item: Leftovers\n|-damage|p2a: Ting-Lu|65/100 tox|[from] psn\n|upkeep\n|turn|30\n|\n|t:|1771192989\n|move|p1a: Zapdos|Volt Switch|p2a: Ting-Lu\n|-immune|p2a: Ting-Lu\n|move|p2a: Ting-Lu|Rest|p2a: Ting-Lu\n|-status|p2a: Ting-Lu|slp|[from] move: Rest\n|-heal|p2a: Ting-Lu|100/100 slp|[silent]\n|\n|upkeep\n|turn|31\n|\n|t:|1771192994\n|move|p1a: Zapdos|Defog|p2a: Ting-Lu\n|-unboost|p2a: Ting-Lu|evasion|1\n|-sideend|p1: Enchidio|Stealth Rock|[from] move: Defog|[of] p1a: Zapdos\n|cant|p2a: Ting-Lu|slp\n|\n|upkeep\n|turn|32\n|\n|t:|1771193002\n|switch|p1a: Toxapex|Toxapex, F|78/100\n|cant|p2a: Ting-Lu|slp\n|\n|upkeep\n|turn|33\n|\n|t:|1771193008\n|switch|p2a: Ursaluna|Ursaluna, M, shiny|68/100 brn\n|move|p1a: Toxapex|Toxic||[still]\n|-fail|p1a: Toxapex\n|\n|-damage|p2a: Ursaluna|62/100 brn|[from] brn\n|upkeep\n|turn|34\n|\n|t:|1771193013\n|switch|p1a: Zapdos|Zapdos|53/100\n|move|p2a: Ursaluna|Facade|p1a: Zapdos\n|-damage|p1a: Zapdos|0 fnt\n|faint|p1a: Zapdos\n|\n|-damage|p2a: Ursaluna|55/100 brn|[from] brn\n|upkeep\n|\n|t:|1771193016\n|switch|p1a: Tapu Lele|Tapu Lele|88/100\n|-fieldstart|move: Psychic Terrain|[from] ability: Psychic Surge|[of] p1a: Tapu Lele\n|turn|35\n|\n|t:|1771193021\n|switch|p2a: Ting-Lu|Ting-Lu, shiny|100/100 slp\n|-ability|p2a: Ting-Lu|Vessel of Ruin\n|move|p1a: Tapu Lele|Moonblast|p2a: Ting-Lu\n|-supereffective|p2a: Ting-Lu\n|-damage|p2a: Ting-Lu|57/100 slp\n|-unboost|p2a: Ting-Lu|spa|1\n|\n|-heal|p2a: Ting-Lu|63/100 slp|[from] item: Leftovers\n|upkeep\n|turn|36\n|\n|t:|1771193029\n|move|p1a: Tapu Lele|Moonblast|p2a: Ting-Lu\n|-supereffective|p2a: Ting-Lu\n|-damage|p2a: Ting-Lu|21/100 slp\n|-curestatus|p2a: Ting-Lu|slp|[msg]\n|move|p2a: Ting-Lu|Heavy Slam|p1a: Tapu Lele\n|-supereffective|p1a: Tapu Lele\n|-damage|p1a: Tapu Lele|2/100\n|\n|-heal|p2a: Ting-Lu|27/100|[from] item: Leftovers\n|upkeep\n|turn|37\n|\n|t:|1771193034\n|switch|p1a: Tyranitar|Tyranitar-Mega, M|39/100 tox\n|-weather|Sandstorm|[from] ability: Sand Stream|[of] p1a: Tyranitar\n|switch|p2a: Pecharunt|Pecharunt|100/100\n|\n|-weather|Sandstorm|[upkeep]\n|-damage|p2a: Pecharunt|94/100|[from] Sandstorm\n|-damage|p1a: Tyranitar|33/100 tox|[from] psn\n|upkeep\n|turn|38\n|\n|t:|1771193040\n|move|p1a: Tyranitar|Knock Off|p2a: Pecharunt\n|-supereffective|p2a: Pecharunt\n|-damage|p2a: Pecharunt|23/100\n|-enditem|p2a: Pecharunt|Heavy-Duty Boots|[from] move: Knock Off|[of] p1a: Tyranitar\n|move|p2a: Pecharunt|Parting Shot|p1a: Tyranitar\n|-unboost|p1a: Tyranitar|atk|1\n|-unboost|p1a: Tyranitar|spa|1\n|\n|t:|1771193058\n|switch|p2a: Lopunny|Lopunny-Mega, F, shiny|100/100|[from] Parting Shot\n|\n|-weather|Sandstorm|[upkeep]\n|-damage|p2a: Lopunny|94/100|[from] Sandstorm\n|-damage|p1a: Tyranitar|21/100 tox|[from] psn\n|upkeep\n|turn|39\n|inactive|Enchidio has 120 seconds left.\n|\n|t:|1771193098\n|switch|p1a: Toxapex|Toxapex, F|100/100\n|move|p2a: Lopunny|U-turn|p1a: Toxapex\n|-resisted|p1a: Toxapex\n|-damage|p1a: Toxapex|92/100\n|\n|t:|1771193109\n|switch|p2a: Ursaluna|Ursaluna, M, shiny|55/100 brn|[from] U-turn\n|\n|-weather|Sandstorm|[upkeep]\n|-damage|p1a: Toxapex|86/100|[from] Sandstorm\n|-damage|p2a: Ursaluna|49/100 brn|[from] brn\n|-fieldend|move: Psychic Terrain\n|upkeep\n|turn|40\n|\n|t:|1771193117\n|move|p2a: Ursaluna|Earthquake|p1a: Toxapex\n|-supereffective|p1a: Toxapex\n|-damage|p1a: Toxapex|0 fnt\n|faint|p1a: Toxapex\n|\n|-weather|Sandstorm|[upkeep]\n|-damage|p2a: Ursaluna|43/100 brn|[from] brn\n|upkeep\n|\n|t:|1771193119\n|switch|p1a: Excadrill|Excadrill, M|53/100\n|turn|41\n|\n|t:|1771193127\n|switch|p2a: Ting-Lu|Ting-Lu, shiny|27/100\n|-ability|p2a: Ting-Lu|Vessel of Ruin\n|-zpower|p1a: Excadrill\n|move|p1a: Excadrill|Corkscrew Crash|p2a: Ting-Lu|[zeffect]\n|-damage|p2a: Ting-Lu|0 fnt\n|faint|p2a: Ting-Lu\n|\n|-weather|none\n|upkeep\n|\n|t:|1771193133\n|switch|p2a: Terapagos|Terapagos-Terastal, M|100/100\n|turn|42\n|inactive|Enchidio has 120 seconds left.\n|\n|t:|1771193174\n|move|p1a: Excadrill|Iron Head|p2a: Terapagos\n|-activate|p2a: Terapagos|ability: Tera Shell\n|-resisted|p2a: Terapagos\n|-damage|p2a: Terapagos|76/100\n|move|p2a: Terapagos|Rapid Spin|p1a: Excadrill\n|-resisted|p1a: Excadrill\n|-damage|p1a: Excadrill|42/100\n|-boost|p2a: Terapagos|spe|1\n|\n|upkeep\n|turn|43\n|\n|t:|1771193183\n|switch|p1a: Tyranitar|Tyranitar-Mega, M|21/100 tox\n|-weather|Sandstorm|[from] ability: Sand Stream|[of] p1a: Tyranitar\n|move|p2a: Terapagos|Rapid Spin|p1a: Tyranitar\n|-resisted|p1a: Tyranitar\n|-damage|p1a: Tyranitar|16/100 tox\n|-boost|p2a: Terapagos|spe|1\n|\n|-weather|Sandstorm|[upkeep]\n|-damage|p2a: Terapagos|70/100|[from] Sandstorm\n|-damage|p1a: Tyranitar|10/100 tox|[from] psn\n|upkeep\n|turn|44\n|\n|t:|1771193192\n|move|p2a: Terapagos|Ice Beam|p1a: Tyranitar\n|-damage|p1a: Tyranitar|0 fnt\n|faint|p1a: Tyranitar\n|detailschange|p1: Tyranitar|Tyranitar, M|[silent]\n|\n|-weather|Sandstorm|[upkeep]\n|-damage|p2a: Terapagos|64/100|[from] Sandstorm\n|upkeep\n|\n|t:|1771193195\n|switch|p1a: Excadrill|Excadrill, M|42/100\n|turn|45\n|\n|t:|1771193198\n|move|p1a: Excadrill|Earthquake|p2a: Terapagos\n|-damage|p2a: Terapagos|5/100\n|move|p2a: Terapagos|Ice Beam|p1a: Excadrill\n|-damage|p1a: Excadrill|2/100\n|\n|-weather|Sandstorm|[upkeep]\n|-damage|p2a: Terapagos|0 fnt|[from] Sandstorm\n|faint|p2a: Terapagos\n|upkeep\n|\n|t:|1771193208\n|switch|p2a: Lopunny|Lopunny-Mega, F, shiny|94/100\n|turn|46\n|\n|t:|1771193212\n|move|p2a: Lopunny|Fake Out|p1a: Excadrill\n|-resisted|p1a: Excadrill\n|-damage|p1a: Excadrill|0 fnt\n|faint|p1a: Excadrill\n|\n|-weather|Sandstorm|[upkeep]\n|-damage|p2a: Lopunny|88/100|[from] Sandstorm\n|upkeep\n|\n|t:|1771193214\n|switch|p1a: Tapu Lele|Tapu Lele|2/100\n|-fieldstart|move: Psychic Terrain|[from] ability: Psychic Surge|[of] p1a: Tapu Lele\n|turn|47\n|c|☆Enchidio|gg\n|\n|t:|1771193219\n|move|p1a: Tapu Lele|Psychic|p2a: Lopunny\n|-supereffective|p2a: Lopunny\n|-damage|p2a: Lopunny|0 fnt\n|faint|p2a: Lopunny\n|detailschange|p2: Lopunny|Lopunny, F, shiny|[silent]\n|\n|-weather|none\n|upkeep\n|j| theluckywins\n|\n|t:|1771193227\n|switch|p2a: Ursaluna|Ursaluna, M, shiny|43/100 brn\n|turn|48\n|\n|t:|1771193230\n|move|p1a: Tapu Lele|Psychic|p2a: Ursaluna\n|-damage|p2a: Ursaluna|0 fnt\n|faint|p2a: Ursaluna\n|\n|upkeep\n|c|☆SplixNation|I miscalculated\n|c|☆SplixNation|Oh no.\n|l| theluckywins\n|\n|t:|1771193256\n|switch|p2a: Pecharunt|Pecharunt|23/100\n|turn|49\n|\n|t:|1771193261\n|move|p1a: Tapu Lele|Psychic|p2a: Pecharunt\n|-supereffective|p2a: Pecharunt\n|-crit|p2a: Pecharunt\n|-damage|p2a: Pecharunt|0 fnt\n|faint|p2a: Pecharunt\n|\n|upkeep\n|c|☆Enchidio|gg\n|\n|t:|1771193266\n|switch|p2a: Alomomola|Alomomola, L99, F|43/100\n|turn|50\n|\n|t:|1771193268\n|move|p1a: Tapu Lele|Psychic|p2a: Alomomola\n|-damage|p2a: Alomomola|0 fnt\n|faint|p2a: Alomomola\n|\n|win|Enchidio\n|raw|Enchidio's rating: 1599 &rarr; <strong>1616</strong><br />(+17 for winning)\n|raw|SplixNation's rating: 1542 &rarr; <strong>1525</strong><br />(-17 for losing)\n", "uploadtime": 1771193274, "views": 7, "formatid": "gen9nationaldex", "rating": 1525, "private": 0, "password": null}