{"id": "gen9nationaldex-2540759800", "format": "[Gen 9] National Dex", "players": ["darretyle", "cladfvv"], "log": "|j|☆darretyle\n|j|‽cladfvv\n|t:|1771250803\n|gametype|singles\n|player|p1|darretyle|bugcatcher-gen4dp|1662\n|player|p2|cladfvv|1|1759\n|gen|9\n|tier|[Gen 9] National Dex\n|rated|\n|rule|HP Percentage Mod: HP is shown in percentages\n|rule|Endless Battle Clause: Forcing endless battles is banned\n|rule|Species Clause: Limit one of each Pokémon\n|rule|OHKO Clause: OHKO moves are banned\n|rule|Evasion Clause: Evasion abilities, items, and moves are banned\n|rule|Evasion Abilities Clause: Evasion abilities are banned\n|rule|Evasion Items Clause: Evasion items are banned\n|rule|Evasion Moves Clause: Evasion moves are banned\n|rule|Sleep Clause Mod: Limit one foe put to sleep\n|rule|Terastal Clause: You cannot Terastallize\n|clearpoke\n|poke|p1|Greninja-*, M|\n|poke|p1|Venusaur, M|\n|poke|p1|Dragonite, M|\n|poke|p1|Ting-Lu|\n|poke|p1|Gholdengo|\n|poke|p1|Great Tusk|\n|poke|p2|Landorus-Therian, M|\n|poke|p2|Tapu Lele|\n|poke|p2|Slowbro, M|\n|poke|p2|Samurott-Hisui, M|\n|poke|p2|Kyurem|\n|poke|p2|Gholdengo|\n|teampreview\n|\n|t:|1771250821\n|teamsize|p1|6\n|teamsize|p2|6\n|start\n|switch|p1a: Venusaur|Venusaur, M|100/100\n|switch|p2a: Kyurem|Kyurem|100/100\n|-ability|p2a: Kyurem|Pressure\n|turn|1\n|\n|t:|1771250829\n|detailschange|p1a: Venusaur|Venusaur-Mega, M\n|-mega|p1a: Venusaur|Venusaur|Venusaurite\n|move|p2a: Kyurem|Draco Meteor|p1a: Venusaur|[miss]\n|-miss|p2a: Kyurem|p1a: Venusaur\n|move|p1a: Venusaur|Sludge Bomb|p2a: Kyurem\n|-crit|p2a: Kyurem\n|-damage|p2a: Kyurem|40/100\n|-status|p2a: Kyurem|psn\n|\n|-damage|p2a: Kyurem|28/100 psn|[from] psn\n|upkeep\n|turn|2\n|\n|t:|1771250836\n|move|p2a: Kyurem|Draco Meteor|p1a: Venusaur\n|-damage|p1a: Venusaur|43/100\n|-unboost|p2a: Kyurem|spa|2\n|move|p1a: Venusaur|Sludge Bomb|p2a: Kyurem\n|-damage|p2a: Kyurem|0 fnt\n|faint|p2a: Kyurem\n|\n|upkeep\n|\n|t:|1771250840\n|switch|p2a: Landorus|Landorus-Therian, M|100/100\n|-ability|p2a: Landorus|Intimidate|boost\n|-unboost|p1a: Venusaur|atk|1\n|turn|3\n|\n|t:|1771250842\n|move|p2a: Landorus|Earthquake|p1a: Venusaur\n|-damage|p1a: Venusaur|0 fnt\n|faint|p1a: Venusaur\n|detailschange|p1: Venusaur|Venusaur, M|[silent]\n|\n|upkeep\n|\n|t:|1771250847\n|switch|p1a: Greninja|Greninja, M|100/100\n|turn|4\n|\n|t:|1771250850\n|switch|p2a: Samurott|Samurott-Hisui, M|100/100\n|move|p1a: Greninja|Dark Pulse|p2a: Samurott\n|-resisted|p2a: Samurott\n|-damage|p2a: Samurott|80/100\n|\n|upkeep\n|turn|5\n|\n|t:|1771250855\n|switch|p1a: Great Tusk|Great Tusk|100/100\n|move|p2a: Samurott|Razor Shell|p1a: Great Tusk\n|-supereffective|p1a: Great Tusk\n|-damage|p1a: Great Tusk|25/100\n|-unboost|p1a: Great Tusk|def|1\n|-damage|p2a: Samurott|63/100|[from] item: Rocky Helmet|[of] p1a: Great Tusk\n|\n|upkeep\n|turn|6\n|\n|t:|1771250867\n|switch|p2a: Landorus|Landorus-Therian, M|100/100\n|-ability|p2a: Landorus|Intimidate|boost\n|-unboost|p1a: Great Tusk|atk|1\n|move|p1a: Great Tusk|Rapid Spin|p2a: Landorus\n|-damage|p2a: Landorus|86/100\n|-boost|p1a: Great Tusk|spe|1\n|\n|upkeep\n|turn|7\n|\n|t:|1771250878\n|switch|p2a: Slowbro|Slowbro, M|100/100\n|move|p1a: Great Tusk|Ice Spinner|p2a: Slowbro\n|-resisted|p2a: Slowbro\n|-damage|p2a: Slowbro|95/100\n|-damage|p1a: Great Tusk|9/100|[from] item: Rocky Helmet|[of] p2a: Slowbro\n|\n|upkeep\n|turn|8\n|\n|t:|1771250884\n|move|p1a: Great Tusk|Headlong Rush|p2a: Slowbro\n|-damage|p2a: Slowbro|66/100\n|-unboost|p1a: Great Tusk|def|1\n|-unboost|p1a: Great Tusk|spd|1\n|-damage|p1a: Great Tusk|0 fnt|[from] item: Rocky Helmet|[of] p2a: Slowbro\n|faint|p1a: Great Tusk\n|-end|p1a: Great Tusk|Protosynthesis|[silent]\n|move|p2a: Slowbro|Teleport|p2a: Slowbro\n|\n|t:|1771250911\n|switch|p2a: Samurott|Samurott-Hisui, M|63/100|[from] Teleport\n|\n|upkeep\n|\n|t:|1771250924\n|switch|p1a: Greninja|Greninja, M|100/100\n|turn|9\n|\n|t:|1771250926\n|move|p1a: Greninja|Hydro Pump|p2a: Samurott\n|-resisted|p2a: Samurott\n|-damage|p2a: Samurott|35/100\n|move|p2a: Samurott|Ceaseless Edge|p1a: Greninja\n|-resisted|p1a: Greninja\n|-damage|p1a: Greninja|60/100\n|-sidestart|p1: darretyle|Spikes\n|\n|upkeep\n|turn|10\n|\n|t:|1771250933\n|-zpower|p1a: Greninja\n|move|p1a: Greninja|Hydro Vortex|p2a: Samurott|[zeffect]\n|-resisted|p2a: Samurott\n|-damage|p2a: Samurott|0 fnt\n|faint|p2a: Samurott\n|-ability|p1a: Greninja|Battle Bond|boost\n|-boost|p1a: Greninja|atk|1\n|-boost|p1a: Greninja|spa|1\n|-boost|p1a: Greninja|spe|1\n|-activate|p1a: Greninja|ability: Battle Bond\n|\n|upkeep\n|\n|t:|1771250943\n|switch|p2a: Tapu Lele|Tapu Lele|100/100\n|-fieldstart|move: Psychic Terrain|[from] ability: Psychic Surge|[of] p2a: Tapu Lele\n|turn|11\n|\n|t:|1771250955\n|move|p1a: Greninja|Hydro Pump|p2a: Tapu Lele\n|-crit|p2a: Tapu Lele\n|-damage|p2a: Tapu Lele|0 fnt\n|faint|p2a: Tapu Lele\n|\n|upkeep\n|\n|t:|1771250964\n|switch|p2a: Landorus|Landorus-Therian, M|86/100\n|-ability|p2a: Landorus|Intimidate|boost\n|-unboost|p1a: Greninja|atk|1\n|turn|12\n|\n|t:|1771250966\n|move|p1a: Greninja|Ice Beam|p2a: Landorus\n|-supereffective|p2a: Landorus\n|-damage|p2a: Landorus|0 fnt\n|faint|p2a: Landorus\n|\n|upkeep\n|-message|cladfvv forfeited.\n|\n|win|darretyle\n|raw|darretyle's rating: 1662 &rarr; <strong>1687</strong><br />(+25 for winning)\n|raw|cladfvv's rating: 1759 &rarr; <strong>1734</strong><br />(-25 for losing)\n|l|‽cladfvv\n|player|p2|\n|l|☆darretyle\n|player|p1|\n", "uploadtime": 1771251203, "views": 3, "formatid": "gen9nationaldex", "rating": 1687, "private": 0, "password": null}