{"id": "gen9nationaldex-2540202993", "format": "[Gen 9] National Dex", "players": ["ndx_alt17", "Cerberus 17"], "log": "|j|☆ndx_alt17\n|j|☆Cerberus 17\n|t:|1771175321\n|gametype|singles\n|player|p1|ndx_alt17|nate|1576\n|player|p2|Cerberus 17|cynthia-gen4|1733\n|gen|9\n|tier|[Gen 9] National Dex\n|rated|\n|rule|HP Percentage Mod: HP is shown in percentages\n|rule|Endless Battle Clause: Forcing endless battles is banned\n|rule|Species Clause: Limit one of each Pokémon\n|rule|OHKO Clause: OHKO moves are banned\n|rule|Evasion Clause: Evasion abilities, items, and moves are banned\n|rule|Evasion Abilities Clause: Evasion abilities are banned\n|rule|Evasion Items Clause: Evasion items are banned\n|rule|Evasion Moves Clause: Evasion moves are banned\n|rule|Sleep Clause Mod: Limit one foe put to sleep\n|rule|Terastal Clause: You cannot Terastallize\n|clearpoke\n|poke|p1|Azumarill, F|\n|poke|p1|Gholdengo|\n|poke|p1|Latios, M|\n|poke|p1|Zamazenta-*|\n|poke|p1|Corviknight, M|\n|poke|p1|Clodsire, M|\n|poke|p2|Tyranitar, M|\n|poke|p2|Kartana|\n|poke|p2|Diancie|\n|poke|p2|Excadrill, F|\n|poke|p2|Sinistcha-Masterpiece|\n|poke|p2|Kommo-o, F|\n|teampreview\n|inactive|Battle timer is ON: inactive players will automatically lose when time's up. (requested by Cerberus 17)\n|\n|t:|1771175342\n|teamsize|p1|6\n|teamsize|p2|6\n|start\n|switch|p1a: Clodsire|Clodsire, M|100/100\n|switch|p2a: Diancie|Diancie|100/100\n|turn|1\n|\n|t:|1771175360\n|move|p2a: Diancie|Stealth Rock|p1a: Clodsire\n|-sidestart|p1: ndx_alt17|move: Stealth Rock\n|move|p1a: Clodsire|Earthquake|p2a: Diancie\n|-supereffective|p2a: Diancie\n|-damage|p2a: Diancie|51/100\n|\n|upkeep\n|turn|2\n|inactive|Cerberus 17 has 120 seconds left.\n|\n|t:|1771175393\n|switch|p2a: Sinistcha|Sinistcha-Masterpiece|100/100\n|move|p1a: Clodsire|Stealth Rock|p2a: Sinistcha\n|-sidestart|p2: Cerberus 17|move: Stealth Rock\n|\n|upkeep\n|turn|3\n|\n|t:|1771175401\n|switch|p2a: Kartana|Kartana|100/100\n|-damage|p2a: Kartana|94/100|[from] Stealth Rock\n|move|p1a: Clodsire|Toxic|p2a: Kartana\n|-immune|p2a: Kartana\n|\n|upkeep\n|turn|4\n|\n|t:|1771175406\n|switch|p1a: Corviknight|Corviknight, M, shiny|100/100\n|-damage|p1a: Corviknight|88/100|[from] Stealth Rock\n|-ability|p1a: Corviknight|Pressure\n|move|p2a: Kartana|Knock Off|p1a: Corviknight\n|-damage|p1a: Corviknight|61/100\n|-damage|p2a: Kartana|78/100|[from] item: Rocky Helmet|[of] p1a: Corviknight\n|-enditem|p1a: Corviknight|Rocky Helmet|[from] move: Knock Off|[of] p2a: Kartana\n|\n|upkeep\n|turn|5\n|\n|t:|1771175418\n|switch|p2a: Sinistcha|Sinistcha-Masterpiece|100/100\n|-damage|p2a: Sinistcha|88/100|[from] Stealth Rock\n|move|p1a: Corviknight|U-turn|p2a: Sinistcha\n|-damage|p2a: Sinistcha|79/100\n|\n|t:|1771175424\n|switch|p1a: Gholdengo|Gholdengo|100/100|[from] U-turn\n|-damage|p1a: Gholdengo|94/100|[from] Stealth Rock\n|\n|-heal|p2a: Sinistcha|85/100|[from] item: Leftovers\n|upkeep\n|turn|6\n|\n|t:|1771175432\n|switch|p2a: Tyranitar|Tyranitar, M|100/100\n|-damage|p2a: Tyranitar|88/100|[from] Stealth Rock\n|-weather|Sandstorm|[from] ability: Sand Stream|[of] p2a: Tyranitar\n|move|p1a: Gholdengo|Make It Rain|p2a: Tyranitar\n|-supereffective|p2a: Tyranitar\n|-damage|p2a: Tyranitar|21/100\n|-unboost|p1a: Gholdengo|spa|1\n|\n|-weather|Sandstorm|[upkeep]\n|upkeep\n|turn|7\n|\n|t:|1771175446\n|move|p1a: Gholdengo|Make It Rain|p2a: Tyranitar\n|-supereffective|p2a: Tyranitar\n|-damage|p2a: Tyranitar|0 fnt\n|-unboost|p1a: Gholdengo|spa|1\n|faint|p2a: Tyranitar\n|\n|-weather|Sandstorm|[upkeep]\n|upkeep\n|\n|t:|1771175454\n|switch|p2a: Excadrill|Excadrill, F|100/100\n|-damage|p2a: Excadrill|97/100|[from] Stealth Rock\n|turn|8\n|\n|t:|1771175477\n|switch|p1a: Azumarill|Azumarill, F, shiny|100/100\n|-damage|p1a: Azumarill|88/100|[from] Stealth Rock\n|move|p2a: Excadrill|Rock Slide|p1a: Azumarill\n|-damage|p1a: Azumarill|47/100\n|\n|-weather|Sandstorm|[upkeep]\n|-damage|p1a: Azumarill|41/100|[from] Sandstorm\n|upkeep\n|turn|9\n|\n|t:|1771175488\n|move|p1a: Azumarill|Aqua Jet|p2a: Excadrill\n|-supereffective|p2a: Excadrill\n|-damage|p2a: Excadrill|0 fnt\n|faint|p2a: Excadrill\n|\n|-weather|Sandstorm|[upkeep]\n|-damage|p1a: Azumarill|35/100|[from] Sandstorm\n|upkeep\n|\n|t:|1771175500\n|switch|p2a: Kartana|Kartana|78/100\n|-damage|p2a: Kartana|72/100|[from] Stealth Rock\n|turn|10\n|\n|t:|1771175509\n|switch|p1a: Corviknight|Corviknight, M, shiny|61/100\n|-damage|p1a: Corviknight|48/100|[from] Stealth Rock\n|-ability|p1a: Corviknight|Pressure\n|move|p2a: Kartana|Sacred Sword|p1a: Corviknight\n|-damage|p1a: Corviknight|19/100\n|\n|-weather|Sandstorm|[upkeep]\n|upkeep\n|turn|11\n|\n|t:|1771175523\n|switch|p2a: Kommo-o|Kommo-o, F|100/100\n|-damage|p2a: Kommo-o|94/100|[from] Stealth Rock\n|switch|p1a: Gholdengo|Gholdengo|94/100\n|-damage|p1a: Gholdengo|88/100|[from] Stealth Rock\n|\n|-weather|Sandstorm|[upkeep]\n|-damage|p2a: Kommo-o|88/100|[from] Sandstorm\n|upkeep\n|turn|12\n|\n|t:|1771175532\n|move|p2a: Kommo-o|Earthquake|p1a: Gholdengo\n|-supereffective|p1a: Gholdengo\n|-damage|p1a: Gholdengo|32/100\n|move|p1a: Gholdengo|Make It Rain|p2a: Kommo-o\n|-damage|p2a: Kommo-o|11/100\n|-unboost|p1a: Gholdengo|spa|1\n|\n|-weather|Sandstorm|[upkeep]\n|-damage|p2a: Kommo-o|5/100|[from] Sandstorm\n|upkeep\n|turn|13\n|\n|t:|1771175541\n|switch|p1a: Corviknight|Corviknight, M, shiny|19/100\n|-damage|p1a: Corviknight|6/100|[from] Stealth Rock\n|-ability|p1a: Corviknight|Pressure\n|move|p2a: Kommo-o|Earthquake|p1a: Corviknight\n|-immune|p1a: Corviknight\n|\n|-weather|none\n|upkeep\n|turn|14\n|\n|t:|1771175554\n|move|p2a: Kommo-o|Drain Punch|p1a: Corviknight\n|-damage|p1a: Corviknight|0 fnt\n|-heal|p2a: Kommo-o|9/100|[from] drain|[of] p1a: Corviknight\n|faint|p1a: Corviknight\n|\n|upkeep\n|\n|t:|1771175565\n|switch|p1a: Zamazenta|Zamazenta, shiny|100/100\n|-damage|p1a: Zamazenta|94/100|[from] Stealth Rock\n|-ability|p1a: Zamazenta|Dauntless Shield|boost\n|-boost|p1a: Zamazenta|def|1\n|turn|15\n|\n|t:|1771175570\n|move|p1a: Zamazenta|Substitute|p1a: Zamazenta\n|-start|p1a: Zamazenta|Substitute\n|-damage|p1a: Zamazenta|70/100\n|-zpower|p2a: Kommo-o\n|move|p2a: Kommo-o|Clangorous Soulblaze|p1a: Zamazenta|[zeffect]\n|-damage|p1a: Zamazenta|7/100\n|-boost|p2a: Kommo-o|atk|1\n|-boost|p2a: Kommo-o|def|1\n|-boost|p2a: Kommo-o|spa|1\n|-boost|p2a: Kommo-o|spd|1\n|-boost|p2a: Kommo-o|spe|1\n|\n|-heal|p1a: Zamazenta|13/100|[from] item: Leftovers\n|upkeep\n|turn|16\n|\n|t:|1771175577\n|move|p2a: Kommo-o|Clanging Scales|p1a: Zamazenta\n|-damage|p1a: Zamazenta|0 fnt\n|faint|p1a: Zamazenta\n|-unboost|p2a: Kommo-o|def|1\n|\n|upkeep\n|\n|t:|1771175581\n|switch|p1a: Azumarill|Azumarill, F, shiny|35/100\n|-damage|p1a: Azumarill|23/100|[from] Stealth Rock\n|turn|17\n|\n|t:|1771175585\n|move|p1a: Azumarill|Aqua Jet|p2a: Kommo-o\n|-resisted|p2a: Kommo-o\n|-damage|p2a: Kommo-o|0 fnt\n|faint|p2a: Kommo-o\n|\n|upkeep\n|\n|t:|1771175587\n|switch|p2a: Sinistcha|Sinistcha-Masterpiece|85/100\n|-damage|p2a: Sinistcha|72/100|[from] Stealth Rock\n|turn|18\n|\n|t:|1771175597\n|switch|p1a: Clodsire|Clodsire, M|100/100\n|-damage|p1a: Clodsire|94/100|[from] Stealth Rock\n|move|p2a: Sinistcha|Matcha Gotcha|p1a: Clodsire\n|-damage|p1a: Clodsire|75/100\n|-heal|p2a: Sinistcha|85/100|[from] drain|[of] p1a: Clodsire\n|\n|-heal|p2a: Sinistcha|91/100|[from] item: Leftovers\n|-heal|p1a: Clodsire|82/100|[from] item: Leftovers\n|upkeep\n|turn|19\n|inactive|Cerberus 17 has 120 seconds left.\n|\n|t:|1771175629\n|move|p2a: Sinistcha|Matcha Gotcha|p1a: Clodsire\n|-damage|p1a: Clodsire|63/100\n|-heal|p2a: Sinistcha|100/100|[from] drain|[of] p1a: Clodsire\n|-status|p1a: Clodsire|brn\n|move|p1a: Clodsire|Earthquake|p2a: Sinistcha\n|-resisted|p2a: Sinistcha\n|-damage|p2a: Sinistcha|96/100\n|\n|-heal|p2a: Sinistcha|100/100|[from] item: Leftovers\n|-heal|p1a: Clodsire|69/100 brn|[from] item: Leftovers\n|-damage|p1a: Clodsire|63/100 brn|[from] brn\n|upkeep\n|turn|20\n|inactive|Cerberus 17 has 120 seconds left.\n|\n|t:|1771175643\n|switch|p2a: Kartana|Kartana|72/100\n|-damage|p2a: Kartana|65/100|[from] Stealth Rock\n|move|p1a: Clodsire|Toxic|p2a: Kartana\n|-immune|p2a: Kartana\n|\n|-heal|p1a: Clodsire|69/100 brn|[from] item: Leftovers\n|-damage|p1a: Clodsire|63/100 brn|[from] brn\n|upkeep\n|turn|21\n|\n|t:|1771175653\n|move|p2a: Kartana|Knock Off|p1a: Clodsire\n|-damage|p1a: Clodsire|12/100 brn\n|-enditem|p1a: Clodsire|Leftovers|[from] move: Knock Off|[of] p2a: Kartana\n|move|p1a: Clodsire|Recover|p1a: Clodsire\n|-heal|p1a: Clodsire|62/100 brn\n|\n|-damage|p1a: Clodsire|56/100 brn|[from] brn\n|upkeep\n|turn|22\n|\n|t:|1771175657\n|move|p2a: Kartana|Knock Off|p1a: Clodsire\n|-damage|p1a: Clodsire|25/100 brn\n|move|p1a: Clodsire|Recover|p1a: Clodsire\n|-heal|p1a: Clodsire|75/100 brn\n|\n|-damage|p1a: Clodsire|69/100 brn|[from] brn\n|upkeep\n|turn|23\n|\n|t:|1771175660\n|move|p2a: Kartana|Knock Off|p1a: Clodsire\n|-damage|p1a: Clodsire|36/100 brn\n|move|p1a: Clodsire|Earthquake|p2a: Kartana\n|-damage|p2a: Kartana|51/100\n|\n|-damage|p1a: Clodsire|30/100 brn|[from] brn\n|upkeep\n|turn|24\n|\n|t:|1771175664\n|switch|p1a: Gholdengo|Gholdengo|32/100\n|-damage|p1a: Gholdengo|25/100|[from] Stealth Rock\n|move|p2a: Kartana|Knock Off|p1a: Gholdengo\n|-supereffective|p1a: Gholdengo\n|-damage|p1a: Gholdengo|0 fnt\n|faint|p1a: Gholdengo\n|-ability|p2a: Kartana|Beast Boost|boost\n|-boost|p2a: Kartana|atk|1\n|\n|upkeep\n|\n|t:|1771175665\n|switch|p1a: Latios|Latios, M|100/100\n|-damage|p1a: Latios|88/100|[from] Stealth Rock\n|turn|25\n|\n|t:|1771175670\n|detailschange|p1a: Latios|Latios-Mega, M\n|-mega|p1a: Latios|Latios|Latiosite\n|move|p2a: Kartana|Knock Off|p1a: Latios\n|-supereffective|p1a: Latios\n|-damage|p1a: Latios|0 fnt\n|faint|p1a: Latios\n|detailschange|p1: Latios|Latios, M|[silent]\n|-ability|p2a: Kartana|Beast Boost|boost\n|-boost|p2a: Kartana|atk|1\n|\n|upkeep\n|-message|ndx_alt17 forfeited.\n|\n|win|Cerberus 17\n|raw|ndx_alt17's rating: 1576 &rarr; <strong>1564</strong><br />(-12 for losing)\n|raw|Cerberus 17's rating: 1733 &rarr; <strong>1745</strong><br />(+12 for winning)\n|l|☆Cerberus 17\n|player|p2|\n|l|☆ndx_alt17\n|player|p1|\n", "uploadtime": 1771175909, "views": 6, "formatid": "gen9nationaldex", "rating": 1564, "private": 0, "password": null}