{"id": "gen9nationaldex-2540434621", "format": "[Gen 9] National Dex", "players": ["a2pro", "lemmybro87"], "log": "|j|☆a2pro\n|j|☆lemmybro87\n|t:|1771201603\n|gametype|singles\n|player|p1|a2pro|gambler|1604\n|player|p2|lemmybro87|jasmine|1527\n|gen|9\n|tier|[Gen 9] National Dex\n|rated|\n|rule|HP Percentage Mod: HP is shown in percentages\n|rule|Endless Battle Clause: Forcing endless battles is banned\n|rule|Species Clause: Limit one of each Pokémon\n|rule|OHKO Clause: OHKO moves are banned\n|rule|Evasion Clause: Evasion abilities, items, and moves are banned\n|rule|Evasion Abilities Clause: Evasion abilities are banned\n|rule|Evasion Items Clause: Evasion items are banned\n|rule|Evasion Moves Clause: Evasion moves are banned\n|rule|Sleep Clause Mod: Limit one foe put to sleep\n|rule|Terastal Clause: You cannot Terastallize\n|clearpoke\n|poke|p1|Volcanion|\n|poke|p1|Gliscor, M|\n|poke|p1|Chansey, F|\n|poke|p1|Banette, M|\n|poke|p1|Iron Valiant|\n|poke|p1|Garganacl, M|\n|poke|p2|Tapu Lele|\n|poke|p2|Charizard, M|\n|poke|p2|Gholdengo|\n|poke|p2|Tsareena, F|\n|poke|p2|Araquanid, M|\n|poke|p2|Iron Treads|\n|teampreview\n|l|☆a2pro\n|player|p1|\n|inactive|Battle timer is ON: inactive players will automatically lose when time's up. (requested by lemmybro87)\n|j|☆a2pro\n|inactive|a2pro reconnected and has 150 seconds left.\n|player|p1|a2pro|gambler|\n|\n|t:|1771201646\n|teamsize|p1|6\n|teamsize|p2|6\n|start\n|switch|p1a: Banette|Banette, M, shiny|100/100\n|switch|p2a: spider jo|Araquanid, M|100/100\n|-item|p2a: spider jo|Custap Berry|[from] ability: Frisk|[of] p1a: Banette\n|turn|1\n|\n|t:|1771201650\n|detailschange|p1a: Banette|Banette-Mega, M, shiny\n|-mega|p1a: Banette|Banette|Banettite\n|move|p1a: Banette|Poltergeist|p2a: spider jo\n|-activate|p2a: spider jo|move: Poltergeist|Custap Berry\n|-damage|p2a: spider jo|29/100\n|move|p2a: spider jo|Sticky Web|p1a: Banette\n|-sidestart|p1: a2pro|move: Sticky Web\n|\n|upkeep\n|turn|2\n|\n|t:|1771201654\n|move|p1a: Banette|Encore|p2a: spider jo\n|-start|p2a: spider jo|Encore\n|move|p2a: spider jo|Sticky Web||[still]\n|-fail|p2a: spider jo\n|\n|upkeep\n|turn|3\n|\n|t:|1771201658\n|switch|p2a: rumba|Iron Treads|100/100\n|-item|p2a: rumba|Air Balloon\n|move|p1a: Banette|Poltergeist|p2a: rumba\n|-activate|p2a: rumba|move: Poltergeist|Air Balloon\n|-damage|p2a: rumba|38/100\n|-enditem|p2a: rumba|Air Balloon\n|\n|upkeep\n|turn|4\n|\n|t:|1771201662\n|move|p2a: rumba|Earthquake|p1a: Banette\n|-damage|p1a: Banette|23/100\n|move|p1a: Banette|Poltergeist||[still]\n|-fail|p1a: Banette\n|\n|upkeep\n|turn|5\n|\n|t:|1771201668\n|switch|p1a: Gliscor|Gliscor, M, shiny|100/100\n|move|p2a: rumba|Earthquake|p1a: Gliscor\n|-immune|p1a: Gliscor\n|\n|-status|p1a: Gliscor|tox|[from] item: Toxic Orb\n|upkeep\n|turn|6\n|\n|t:|1771201671\n|move|p2a: rumba|Ice Spinner|p1a: Gliscor\n|-supereffective|p1a: Gliscor\n|-damage|p1a: Gliscor|41/100 tox\n|move|p1a: Gliscor|Earthquake|p2a: rumba\n|-supereffective|p2a: rumba\n|-damage|p2a: rumba|0 fnt\n|faint|p2a: rumba\n|-end|p2a: rumba|Quark Drive|[silent]\n|\n|-heal|p1a: Gliscor|53/100 tox|[from] ability: Poison Heal\n|upkeep\n|\n|t:|1771201674\n|switch|p2a: gold string|Gholdengo|100/100\n|-item|p2a: gold string|Air Balloon\n|turn|7\n|\n|t:|1771201677\n|switch|p1a: Volcanion|Volcanion|100/100\n|-activate|p1a: Volcanion|move: Sticky Web\n|-unboost|p1a: Volcanion|spe|1\n|move|p2a: gold string|Nasty Plot|p2a: gold string\n|-boost|p2a: gold string|spa|2\n|\n|upkeep\n|turn|8\n|\n|t:|1771201680\n|move|p2a: gold string|Shadow Ball|p1a: Volcanion\n|-damage|p1a: Volcanion|12/100\n|move|p1a: Volcanion|Flamethrower|p2a: gold string\n|-supereffective|p2a: gold string\n|-damage|p2a: gold string|19/100\n|-enditem|p2a: gold string|Air Balloon\n|\n|upkeep\n|turn|9\n|\n|t:|1771201684\n|move|p2a: gold string|Shadow Ball|p1a: Volcanion\n|-damage|p1a: Volcanion|0 fnt\n|faint|p1a: Volcanion\n|\n|upkeep\n|\n|t:|1771201690\n|switch|p1a: Banette|Banette-Mega, M, shiny|23/100\n|-activate|p1a: Banette|move: Sticky Web\n|-unboost|p1a: Banette|spe|1\n|turn|10\n|\n|t:|1771201693\n|move|p1a: Banette|Destiny Bond|p1a: Banette\n|-singlemove|p1a: Banette|Destiny Bond\n|move|p2a: gold string|Shadow Ball|p1a: Banette\n|-supereffective|p1a: Banette\n|-damage|p1a: Banette|0 fnt\n|faint|p1a: Banette\n|-activate|p1a: Banette|move: Destiny Bond\n|detailschange|p1: Banette|Banette, M, shiny|[silent]\n|faint|p2a: gold string\n|\n|upkeep\n|\n|t:|1771201699\n|switch|p2a: spirit|Tapu Lele|100/100\n|switch|p1a: Chansey|Chansey, F|100/100\n|-fieldstart|move: Psychic Terrain|[from] ability: Psychic Surge|[of] p2a: spirit\n|-activate|p1a: Chansey|move: Sticky Web\n|-unboost|p1a: Chansey|spe|1\n|turn|11\n|\n|t:|1771201703\n|move|p2a: spirit|Psyshock|p1a: Chansey\n|-damage|p1a: Chansey|47/100\n|-damage|p2a: spirit|91/100|[from] item: Life Orb\n|move|p1a: Chansey|Toxic|p2a: spirit\n|-status|p2a: spirit|tox\n|\n|-damage|p2a: spirit|84/100 tox|[from] psn\n|upkeep\n|turn|12\n|\n|t:|1771201706\n|switch|p1a: Gliscor|Gliscor, M, shiny|53/100 tox\n|move|p2a: spirit|Psyshock|p1a: Gliscor\n|-damage|p1a: Gliscor|11/100 tox\n|-damage|p2a: spirit|75/100 tox|[from] item: Life Orb\n|\n|-damage|p2a: spirit|62/100 tox|[from] psn\n|-heal|p1a: Gliscor|24/100 tox|[from] ability: Poison Heal\n|upkeep\n|turn|13\n|\n|t:|1771201709\n|move|p1a: Gliscor|Protect|p1a: Gliscor\n|-singleturn|p1a: Gliscor|Protect\n|move|p2a: spirit|Moonblast|p1a: Gliscor\n|-activate|p1a: Gliscor|move: Protect\n|\n|-damage|p2a: spirit|44/100 tox|[from] psn\n|-heal|p1a: Gliscor|36/100 tox|[from] ability: Poison Heal\n|upkeep\n|turn|14\n|\n|t:|1771201716\n|switch|p1a: Garganacl|Garganacl, M, shiny|100/100\n|-activate|p1a: Garganacl|move: Sticky Web\n|-unboost|p1a: Garganacl|spe|1\n|move|p2a: spirit|Psyshock|p1a: Garganacl\n|-damage|p1a: Garganacl|53/100\n|-damage|p2a: spirit|34/100 tox|[from] item: Life Orb\n|\n|-heal|p1a: Garganacl|59/100|[from] item: Leftovers\n|-damage|p2a: spirit|10/100 tox|[from] psn\n|upkeep\n|turn|15\n|\n|t:|1771201721\n|switch|p1a: Chansey|Chansey, F|47/100\n|-activate|p1a: Chansey|move: Sticky Web\n|-unboost|p1a: Chansey|spe|1\n|move|p2a: spirit|Focus Blast|p1a: Chansey\n|-supereffective|p1a: Chansey\n|-damage|p1a: Chansey|18/100\n|-damage|p2a: spirit|0 fnt|[from] item: Life Orb\n|faint|p2a: spirit\n|\n|-fieldend|move: Psychic Terrain\n|upkeep\n|\n|t:|1771201728\n|switch|p2a: Charizard|Charizard, M|100/100\n|turn|16\n|\n|t:|1771201732\n|detailschange|p2a: Charizard|Charizard-Mega-X, M\n|-mega|p2a: Charizard|Charizard|Charizardite X\n|move|p2a: Charizard|Fire Punch|p1a: Chansey\n|-damage|p1a: Chansey|0 fnt\n|faint|p1a: Chansey\n|\n|upkeep\n|\n|t:|1771201737\n|switch|p1a: Garganacl|Garganacl, M, shiny|59/100\n|-activate|p1a: Garganacl|move: Sticky Web\n|-unboost|p1a: Garganacl|spe|1\n|turn|17\n|\n|t:|1771201742\n|switch|p2a: Tsareena|Tsareena, F|100/100\n|move|p1a: Garganacl|Recover|p1a: Garganacl\n|-heal|p1a: Garganacl|100/100\n|\n|upkeep\n|turn|18\n|\n|t:|1771201745\n|-zpower|p2a: Tsareena\n|move|p2a: Tsareena|Z-Celebrate|p2a: Tsareena|[anim]Celebrate\n|-boost|p2a: Tsareena|atk|1|[zeffect]\n|-boost|p2a: Tsareena|def|1|[zeffect]\n|-boost|p2a: Tsareena|spa|1|[zeffect]\n|-boost|p2a: Tsareena|spd|1|[zeffect]\n|-boost|p2a: Tsareena|spe|1|[zeffect]\n|-activate|p2a: Tsareena|move: Celebrate\n|move|p1a: Garganacl|Iron Defense|p1a: Garganacl\n|-boost|p1a: Garganacl|def|2\n|\n|upkeep\n|turn|19\n|\n|t:|1771201749\n|move|p2a: Tsareena|Power Whip|p1a: Garganacl\n|-supereffective|p1a: Garganacl\n|-damage|p1a: Garganacl|40/100\n|move|p1a: Garganacl|Iron Defense|p1a: Garganacl\n|-boost|p1a: Garganacl|def|2\n|\n|-heal|p1a: Garganacl|46/100|[from] item: Leftovers\n|upkeep\n|turn|20\n|\n|t:|1771201753\n|move|p2a: Tsareena|Power Whip|p1a: Garganacl\n|-supereffective|p1a: Garganacl\n|-damage|p1a: Garganacl|0 fnt\n|faint|p1a: Garganacl\n|\n|upkeep\n|\n|t:|1771201757\n|switch|p1a: Gliscor|Gliscor, M, shiny|36/100 tox\n|turn|21\n|\n|t:|1771201761\n|move|p2a: Tsareena|Triple Axel|p1a: Gliscor\n|-supereffective|p1a: Gliscor\n|-damage|p1a: Gliscor|7/100 tox\n|-supereffective|p1a: Gliscor\n|-damage|p1a: Gliscor|0 fnt\n|faint|p1a: Gliscor\n|-hitcount|p1: Gliscor|2\n|\n|upkeep\n|\n|t:|1771201762\n|switch|p1a: Iron Valiant|Iron Valiant|100/100\n|-activate|p1a: Iron Valiant|move: Sticky Web\n|-unboost|p1a: Iron Valiant|spe|1\n|-enditem|p1a: Iron Valiant|Booster Energy\n|-activate|p1a: Iron Valiant|ability: Quark Drive|[fromitem]\n|-start|p1a: Iron Valiant|quarkdriveatk\n|turn|22\n|\n|t:|1771201766\n|move|p2a: Tsareena|Power Whip|p1a: Iron Valiant\n|-damage|p1a: Iron Valiant|0 fnt\n|faint|p1a: Iron Valiant\n|-end|p1a: Iron Valiant|Quark Drive|[silent]\n|\n|win|lemmybro87\n|raw|a2pro's rating: 1604 &rarr; <strong>1580</strong><br />(-24 for losing)\n|raw|lemmybro87's rating: 1527 &rarr; <strong>1551</strong><br />(+24 for winning)\n|l|☆a2pro\n|player|p1|\n|c|☆lemmybro87|gg\n", "uploadtime": 1771201782, "views": 15, "formatid": "gen9nationaldex", "rating": 1551, "private": 0, "password": null}