{"id": "gen9nationaldex-2540668584", "format": "[Gen 9] National Dex", "players": ["jblockman77", "whiteeey_11x"], "log": "|j|☆jblockman77\n|j|☆whiteeey_11x\n|t:|1771237260\n|gametype|singles\n|player|p1|jblockman77|n|1531\n|player|p2|whiteeey_11x|byron|1547\n|gen|9\n|tier|[Gen 9] National Dex\n|rated|\n|rule|HP Percentage Mod: HP is shown in percentages\n|rule|Endless Battle Clause: Forcing endless battles is banned\n|rule|Species Clause: Limit one of each Pokémon\n|rule|OHKO Clause: OHKO moves are banned\n|rule|Evasion Clause: Evasion abilities, items, and moves are banned\n|rule|Evasion Abilities Clause: Evasion abilities are banned\n|rule|Evasion Items Clause: Evasion items are banned\n|rule|Evasion Moves Clause: Evasion moves are banned\n|rule|Sleep Clause Mod: Limit one foe put to sleep\n|rule|Terastal Clause: You cannot Terastallize\n|clearpoke\n|poke|p1|Tapu Koko|\n|poke|p1|Volcarona, F|\n|poke|p1|Iron Valiant|\n|poke|p1|Kingambit, F|\n|poke|p1|Great Tusk|\n|poke|p1|Alomomola, M|\n|poke|p2|Indeedee, M|\n|poke|p2|Medicham, M|\n|poke|p2|Araquanid, F|\n|poke|p2|Kingambit, M|\n|poke|p2|Corviknight, M|\n|poke|p2|Sinistcha|\n|teampreview\n|\n|t:|1771237277\n|teamsize|p1|6\n|teamsize|p2|6\n|start\n|switch|p1a: Tapu Koko|Tapu Koko|100/100\n|switch|p2a: Own Souul|Medicham, M|100/100\n|-fieldstart|move: Electric Terrain|[from] ability: Electric Surge|[of] p1a: Tapu Koko\n|turn|1\n|\n|t:|1771237284\n|detailschange|p2a: Own Souul|Medicham-Mega, M\n|-mega|p2a: Own Souul|Medicham|Medichamite\n|move|p2a: Own Souul|Fake Out|p1a: Tapu Koko\n|-damage|p1a: Tapu Koko|68/100\n|cant|p1a: Tapu Koko|flinch\n|\n|upkeep\n|turn|2\n|\n|t:|1771237291\n|switch|p2a: Teaninaa|Sinistcha|100/100\n|move|p1a: Tapu Koko|U-turn|p2a: Teaninaa\n|-damage|p2a: Teaninaa|87/100\n|inactive|Battle timer is ON: inactive players will automatically lose when time's up. (requested by whiteeey_11x)\n|\n|t:|1771237309\n|switch|p1a: Volcarona|Volcarona, F|100/100|[from] U-turn\n|-enditem|p1a: Volcarona|Electric Seed\n|-boost|p1a: Volcarona|def|1|[from] item: Electric Seed\n|\n|-heal|p2a: Teaninaa|94/100|[from] item: Leftovers\n|upkeep\n|turn|3\n|\n|t:|1771237316\n|switch|p2a: Gwenn|Araquanid, F|100/100\n|move|p1a: Volcarona|Quiver Dance|p1a: Volcarona\n|-boost|p1a: Volcarona|spa|1\n|-boost|p1a: Volcarona|spd|1\n|-boost|p1a: Volcarona|spe|1\n|\n|upkeep\n|turn|4\n|\n|t:|1771237322\n|move|p1a: Volcarona|Flamethrower|p2a: Gwenn\n|-damage|p2a: Gwenn|82/100\n|move|p2a: Gwenn|Toxic|p1a: Volcarona\n|-status|p1a: Volcarona|tox\n|\n|-damage|p1a: Volcarona|94/100 tox|[from] psn\n|upkeep\n|turn|5\n|\n|t:|1771237332\n|switch|p1a: Iron Valiant|Iron Valiant|100/100\n|-activate|p1a: Iron Valiant|ability: Quark Drive\n|-start|p1a: Iron Valiant|quarkdrivespe\n|move|p2a: Gwenn|Liquidation|p1a: Iron Valiant\n|-damage|p1a: Iron Valiant|44/100\n|\n|-fieldend|move: Electric Terrain\n|-end|p1a: Iron Valiant|Quark Drive\n|upkeep\n|turn|6\n|\n|t:|1771237340\n|move|p1a: Iron Valiant|Trick|p2a: Gwenn\n|-activate|p1a: Iron Valiant|move: Trick|[of] p2a: Gwenn\n|-item|p2a: Gwenn|Choice Specs|[from] move: Trick\n|-item|p1a: Iron Valiant|Custap Berry|[from] move: Trick\n|move|p2a: Gwenn|Liquidation|p1a: Iron Valiant\n|-damage|p1a: Iron Valiant|0 fnt\n|faint|p1a: Iron Valiant\n|-end|p1a: Iron Valiant|Quark Drive|[silent]\n|\n|upkeep\n|j| blackddarkness\n|\n|t:|1771237347\n|switch|p1a: Tapu Koko|Tapu Koko|68/100\n|-fieldstart|move: Electric Terrain|[from] ability: Electric Surge|[of] p1a: Tapu Koko\n|turn|7\n|\n|t:|1771237352\n|switch|p2a: Teaninaa|Sinistcha|94/100\n|move|p1a: Tapu Koko|Thunderbolt|p2a: Teaninaa\n|-resisted|p2a: Teaninaa\n|-damage|p2a: Teaninaa|68/100\n|-status|p2a: Teaninaa|par\n|\n|-heal|p2a: Teaninaa|75/100 par|[from] item: Leftovers\n|upkeep\n|turn|8\n|\n|t:|1771237361\n|move|p1a: Tapu Koko|Hidden Power|p2a: Teaninaa\n|-supereffective|p2a: Teaninaa\n|-damage|p2a: Teaninaa|42/100 par\n|move|p2a: Teaninaa|Shadow Ball|p1a: Tapu Koko\n|-damage|p1a: Tapu Koko|17/100\n|\n|-heal|p2a: Teaninaa|48/100 par|[from] item: Leftovers\n|upkeep\n|turn|9\n|\n|t:|1771237372\n|move|p1a: Tapu Koko|U-turn|p2a: Teaninaa\n|-damage|p2a: Teaninaa|34/100 par\n|\n|t:|1771237374\n|switch|p1a: Volcarona|Volcarona, F|94/100 tox|[from] U-turn\n|cant|p2a: Teaninaa|par\n|\n|-heal|p2a: Teaninaa|40/100 par|[from] item: Leftovers\n|-damage|p1a: Volcarona|88/100 tox|[from] psn\n|upkeep\n|turn|10\n|\n|t:|1771237382\n|switch|p2a: Gwenn|Araquanid, F|82/100\n|move|p1a: Volcarona|Flamethrower|p2a: Gwenn\n|-damage|p2a: Gwenn|69/100\n|\n|-damage|p1a: Volcarona|76/100 tox|[from] psn\n|upkeep\n|turn|11\n|\n|t:|1771237388\n|switch|p1a: Alomomola|Alomomola, M|100/100\n|move|p2a: Gwenn|Liquidation|p1a: Alomomola\n|-resisted|p1a: Alomomola\n|-damage|p1a: Alomomola|85/100\n|\n|-fieldend|move: Electric Terrain\n|upkeep\n|turn|12\n|\n|t:|1771237398\n|switch|p2a: Karasuno|Corviknight, M|100/100\n|-ability|p2a: Karasuno|Pressure\n|move|p1a: Alomomola|Flip Turn|p2a: Karasuno\n|-damage|p2a: Karasuno|90/100\n|-damage|p1a: Alomomola|68/100|[from] item: Rocky Helmet|[of] p2a: Karasuno\n|\n|t:|1771237402\n|switch|p1a: Tapu Koko|Tapu Koko|17/100|[from] Flip Turn\n|-fieldstart|move: Electric Terrain|[from] ability: Electric Surge|[of] p1a: Tapu Koko\n|\n|upkeep\n|turn|13\n|\n|t:|1771237411\n|switch|p2a: Teaninaa|Sinistcha|40/100 par\n|move|p1a: Tapu Koko|Thunderbolt|p2a: Teaninaa\n|-resisted|p2a: Teaninaa\n|-damage|p2a: Teaninaa|18/100 par\n|\n|-heal|p2a: Teaninaa|24/100 par|[from] item: Leftovers\n|upkeep\n|turn|14\n|\n|t:|1771237419\n|move|p1a: Tapu Koko|Hidden Power|p2a: Teaninaa\n|-supereffective|p2a: Teaninaa\n|-damage|p2a: Teaninaa|0 fnt\n|faint|p2a: Teaninaa\n|\n|upkeep\n|\n|t:|1771237432\n|switch|p2a: Own Souul|Medicham-Mega, M|100/100\n|turn|15\n|\n|t:|1771237434\n|switch|p1a: Volcarona|Volcarona, F|76/100 tox\n|move|p2a: Own Souul|Fake Out|p1a: Volcarona\n|-damage|p1a: Volcarona|52/100 tox\n|\n|-damage|p1a: Volcarona|46/100 tox|[from] psn\n|upkeep\n|turn|16\n|\n|t:|1771237444\n|switch|p2a: Gwenn|Araquanid, F|69/100\n|move|p1a: Volcarona|Flamethrower|p2a: Gwenn\n|-damage|p2a: Gwenn|57/100\n|\n|-damage|p1a: Volcarona|34/100 tox|[from] psn\n|-fieldend|move: Electric Terrain\n|upkeep\n|turn|17\n|\n|t:|1771237451\n|switch|p2a: Indeedee|Indeedee, M|100/100\n|-fieldstart|move: Psychic Terrain|[from] ability: Psychic Surge|[of] p2a: Indeedee\n|move|p1a: Volcarona|Roost|p1a: Volcarona\n|-heal|p1a: Volcarona|84/100 tox\n|-singleturn|p1a: Volcarona|move: Roost\n|\n|-damage|p1a: Volcarona|65/100 tox|[from] psn\n|upkeep\n|turn|18\n|\n|t:|1771237459\n|move|p2a: Indeedee|Expanding Force|p1a: Volcarona\n|-damage|p1a: Volcarona|0 fnt\n|faint|p1a: Volcarona\n|\n|upkeep\n|\n|t:|1771237465\n|switch|p1a: Kingambit|Kingambit, F|100/100\n|-activate|p1a: Kingambit|ability: Supreme Overlord\n|-start|p1a: Kingambit|fallen2|[silent]\n|turn|19\n|\n|t:|1771237469\n|switch|p2a: Karasuno|Corviknight, M|90/100\n|-ability|p2a: Karasuno|Pressure\n|move|p1a: Kingambit|Knock Off|p2a: Karasuno\n|-damage|p2a: Karasuno|36/100\n|-damage|p1a: Kingambit|84/100|[from] item: Rocky Helmet|[of] p2a: Karasuno\n|-enditem|p2a: Karasuno|Rocky Helmet|[from] move: Knock Off|[of] p1a: Kingambit\n|\n|upkeep\n|turn|20\n|\n|t:|1771237478\n|move|p2a: Karasuno|Roost|p2a: Karasuno\n|-heal|p2a: Karasuno|86/100\n|-singleturn|p2a: Karasuno|move: Roost\n|move|p1a: Kingambit|Knock Off|p2a: Karasuno\n|-damage|p2a: Karasuno|52/100\n|\n|upkeep\n|turn|21\n|\n|t:|1771237484\n|-end|p1a: Kingambit|fallen2|[silent]\n|switch|p1a: Tapu Koko|Tapu Koko|17/100\n|-fieldstart|move: Electric Terrain|[from] ability: Electric Surge|[of] p1a: Tapu Koko\n|move|p2a: Karasuno|Roost|p2a: Karasuno\n|-heal|p2a: Karasuno|100/100\n|-singleturn|p2a: Karasuno|move: Roost\n|\n|upkeep\n|turn|22\n|\n|t:|1771237499\n|switch|p2a: Indeedee|Indeedee, M|100/100\n|-fieldstart|move: Psychic Terrain|[from] ability: Psychic Surge|[of] p2a: Indeedee\n|move|p1a: Tapu Koko|Thunderbolt|p2a: Indeedee\n|-damage|p2a: Indeedee|44/100\n|\n|upkeep\n|turn|23\n|\n|t:|1771237511\n|switch|p2a: Own Souul|Medicham-Mega, M|100/100\n|switch|p1a: Alomomola|Alomomola, M|100/100\n|\n|upkeep\n|turn|24\n|\n|t:|1771237520\n|move|p2a: Own Souul|Zen Headbutt|p1a: Alomomola\n|-damage|p1a: Alomomola|36/100\n|move|p1a: Alomomola|Flip Turn|p2a: Own Souul\n|-damage|p2a: Own Souul|77/100\n|\n|t:|1771237531\n|switch|p1a: Kingambit|Kingambit, F|84/100|[from] Flip Turn\n|-activate|p1a: Kingambit|ability: Supreme Overlord\n|-start|p1a: Kingambit|fallen2|[silent]\n|\n|upkeep\n|turn|25\n|\n|t:|1771237536\n|-end|p1a: Kingambit|fallen2|[silent]\n|switch|p1a: Great Tusk|Great Tusk|100/100\n|move|p2a: Own Souul|Close Combat|p1a: Great Tusk\n|-damage|p1a: Great Tusk|12/100\n|-unboost|p2a: Own Souul|def|1\n|-unboost|p2a: Own Souul|spd|1\n|\n|upkeep\n|turn|26\n|\n|t:|1771237545\n|move|p1a: Great Tusk|Rapid Spin|p2a: Own Souul\n|-damage|p2a: Own Souul|38/100\n|-boost|p1a: Great Tusk|spe|1\n|move|p2a: Own Souul|Ice Punch|p1a: Great Tusk\n|-supereffective|p1a: Great Tusk\n|-damage|p1a: Great Tusk|0 fnt\n|faint|p1a: Great Tusk\n|-end|p1a: Great Tusk|Protosynthesis|[silent]\n|\n|-fieldend|move: Psychic Terrain\n|upkeep\n|\n|t:|1771237547\n|switch|p1a: Tapu Koko|Tapu Koko|17/100\n|-fieldstart|move: Electric Terrain|[from] ability: Electric Surge|[of] p1a: Tapu Koko\n|turn|27\n|\n|t:|1771237572\n|switch|p2a: Noaa|Kingambit, M|100/100\n|-activate|p2a: Noaa|ability: Supreme Overlord\n|-start|p2a: Noaa|fallen1|[silent]\n|move|p1a: Tapu Koko|U-turn|p2a: Noaa\n|-damage|p2a: Noaa|89/100\n|\n|t:|1771237576\n|switch|p1a: Alomomola|Alomomola, M|69/100|[from] U-turn\n|\n|upkeep\n|turn|28\n|\n|t:|1771237582\n|move|p2a: Noaa|Swords Dance|p2a: Noaa\n|-boost|p2a: Noaa|atk|2\n|move|p1a: Alomomola|Scald|p2a: Noaa\n|-damage|p2a: Noaa|75/100\n|\n|upkeep\n|turn|29\n|\n|t:|1771237589\n|move|p2a: Noaa|Swords Dance|p2a: Noaa\n|-boost|p2a: Noaa|atk|2\n|move|p1a: Alomomola|Scald|p2a: Noaa\n|-damage|p2a: Noaa|61/100\n|\n|upkeep\n|turn|30\n|\n|t:|1771237594\n|move|p2a: Noaa|Knock Off|p1a: Alomomola\n|-damage|p1a: Alomomola|0 fnt\n|-enditem|p1a: Alomomola|Assault Vest|[from] move: Knock Off|[of] p2a: Noaa\n|faint|p1a: Alomomola\n|\n|upkeep\n|\n|t:|1771237596\n|switch|p1a: Kingambit|Kingambit, F|84/100\n|-activate|p1a: Kingambit|ability: Supreme Overlord\n|-start|p1a: Kingambit|fallen4|[silent]\n|turn|31\n|\n|t:|1771237602\n|move|p2a: Noaa|Knock Off|p1a: Kingambit\n|-resisted|p1a: Kingambit\n|-damage|p1a: Kingambit|4/100\n|-enditem|p1a: Kingambit|Black Glasses|[from] move: Knock Off|[of] p2a: Noaa\n|move|p1a: Kingambit|Knock Off|p2a: Noaa\n|-resisted|p2a: Noaa\n|-damage|p2a: Noaa|34/100\n|-enditem|p2a: Noaa|Black Glasses|[from] move: Knock Off|[of] p1a: Kingambit\n|\n|-fieldend|move: Electric Terrain\n|upkeep\n|turn|32\n|\n|t:|1771237611\n|move|p1a: Kingambit|Sucker Punch|p2a: Noaa\n|-resisted|p2a: Noaa\n|-damage|p2a: Noaa|15/100\n|move|p2a: Noaa|Iron Head|p1a: Kingambit\n|-resisted|p1a: Kingambit\n|-damage|p1a: Kingambit|0 fnt\n|faint|p1a: Kingambit\n|-end|p1a: Kingambit|fallen4|[silent]\n|\n|upkeep\n|\n|t:|1771237613\n|switch|p1a: Tapu Koko|Tapu Koko|17/100\n|-fieldstart|move: Electric Terrain|[from] ability: Electric Surge|[of] p1a: Tapu Koko\n|turn|33\n|\n|t:|1771237620\n|move|p2a: Noaa|Sucker Punch||[still]\n|-fail|p2a: Noaa\n|move|p1a: Tapu Koko|Roost|p1a: Tapu Koko\n|-heal|p1a: Tapu Koko|67/100\n|-singleturn|p1a: Tapu Koko|move: Roost\n|\n|upkeep\n|turn|34\n|\n|t:|1771237626\n|move|p2a: Noaa|Sucker Punch||[still]\n|-fail|p2a: Noaa\n|move|p1a: Tapu Koko|Roost|p1a: Tapu Koko\n|-heal|p1a: Tapu Koko|100/100\n|-singleturn|p1a: Tapu Koko|move: Roost\n|\n|upkeep\n|turn|35\n|\n|t:|1771237631\n|move|p2a: Noaa|Sucker Punch|p1a: Tapu Koko\n|-resisted|p1a: Tapu Koko\n|-crit|p1a: Tapu Koko\n|-damage|p1a: Tapu Koko|0 fnt\n|faint|p1a: Tapu Koko\n|\n|win|whiteeey_11x\n|raw|jblockman77's rating: 1531 &rarr; <strong>1512</strong><br />(-19 for losing)\n|raw|whiteeey_11x's rating: 1547 &rarr; <strong>1566</strong><br />(+19 for winning)\n|l|☆jblockman77\n|player|p1|\n|l|☆whiteeey_11x\n|player|p2|\n", "uploadtime": 1771237994, "views": 11, "formatid": "gen9nationaldex", "rating": 1512, "private": 0, "password": null}