{"id": "gen9nationaldex-2540767441", "format": "[Gen 9] National Dex", "players": ["AgencyBlundAMD", "TDPapa2410"], "log": "|j|‽AgencyBlundAMD\n|j|☆TDPapa2410\n|t:|1771251718\n|gametype|singles\n|player|p1|AgencyBlundAMD|artist-gen4|1620\n|player|p2|TDPapa2410|265|1565\n|gen|9\n|tier|[Gen 9] National Dex\n|rated|\n|rule|HP Percentage Mod: HP is shown in percentages\n|rule|Endless Battle Clause: Forcing endless battles is banned\n|rule|Species Clause: Limit one of each Pokémon\n|rule|OHKO Clause: OHKO moves are banned\n|rule|Evasion Clause: Evasion abilities, items, and moves are banned\n|rule|Evasion Abilities Clause: Evasion abilities are banned\n|rule|Evasion Items Clause: Evasion items are banned\n|rule|Evasion Moves Clause: Evasion moves are banned\n|rule|Sleep Clause Mod: Limit one foe put to sleep\n|rule|Terastal Clause: You cannot Terastallize\n|clearpoke\n|poke|p1|Great Tusk|\n|poke|p1|Clodsire, M|\n|poke|p1|Toxapex, M|\n|poke|p1|Slowbro, F|\n|poke|p1|Tornadus-Therian, M|\n|poke|p1|Dunsparce, F|\n|poke|p2|Greninja-*, F|\n|poke|p2|Iron Hands|\n|poke|p2|Landorus-Therian, M|\n|poke|p2|Heatran, F|\n|poke|p2|Terapagos, M|\n|poke|p2|Diancie|\n|teampreview\n|inactive|Battle timer is ON: inactive players will automatically lose when time's up. (requested by AgencyBlundAMD)\n|\n|t:|1771251742\n|teamsize|p1|6\n|teamsize|p2|6\n|start\n|switch|p1a: Toxapex|Toxapex, M|100/100\n|switch|p2a: Greninja|Greninja, F|100/100\n|turn|1\n|\n|t:|1771251749\n|move|p2a: Greninja|U-turn|p1a: Toxapex\n|-start|p2a: Greninja|typechange|Bug|[from] ability: Protean\n|-resisted|p1a: Toxapex\n|-damage|p1a: Toxapex|91/100\n|\n|t:|1771251751\n|switch|p2a: Heatran|Heatran, F|100/100|[from] U-turn\n|move|p1a: Toxapex|Liquidation|p2a: Heatran\n|-supereffective|p2a: Heatran\n|-damage|p2a: Heatran|25/100\n|\n|-heal|p2a: Heatran|32/100|[from] item: Leftovers\n|upkeep\n|turn|2\n|\n|t:|1771251758\n|switch|p2a: Iron Hands|Iron Hands|100/100\n|move|p1a: Toxapex|Liquidation|p2a: Iron Hands\n|-damage|p2a: Iron Hands|71/100\n|-unboost|p2a: Iron Hands|def|1\n|\n|upkeep\n|turn|3\n|\n|t:|1771251765\n|move|p2a: Iron Hands|Ice Punch|p1a: Toxapex\n|-resisted|p1a: Toxapex\n|-damage|p1a: Toxapex|75/100\n|move|p1a: Toxapex|Liquidation|p2a: Iron Hands\n|-damage|p2a: Iron Hands|26/100\n|\n|upkeep\n|turn|4\n|\n|t:|1771251772\n|-end|p2a: Iron Hands|Quark Drive|[silent]\n|switch|p2a: Greninja|Greninja, F|100/100\n|switch|p1a: Great Tusk|Great Tusk|100/100\n|-enditem|p1a: Great Tusk|Booster Energy\n|-activate|p1a: Great Tusk|ability: Protosynthesis|[fromitem]\n|-start|p1a: Great Tusk|protosynthesisatk\n|\n|upkeep\n|turn|5\n|\n|t:|1771251780\n|-end|p1a: Great Tusk|Protosynthesis|[silent]\n|switch|p1a: Toxapex|Toxapex, M|100/100\n|move|p2a: Greninja|Surf|p1a: Toxapex\n|-start|p2a: Greninja|typechange|Water|[from] ability: Protean\n|-resisted|p1a: Toxapex\n|-damage|p1a: Toxapex|82/100\n|\n|upkeep\n|turn|6\n|\n|t:|1771251786\n|switch|p2a: Terapagos|Terapagos, M|100/100\n|-activate|p2a: Terapagos|ability: Tera Shift\n|detailschange|p2a: Terapagos|Terapagos-Terastal, M\n|-heal|p2a: Terapagos|100/100|[silent]\n|move|p1a: Toxapex|Knock Off|p2a: Terapagos\n|-activate|p2a: Terapagos|ability: Tera Shell\n|-resisted|p2a: Terapagos\n|-damage|p2a: Terapagos|83/100\n|-enditem|p2a: Terapagos|Heavy-Duty Boots|[from] move: Knock Off|[of] p1a: Toxapex\n|\n|upkeep\n|turn|7\n|\n|t:|1771251797\n|switch|p1a: Clodsire|Clodsire, M|100/100\n|move|p2a: Terapagos|Earth Power|p1a: Clodsire\n|-supereffective|p1a: Clodsire\n|-damage|p1a: Clodsire|67/100\n|\n|-heal|p1a: Clodsire|74/100|[from] item: Black Sludge\n|upkeep\n|turn|8\n|\n|t:|1771251803\n|switch|p2a: Iron Hands|Iron Hands|26/100\n|move|p1a: Clodsire|Poison Jab|p2a: Iron Hands\n|-damage|p2a: Iron Hands|11/100\n|\n|-heal|p1a: Clodsire|80/100|[from] item: Black Sludge\n|upkeep\n|turn|9\n|\n|t:|1771251814\n|move|p2a: Iron Hands|Thunder Punch|p1a: Clodsire\n|-immune|p1a: Clodsire\n|move|p1a: Clodsire|Poison Jab|p2a: Iron Hands\n|-damage|p2a: Iron Hands|0 fnt\n|faint|p2a: Iron Hands\n|-end|p2a: Iron Hands|Quark Drive|[silent]\n|\n|-heal|p1a: Clodsire|86/100|[from] item: Black Sludge\n|upkeep\n|\n|t:|1771251818\n|switch|p2a: Landorus|Landorus-Therian, M|100/100\n|-ability|p2a: Landorus|Intimidate|boost\n|-unboost|p1a: Clodsire|atk|1\n|turn|10\n|\n|t:|1771251822\n|switch|p1a: Slowbro|Slowbro, F|100/100\n|move|p2a: Landorus|Swords Dance|p2a: Landorus\n|-boost|p2a: Landorus|atk|2\n|\n|upkeep\n|turn|11\n|\n|t:|1771251835\n|move|p2a: Landorus|Earthquake|p1a: Slowbro\n|-damage|p1a: Slowbro|7/100\n|move|p1a: Slowbro|Scald|p2a: Landorus\n|-supereffective|p2a: Landorus\n|-damage|p2a: Landorus|0 fnt\n|faint|p2a: Landorus\n|\n|upkeep\n|\n|t:|1771251841\n|switch|p2a: Diancie|Diancie|100/100\n|turn|12\n|\n|t:|1771251846\n|switch|p1a: Clodsire|Clodsire, M|86/100\n|detailschange|p2a: Diancie|Diancie-Mega\n|-mega|p2a: Diancie|Diancie|Diancite\n|move|p2a: Diancie|Diamond Storm|p1a: Clodsire\n|-resisted|p1a: Clodsire\n|-damage|p1a: Clodsire|58/100\n|\n|-heal|p1a: Clodsire|65/100|[from] item: Black Sludge\n|upkeep\n|turn|13\n|\n|t:|1771251852\n|move|p2a: Diancie|Earth Power|p1a: Clodsire\n|-supereffective|p1a: Clodsire\n|-damage|p1a: Clodsire|24/100\n|move|p1a: Clodsire|Recover|p1a: Clodsire\n|-heal|p1a: Clodsire|74/100\n|\n|-heal|p1a: Clodsire|81/100|[from] item: Black Sludge\n|upkeep\n|turn|14\n|\n|t:|1771251855\n|move|p2a: Diancie|Earth Power|p1a: Clodsire\n|-supereffective|p1a: Clodsire\n|-damage|p1a: Clodsire|44/100\n|move|p1a: Clodsire|Amnesia|p1a: Clodsire\n|-boost|p1a: Clodsire|spd|2\n|\n|-heal|p1a: Clodsire|51/100|[from] item: Black Sludge\n|upkeep\n|turn|15\n|-message|TDPapa2410 forfeited.\n|\n|win|AgencyBlundAMD\n|raw|AgencyBlundAMD's rating: 1620 &rarr; <strong>1637</strong><br />(+17 for winning)\n|raw|TDPapa2410's rating: 1565 &rarr; <strong>1548</strong><br />(-17 for losing)\n|l|☆TDPapa2410\n|player|p2|\n|l|‽AgencyBlundAMD\n|player|p1|\n", "uploadtime": 1771252027, "views": 4, "formatid": "gen9nationaldex", "rating": 1548, "private": 0, "password": null}