{"id": "gen9nationaldex-2540596746", "format": "[Gen 9] National Dex", "players": ["Ashy Tashy", "Crsiu"], "log": "|j|☆Ashy Tashy\n|j|☆Crsiu\n|t:|1771224223\n|gametype|singles\n|player|p1|Ashy Tashy|punkgirl-gen7|1493\n|player|p2|Crsiu|n|1605\n|gen|9\n|tier|[Gen 9] National Dex\n|rated|\n|rule|HP Percentage Mod: HP is shown in percentages\n|rule|Endless Battle Clause: Forcing endless battles is banned\n|rule|Species Clause: Limit one of each Pokémon\n|rule|OHKO Clause: OHKO moves are banned\n|rule|Evasion Clause: Evasion abilities, items, and moves are banned\n|rule|Evasion Abilities Clause: Evasion abilities are banned\n|rule|Evasion Items Clause: Evasion items are banned\n|rule|Evasion Moves Clause: Evasion moves are banned\n|rule|Sleep Clause Mod: Limit one foe put to sleep\n|rule|Terastal Clause: You cannot Terastallize\n|clearpoke\n|poke|p1|Charizard, M|\n|poke|p1|Melmetal|\n|poke|p1|Hippowdon, M|\n|poke|p1|Tangrowth, M|\n|poke|p1|Zapdos|\n|poke|p1|Tapu Fini|\n|poke|p2|Blaziken, F|\n|poke|p2|Rillaboom, M|\n|poke|p2|Pinsir, F|\n|poke|p2|Raging Bolt|\n|poke|p2|Hatterene, F|\n|poke|p2|Alomomola, F|\n|teampreview\n|inactive|Battle timer is ON: inactive players will automatically lose when time's up. (requested by Ashy Tashy)\n|c|☆Ashy Tashy|glhf!\n|\n|t:|1771224245\n|teamsize|p1|6\n|teamsize|p2|6\n|start\n|switch|p1a: Hippowdon|Hippowdon, M|100/100\n|switch|p2a: Raging Bolt|Raging Bolt|100/100\n|-weather|Sandstorm|[from] ability: Sand Stream|[of] p1a: Hippowdon\n|turn|1\n|\n|t:|1771224251\n|move|p2a: Raging Bolt|Draco Meteor|p1a: Hippowdon\n|-damage|p1a: Hippowdon|24/100\n|-unboost|p2a: Raging Bolt|spa|2\n|move|p1a: Hippowdon|Earthquake|p2a: Raging Bolt\n|-supereffective|p2a: Raging Bolt\n|-damage|p2a: Raging Bolt|38/100\n|\n|-weather|Sandstorm|[upkeep]\n|-damage|p2a: Raging Bolt|32/100|[from] Sandstorm\n|-heal|p1a: Hippowdon|30/100|[from] item: Leftovers\n|upkeep\n|turn|2\n|\n|t:|1771224259\n|-end|p2a: Raging Bolt|Protosynthesis|[silent]\n|switch|p2a: Rillaboom|Rillaboom, M|100/100\n|-fieldstart|move: Grassy Terrain|[from] ability: Grassy Surge|[of] p2a: Rillaboom\n|switch|p1a: Charizard|Charizard, M|100/100\n|\n|-weather|Sandstorm|[upkeep]\n|-damage|p1a: Charizard|94/100|[from] Sandstorm\n|-damage|p2a: Rillaboom|94/100|[from] Sandstorm\n|-heal|p2a: Rillaboom|100/100|[from] Grassy Terrain\n|upkeep\n|turn|3\n|\n|t:|1771224273\n|switch|p2a: Hatterene|Hatterene, F|100/100\n|detailschange|p1a: Charizard|Charizard-Mega-X, M\n|-mega|p1a: Charizard|Charizard|Charizardite X\n|move|p1a: Charizard|Swords Dance|p1a: Charizard\n|-boost|p1a: Charizard|atk|2\n|\n|-weather|Sandstorm|[upkeep]\n|-damage|p1a: Charizard|88/100|[from] Sandstorm\n|-damage|p2a: Hatterene|95/100|[from] Sandstorm\n|-heal|p1a: Charizard|94/100|[from] Grassy Terrain\n|-heal|p2a: Hatterene|100/100|[from] Grassy Terrain\n|upkeep\n|turn|4\n|\n|t:|1771224280\n|switch|p2a: Alomomola|Alomomola, F|100/100\n|move|p1a: Charizard|Flare Blitz|p2a: Alomomola\n|-resisted|p2a: Alomomola\n|-damage|p2a: Alomomola|57/100\n|-damage|p1a: Charizard|78/100|[from] item: Rocky Helmet|[of] p2a: Alomomola\n|-damage|p1a: Charizard|52/100|[from] Recoil\n|\n|-weather|Sandstorm|[upkeep]\n|-damage|p1a: Charizard|46/100|[from] Sandstorm\n|-damage|p2a: Alomomola|51/100|[from] Sandstorm\n|-heal|p1a: Charizard|52/100|[from] Grassy Terrain\n|-heal|p2a: Alomomola|57/100|[from] Grassy Terrain\n|upkeep\n|turn|5\n|\n|t:|1771224303\n|switch|p2a: Hatterene|Hatterene, F|100/100\n|move|p1a: Charizard|Roost|p1a: Charizard\n|-heal|p1a: Charizard|100/100\n|-singleturn|p1a: Charizard|move: Roost\n|\n|-weather|none\n|upkeep\n|turn|6\n|\n|t:|1771224311\n|move|p1a: Charizard|Swords Dance|p1a: Charizard\n|-boost|p1a: Charizard|atk|2\n|move|p2a: Hatterene|Nuzzle|p1a: Charizard\n|-resisted|p1a: Charizard\n|-damage|p1a: Charizard|98/100\n|-status|p1a: Charizard|par\n|\n|-heal|p1a: Charizard|100/100 par|[from] Grassy Terrain\n|-fieldend|move: Grassy Terrain\n|upkeep\n|turn|7\n|\n|t:|1771224323\n|switch|p2a: Alomomola|Alomomola, F|91/100\n|move|p1a: Charizard|Flare Blitz|p2a: Alomomola\n|-resisted|p2a: Alomomola\n|-damage|p2a: Alomomola|28/100\n|-status|p2a: Alomomola|brn\n|-damage|p1a: Charizard|84/100 par|[from] item: Rocky Helmet|[of] p2a: Alomomola\n|-damage|p1a: Charizard|47/100 par|[from] Recoil\n|\n|-damage|p2a: Alomomola|22/100 brn|[from] brn\n|upkeep\n|turn|8\n|\n|t:|1771224330\n|move|p1a: Charizard|Roost|p1a: Charizard\n|-heal|p1a: Charizard|97/100 par\n|-singleturn|p1a: Charizard|move: Roost\n|move|p2a: Alomomola|Flip Turn|p1a: Charizard\n|-damage|p1a: Charizard|88/100 par\n|\n|t:|1771224346\n|switch|p2a: Pinsir|Pinsir, F|100/100|[from] Flip Turn\n|\n|upkeep\n|turn|9\n|\n|t:|1771224349\n|detailschange|p2a: Pinsir|Pinsir-Mega, F\n|-mega|p2a: Pinsir|Pinsir|Pinsirite\n|move|p2a: Pinsir|Earthquake|p1a: Charizard\n|-supereffective|p1a: Charizard\n|-damage|p1a: Charizard|0 fnt\n|faint|p1a: Charizard\n|detailschange|p1: Charizard|Charizard, M|[silent]\n|\n|upkeep\n|\n|t:|1771224354\n|switch|p1a: Tangrowth|Tangrowth, M|100/100\n|turn|10\n|\n|t:|1771224378\n|switch|p2a: Hatterene|Hatterene, F|100/100\n|move|p1a: Tangrowth|Sleep Powder|p2a: Hatterene\n|move|p2a: Hatterene|Sleep Powder|p1a: Tangrowth|[from] ability: Magic Bounce\n|-immune|p1a: Tangrowth\n|\n|upkeep\n|turn|11\n|\n|t:|1771224388\n|switch|p1a: Tapu Fini|Tapu Fini, shiny|100/100\n|-fieldstart|move: Misty Terrain|[from] ability: Misty Surge|[of] p1a: Tapu Fini\n|move|p2a: Hatterene|Psychic Noise|p1a: Tapu Fini\n|-damage|p1a: Tapu Fini|76/100\n|-start|p1a: Tapu Fini|move: Heal Block\n|\n|upkeep\n|turn|12\n|\n|t:|1771224397\n|move|p1a: Tapu Fini|Scald|p2a: Hatterene\n|-damage|p2a: Hatterene|88/100\n|move|p2a: Hatterene|Draining Kiss|p1a: Tapu Fini\n|-crit|p1a: Tapu Fini\n|-damage|p1a: Tapu Fini|50/100\n|-heal|p2a: Hatterene|100/100|[from] drain|[of] p1a: Tapu Fini\n|\n|-end|p1a: Tapu Fini|move: Heal Block\n|upkeep\n|turn|13\n|\n|t:|1771224403\n|switch|p1a: Melmetal|Melmetal|100/100\n|move|p2a: Hatterene|Psychic Noise|p1a: Melmetal\n|-resisted|p1a: Melmetal\n|-damage|p1a: Melmetal|88/100\n|-start|p1a: Melmetal|move: Heal Block\n|\n|upkeep\n|turn|14\n|\n|t:|1771224410\n|switch|p2a: Raging Bolt|Raging Bolt|32/100\n|move|p1a: Melmetal|Double Iron Bash|p2a: Raging Bolt\n|-resisted|p2a: Raging Bolt\n|-damage|p2a: Raging Bolt|16/100\n|-resisted|p2a: Raging Bolt\n|-damage|p2a: Raging Bolt|0 fnt\n|faint|p2a: Raging Bolt\n|-end|p2a: Raging Bolt|Protosynthesis|[silent]\n|-hitcount|p2: Raging Bolt|2\n|\n|-end|p1a: Melmetal|move: Heal Block\n|upkeep\n|\n|t:|1771224414\n|switch|p2a: Alomomola|Alomomola, F|56/100 brn\n|turn|15\n|\n|t:|1771224427\n|switch|p1a: Zapdos|Zapdos|100/100\n|move|p2a: Alomomola|Wish|p2a: Alomomola\n|\n|-damage|p2a: Alomomola|49/100 brn|[from] brn\n|-fieldend|Misty Terrain\n|upkeep\n|turn|16\n|\n|t:|1771224452\n|switch|p2a: Hatterene|Hatterene, F|100/100\n|move|p1a: Zapdos|Thunderbolt|p2a: Hatterene\n|-damage|p2a: Hatterene|75/100\n|-status|p2a: Hatterene|par\n|\n|-heal|p2a: Hatterene|100/100 par|[from] move: Wish|[wisher] Alomomola\n|upkeep\n|turn|17\n|\n|t:|1771224464\n|switch|p2a: Rillaboom|Rillaboom, M|100/100\n|-fieldstart|move: Grassy Terrain|[from] ability: Grassy Surge|[of] p2a: Rillaboom\n|-zpower|p1a: Zapdos\n|move|p1a: Zapdos|Supersonic Skystrike|p2a: Rillaboom|[zeffect]\n|-supereffective|p2a: Rillaboom\n|-damage|p2a: Rillaboom|0 fnt\n|faint|p2a: Rillaboom\n|\n|upkeep\n|\n|t:|1771224471\n|switch|p2a: Alomomola|Alomomola, F|83/100 brn\n|turn|18\n|\n|t:|1771224474\n|move|p1a: Zapdos|Thunderbolt|p2a: Alomomola\n|-supereffective|p2a: Alomomola\n|-damage|p2a: Alomomola|0 fnt\n|faint|p2a: Alomomola\n|\n|upkeep\n|\n|t:|1771224479\n|switch|p2a: Hatterene|Hatterene, F|100/100 par\n|turn|19\n|\n|t:|1771224485\n|move|p1a: Zapdos|Hurricane|p2a: Hatterene\n|-damage|p2a: Hatterene|72/100 par\n|cant|p2a: Hatterene|par\n|\n|-heal|p2a: Hatterene|78/100 par|[from] Grassy Terrain\n|upkeep\n|turn|20\n|\n|t:|1771224490\n|move|p1a: Zapdos|Hurricane|p2a: Hatterene\n|-damage|p2a: Hatterene|49/100 par\n|-start|p2a: Hatterene|confusion\n|-activate|p2a: Hatterene|confusion\n|move|p2a: Hatterene|Psychic Noise|p1a: Zapdos\n|-damage|p1a: Zapdos|61/100\n|-start|p1a: Zapdos|move: Heal Block\n|\n|-heal|p2a: Hatterene|55/100 par|[from] Grassy Terrain\n|upkeep\n|turn|21\n|\n|t:|1771224498\n|move|p1a: Zapdos|Hurricane|p2a: Hatterene\n|-damage|p2a: Hatterene|26/100 par\n|-activate|p2a: Hatterene|confusion\n|-damage|p2a: Hatterene|18/100 par|[from] confusion\n|\n|-heal|p2a: Hatterene|24/100 par|[from] Grassy Terrain\n|-end|p1a: Zapdos|move: Heal Block\n|-fieldend|move: Grassy Terrain\n|upkeep\n|turn|22\n|\n|t:|1771224503\n|move|p1a: Zapdos|Hurricane|p2a: Hatterene\n|-damage|p2a: Hatterene|0 fnt\n|faint|p2a: Hatterene\n|\n|upkeep\n|\n|t:|1771224506\n|switch|p2a: Blaziken|Blaziken, F, shiny|100/100\n|turn|23\n|\n|t:|1771224513\n|move|p1a: Zapdos|Hurricane|p2a: Blaziken\n|-supereffective|p2a: Blaziken\n|-damage|p2a: Blaziken|0 fnt\n|faint|p2a: Blaziken\n|\n|upkeep\n|c|☆Crsiu|不是\n|c|☆Crsiu|你这\n|c|☆Ashy Tashy|yep\n|c|☆Ashy Tashy|i have no clue what that means\n|c|☆Crsiu|把把都能中?\n|\n|t:|1771224542\n|switch|p2a: Pinsir|Pinsir-Mega, F|100/100\n|turn|24\n|\n|t:|1771224546\n|move|p1a: Zapdos|Thunderbolt|p2a: Pinsir\n|-supereffective|p2a: Pinsir\n|-damage|p2a: Pinsir|0 fnt\n|faint|p2a: Pinsir\n|detailschange|p2: Pinsir|Pinsir, F|[silent]\n|\n|win|Ashy Tashy\n|raw|Ashy Tashy's rating: 1493 &rarr; <strong>1519</strong><br />(+26 for winning)\n|raw|Crsiu's rating: 1605 &rarr; <strong>1579</strong><br />(-26 for losing)\n|l|☆Crsiu\n|player|p2|\n|l|☆Ashy Tashy\n|player|p1|\n", "uploadtime": 1771224561, "views": 11, "formatid": "gen9nationaldex", "rating": 1519, "private": 0, "password": null}