{"id": "gen9nationaldex-2540698902", "format": "[Gen 9] National Dex", "players": ["Frost12080000", "MonoTeamEnthusiast"], "log": "|j|☆Frost12080000\n|j|‽MonoTeamEnthusiast\n|t:|1771242218\n|gametype|singles\n|player|p1|Frost12080000|burglar|1617\n|player|p2|MonoTeamEnthusiast|miku-ghost|1516\n|gen|9\n|tier|[Gen 9] National Dex\n|rated|\n|rule|HP Percentage Mod: HP is shown in percentages\n|rule|Endless Battle Clause: Forcing endless battles is banned\n|rule|Species Clause: Limit one of each Pokémon\n|rule|OHKO Clause: OHKO moves are banned\n|rule|Evasion Clause: Evasion abilities, items, and moves are banned\n|rule|Evasion Abilities Clause: Evasion abilities are banned\n|rule|Evasion Items Clause: Evasion items are banned\n|rule|Evasion Moves Clause: Evasion moves are banned\n|rule|Sleep Clause Mod: Limit one foe put to sleep\n|rule|Terastal Clause: You cannot Terastallize\n|clearpoke\n|poke|p1|Chansey, F|\n|poke|p1|Pecharunt|\n|poke|p1|Tapu Fini|\n|poke|p1|Zapdos|\n|poke|p1|Ogerpon-Cornerstone, F|\n|poke|p1|Scizor, M|\n|poke|p2|Polteageist|\n|poke|p2|Scizor, M|\n|poke|p2|Great Tusk|\n|poke|p2|Ogerpon-Wellspring, F|\n|poke|p2|Volcarona, F|\n|poke|p2|Corviknight, F|\n|teampreview\n|inactive|Battle timer is ON: inactive players will automatically lose when time's up. (requested by MonoTeamEnthusiast)\n|\n|t:|1771242225\n|teamsize|p1|6\n|teamsize|p2|6\n|start\n|switch|p1a: Scizor|Scizor, M|100/100\n|switch|p2a: Great Tusk|Great Tusk|100/100\n|turn|1\n|\n|t:|1771242235\n|detailschange|p1a: Scizor|Scizor-Mega, M\n|-mega|p1a: Scizor|Scizor|Scizorite\n|move|p2a: Great Tusk|Stealth Rock|p1a: Scizor\n|-sidestart|p1: Frost12080000|move: Stealth Rock\n|move|p1a: Scizor|U-turn|p2a: Great Tusk\n|-resisted|p2a: Great Tusk\n|-damage|p2a: Great Tusk|86/100\n|\n|t:|1771242238\n|switch|p1a: Zapdos|Zapdos|100/100|[from] U-turn\n|\n|-heal|p2a: Great Tusk|92/100|[from] item: Leftovers\n|upkeep\n|turn|2\n|inactive|MonoTeamEnthusiast has 120 seconds left.\n|\n|t:|1771242282\n|move|p2a: Great Tusk|Stealth Rock||[still]\n|-fail|p2a: Great Tusk\n|move|p1a: Zapdos|Heat Wave|p2a: Great Tusk\n|-damage|p2a: Great Tusk|51/100\n|\n|-heal|p2a: Great Tusk|58/100|[from] item: Leftovers\n|upkeep\n|turn|3\n|\n|t:|1771242291\n|move|p2a: Great Tusk|Stealth Rock||[still]\n|-fail|p2a: Great Tusk\n|move|p1a: Zapdos|Heat Wave|p2a: Great Tusk\n|-damage|p2a: Great Tusk|20/100\n|\n|-heal|p2a: Great Tusk|27/100|[from] item: Leftovers\n|upkeep\n|turn|4\n|inactive|MonoTeamEnthusiast has 120 seconds left.\n|\n|t:|1771242297\n|move|p2a: Great Tusk|Close Combat|p1a: Zapdos\n|-resisted|p1a: Zapdos\n|-damage|p1a: Zapdos|79/100\n|-unboost|p2a: Great Tusk|def|1\n|-unboost|p2a: Great Tusk|spd|1\n|move|p1a: Zapdos|Defog|p2a: Great Tusk\n|-unboost|p2a: Great Tusk|evasion|1\n|-sideend|p1: Frost12080000|Stealth Rock|[from] move: Defog|[of] p1a: Zapdos\n|\n|-heal|p2a: Great Tusk|33/100|[from] item: Leftovers\n|upkeep\n|turn|5\n|\n|t:|1771242300\n|move|p2a: Great Tusk|Stealth Rock|p1a: Zapdos\n|-sidestart|p1: Frost12080000|move: Stealth Rock\n|move|p1a: Zapdos|Heat Wave|p2a: Great Tusk\n|-damage|p2a: Great Tusk|0 fnt\n|faint|p2a: Great Tusk\n|-end|p2a: Great Tusk|Protosynthesis|[silent]\n|\n|upkeep\n|inactive|MonoTeamEnthusiast has 120 seconds left.\n|\n|t:|1771242319\n|switch|p2a: Corviknight|Corviknight, F|100/100\n|turn|6\n|\n|t:|1771242321\n|move|p1a: Zapdos|Defog|p2a: Corviknight\n|-ability|p2a: Corviknight|Mirror Armor\n|-unboost|p1a: Zapdos|evasion|1\n|-sideend|p1: Frost12080000|Stealth Rock|[from] move: Defog|[of] p1a: Zapdos\n|move|p2a: Corviknight|Agility|p2a: Corviknight\n|-boost|p2a: Corviknight|spe|2\n|\n|upkeep\n|turn|7\n|\n|t:|1771242329\n|move|p2a: Corviknight|Agility|p2a: Corviknight\n|-boost|p2a: Corviknight|spe|2\n|move|p1a: Zapdos|Heat Wave|p2a: Corviknight\n|-supereffective|p2a: Corviknight\n|-damage|p2a: Corviknight|67/100\n|-status|p2a: Corviknight|brn\n|-enditem|p2a: Corviknight|Weakness Policy\n|-boost|p2a: Corviknight|atk|2|[from] item: Weakness Policy\n|-boost|p2a: Corviknight|spa|2|[from] item: Weakness Policy\n|\n|-damage|p2a: Corviknight|61/100 brn|[from] brn\n|upkeep\n|turn|8\n|\n|t:|1771242332\n|move|p2a: Corviknight|Bulk Up|p2a: Corviknight\n|-boost|p2a: Corviknight|atk|1\n|-boost|p2a: Corviknight|def|1\n|move|p1a: Zapdos|Heat Wave|p2a: Corviknight\n|-supereffective|p2a: Corviknight\n|-damage|p2a: Corviknight|23/100 brn\n|\n|-damage|p2a: Corviknight|17/100 brn|[from] brn\n|upkeep\n|turn|9\n|\n|t:|1771242335\n|move|p2a: Corviknight|Roost|p2a: Corviknight\n|-heal|p2a: Corviknight|67/100 brn\n|-singleturn|p2a: Corviknight|move: Roost\n|move|p1a: Zapdos|Volt Switch|p2a: Corviknight\n|-damage|p2a: Corviknight|46/100 brn\n|\n|t:|1771242337\n|switch|p1a: Pecharunt|Pecharunt|100/100|[from] Volt Switch\n|\n|-damage|p2a: Corviknight|40/100 brn|[from] brn\n|upkeep\n|turn|10\n|\n|t:|1771242354\n|switch|p1a: Tapu Fini|Tapu Fini, shiny|100/100\n|-fieldstart|move: Misty Terrain|[from] ability: Misty Surge|[of] p1a: Tapu Fini\n|move|p2a: Corviknight|Roost|p2a: Corviknight\n|-heal|p2a: Corviknight|90/100 brn\n|-singleturn|p2a: Corviknight|move: Roost\n|\n|-damage|p2a: Corviknight|84/100 brn|[from] brn\n|upkeep\n|turn|11\n|\n|t:|1771242362\n|move|p2a: Corviknight|Bulk Up|p2a: Corviknight\n|-boost|p2a: Corviknight|atk|1\n|-boost|p2a: Corviknight|def|1\n|move|p1a: Tapu Fini|Calm Mind|p1a: Tapu Fini\n|-boost|p1a: Tapu Fini|spa|1\n|-boost|p1a: Tapu Fini|spd|1\n|\n|-damage|p2a: Corviknight|78/100 brn|[from] brn\n|upkeep\n|turn|12\n|\n|t:|1771242366\n|move|p2a: Corviknight|Bulk Up|p2a: Corviknight\n|-boost|p2a: Corviknight|atk|1\n|-boost|p2a: Corviknight|def|1\n|move|p1a: Tapu Fini|Taunt|p2a: Corviknight\n|-start|p2a: Corviknight|move: Taunt\n|\n|-damage|p2a: Corviknight|72/100 brn|[from] brn\n|upkeep\n|turn|13\n|\n|t:|1771242370\n|move|p2a: Corviknight|Power Trip|p1a: Tapu Fini\n|-resisted|p1a: Tapu Fini\n|-damage|p1a: Tapu Fini|65/100\n|move|p1a: Tapu Fini|Calm Mind|p1a: Tapu Fini\n|-boost|p1a: Tapu Fini|spa|1\n|-boost|p1a: Tapu Fini|spd|1\n|\n|-heal|p1a: Tapu Fini|71/100|[from] item: Leftovers\n|-damage|p2a: Corviknight|66/100 brn|[from] brn\n|upkeep\n|turn|14\n|\n|t:|1771242375\n|move|p2a: Corviknight|Power Trip|p1a: Tapu Fini\n|-resisted|p1a: Tapu Fini\n|-damage|p1a: Tapu Fini|35/100\n|move|p1a: Tapu Fini|Surf|p2a: Corviknight\n|-damage|p2a: Corviknight|22/100 brn\n|\n|-heal|p1a: Tapu Fini|41/100|[from] item: Leftovers\n|-damage|p2a: Corviknight|16/100 brn|[from] brn\n|-fieldend|Misty Terrain\n|upkeep\n|turn|15\n|\n|t:|1771242380\n|move|p2a: Corviknight|Power Trip|p1a: Tapu Fini\n|-resisted|p1a: Tapu Fini\n|-damage|p1a: Tapu Fini|7/100\n|move|p1a: Tapu Fini|Surf|p2a: Corviknight\n|-damage|p2a: Corviknight|0 fnt\n|faint|p2a: Corviknight\n|\n|-heal|p1a: Tapu Fini|13/100|[from] item: Leftovers\n|upkeep\n|\n|t:|1771242382\n|switch|p2a: Ogerpon|Ogerpon-Wellspring, F|100/100\n|turn|16\n|\n|t:|1771242387\n|switch|p1a: Scizor|Scizor-Mega, M|100/100\n|move|p2a: Ogerpon|Swords Dance|p2a: Ogerpon\n|-boost|p2a: Ogerpon|atk|2\n|\n|upkeep\n|turn|17\n|\n|t:|1771242389\n|move|p2a: Ogerpon|Ivy Cudgel|p1a: Scizor|[anim] Ivy Cudgel Water\n|-damage|p1a: Scizor|18/100\n|move|p1a: Scizor|U-turn|p2a: Ogerpon\n|-supereffective|p2a: Ogerpon\n|-damage|p2a: Ogerpon|0 fnt\n|faint|p2a: Ogerpon\n|\n|t:|1771242398\n|switch|p1a: Ogerpon|Ogerpon-Cornerstone, F|100/100|[from] U-turn\n|\n|upkeep\n|\n|t:|1771242418\n|switch|p2a: Scizor|Scizor, M|100/100\n|turn|18\n|\n|t:|1771242425\n|switch|p1a: Pecharunt|Pecharunt|100/100\n|detailschange|p2a: Scizor|Scizor-Mega, M\n|-mega|p2a: Scizor|Scizor|Scizorite\n|move|p2a: Scizor|Bullet Punch|p1a: Pecharunt\n|-damage|p1a: Pecharunt|83/100\n|-damage|p2a: Scizor|84/100|[from] item: Rocky Helmet|[of] p1a: Pecharunt\n|\n|upkeep\n|turn|19\n|\n|t:|1771242428\n|move|p2a: Scizor|Swords Dance|p2a: Scizor\n|-boost|p2a: Scizor|atk|2\n|move|p1a: Pecharunt|Shadow Ball|p2a: Scizor\n|-damage|p2a: Scizor|52/100\n|\n|upkeep\n|turn|20\n|\n|t:|1771242431\n|move|p2a: Scizor|Knock Off|p1a: Pecharunt\n|-supereffective|p1a: Pecharunt\n|-damage|p1a: Pecharunt|6/100\n|-damage|p2a: Scizor|36/100|[from] item: Rocky Helmet|[of] p1a: Pecharunt\n|-enditem|p1a: Pecharunt|Rocky Helmet|[from] move: Knock Off|[of] p2a: Scizor\n|move|p1a: Pecharunt|Nasty Plot|p1a: Pecharunt\n|-boost|p1a: Pecharunt|spa|2\n|\n|upkeep\n|turn|21\n|\n|t:|1771242438\n|move|p2a: Scizor|Knock Off|p1a: Pecharunt\n|-supereffective|p1a: Pecharunt\n|-damage|p1a: Pecharunt|0 fnt\n|faint|p1a: Pecharunt\n|\n|upkeep\n|\n|t:|1771242446\n|switch|p1a: Scizor|Scizor-Mega, M|18/100\n|turn|22\n|\n|t:|1771242449\n|move|p2a: Scizor|Bullet Punch|p1a: Scizor\n|-resisted|p1a: Scizor\n|-damage|p1a: Scizor|0 fnt\n|faint|p1a: Scizor\n|detailschange|p1: Scizor|Scizor, M|[silent]\n|\n|upkeep\n|\n|t:|1771242453\n|switch|p1a: Ogerpon|Ogerpon-Cornerstone, F|100/100\n|turn|23\n|\n|t:|1771242458\n|move|p2a: Scizor|Bullet Punch|p1a: Ogerpon\n|-supereffective|p1a: Ogerpon\n|-ability|p1a: Ogerpon|Sturdy\n|-damage|p1a: Ogerpon|1/100\n|move|p1a: Ogerpon|Ivy Cudgel|p2a: Scizor|[anim] Ivy Cudgel Rock\n|-damage|p2a: Scizor|0 fnt\n|faint|p2a: Scizor\n|detailschange|p2: Scizor|Scizor, M|[silent]\n|\n|upkeep\n|\n|t:|1771242465\n|switch|p2a: Polteageist|Polteageist|100/100\n|turn|24\n|\n|t:|1771242468\n|switch|p1a: Chansey|Chansey, F|100/100\n|move|p2a: Polteageist|Shell Smash|p2a: Polteageist\n|-unboost|p2a: Polteageist|def|1\n|-unboost|p2a: Polteageist|spd|1\n|-boost|p2a: Polteageist|atk|2\n|-boost|p2a: Polteageist|spa|2\n|-boost|p2a: Polteageist|spe|2\n|\n|upkeep\n|turn|25\n|\n|t:|1771242471\n|move|p2a: Polteageist|Shell Smash|p2a: Polteageist\n|-unboost|p2a: Polteageist|def|1\n|-unboost|p2a: Polteageist|spd|1\n|-boost|p2a: Polteageist|atk|2\n|-boost|p2a: Polteageist|spa|2\n|-boost|p2a: Polteageist|spe|2\n|move|p1a: Chansey|Toxic|p2a: Polteageist\n|-status|p2a: Polteageist|tox\n|\n|-damage|p2a: Polteageist|94/100 tox|[from] psn\n|upkeep\n|turn|26\n|\n|t:|1771242473\n|move|p2a: Polteageist|Shell Smash|p2a: Polteageist\n|-unboost|p2a: Polteageist|def|1\n|-unboost|p2a: Polteageist|spd|1\n|-boost|p2a: Polteageist|atk|2\n|-boost|p2a: Polteageist|spa|2\n|-boost|p2a: Polteageist|spe|2\n|move|p1a: Chansey|Psywave|p2a: Polteageist\n|-damage|p2a: Polteageist|58/100 tox\n|\n|-damage|p2a: Polteageist|46/100 tox|[from] psn\n|upkeep\n|turn|27\n|\n|t:|1771242476\n|switch|p1a: Tapu Fini|Tapu Fini, shiny|13/100\n|-fieldstart|move: Misty Terrain|[from] ability: Misty Surge|[of] p1a: Tapu Fini\n|move|p2a: Polteageist|Stored Power|p1a: Tapu Fini\n|-damage|p1a: Tapu Fini|0 fnt\n|faint|p1a: Tapu Fini\n|\n|-damage|p2a: Polteageist|27/100 tox|[from] psn\n|upkeep\n|\n|t:|1771242483\n|switch|p1a: Zapdos|Zapdos|79/100\n|turn|28\n|\n|t:|1771242490\n|switch|p1a: Chansey|Chansey, F|100/100\n|move|p2a: Polteageist|Shadow Ball|p1a: Chansey\n|-immune|p1a: Chansey\n|\n|-damage|p2a: Polteageist|3/100 tox|[from] psn\n|upkeep\n|turn|29\n|\n|t:|1771242493\n|move|p2a: Polteageist|Giga Drain|p1a: Chansey\n|-damage|p1a: Chansey|74/100\n|-heal|p2a: Polteageist|35/100 tox|[from] drain|[of] p1a: Chansey\n|move|p1a: Chansey|Soft-Boiled|p1a: Chansey\n|-heal|p1a: Chansey|100/100\n|\n|-damage|p2a: Polteageist|5/100 tox|[from] psn\n|upkeep\n|turn|30\n|j| Lario\n|\n|t:|1771242498\n|move|p2a: Polteageist|Stored Power|p1a: Chansey\n|-damage|p1a: Chansey|0 fnt\n|faint|p1a: Chansey\n|\n|-damage|p2a: Polteageist|0 fnt|[from] psn\n|faint|p2a: Polteageist\n|upkeep\n|\n|t:|1771242501\n|switch|p2a: Volcarona|Volcarona, F|100/100\n|switch|p1a: Ogerpon|Ogerpon-Cornerstone, F|1/100\n|turn|31\n|\n|t:|1771242504\n|move|p1a: Ogerpon|Ivy Cudgel|p2a: Volcarona|[anim] Ivy Cudgel Rock\n|-supereffective|p2a: Volcarona\n|-damage|p2a: Volcarona|0 fnt\n|faint|p2a: Volcarona\n|\n|win|Frost12080000\n|raw|Frost12080000's rating: 1617 &rarr; <strong>1631</strong><br />(+14 for winning)\n|raw|MonoTeamEnthusiast's rating: 1516 &rarr; <strong>1502</strong><br />(-14 for losing)\n|l|‽MonoTeamEnthusiast\n|player|p2|\n|l|☆Frost12080000\n|player|p1|\n|l| Lario\n", "uploadtime": 1771242895, "views": 5, "formatid": "gen9nationaldex", "rating": 1502, "private": 0, "password": null}