{"id": "gen9nationaldex-2540594538", "format": "[Gen 9] National Dex", "players": ["snakadactyl", "ndx_alt17"], "log": "|j|☆snakadactyl\n|j|☆ndx_alt17\n|t:|1771223817\n|gametype|singles\n|player|p1|snakadactyl|101|1545\n|player|p2|ndx_alt17|nate|1615\n|gen|9\n|tier|[Gen 9] National Dex\n|rated|\n|rule|HP Percentage Mod: HP is shown in percentages\n|rule|Endless Battle Clause: Forcing endless battles is banned\n|rule|Species Clause: Limit one of each Pokémon\n|rule|OHKO Clause: OHKO moves are banned\n|rule|Evasion Clause: Evasion abilities, items, and moves are banned\n|rule|Evasion Abilities Clause: Evasion abilities are banned\n|rule|Evasion Items Clause: Evasion items are banned\n|rule|Evasion Moves Clause: Evasion moves are banned\n|rule|Sleep Clause Mod: Limit one foe put to sleep\n|rule|Terastal Clause: You cannot Terastallize\n|clearpoke\n|poke|p1|Kommo-o, F|\n|poke|p1|Altaria, F|\n|poke|p1|Kyurem|\n|poke|p1|Salamence, M|\n|poke|p1|Goodra-Hisui, M|\n|poke|p1|Haxorus, M|\n|poke|p2|Azumarill, F|\n|poke|p2|Gholdengo|\n|poke|p2|Venusaur, M|\n|poke|p2|Heatran, M|\n|poke|p2|Great Tusk|\n|poke|p2|Latios, M|\n|teampreview\n|\n|t:|1771223858\n|teamsize|p1|6\n|teamsize|p2|6\n|start\n|switch|p1a: Salamence|Salamence, M|100/100\n|switch|p2a: Latios|Latios, M, shiny|100/100\n|-ability|p1a: Salamence|Intimidate|boost\n|-unboost|p2a: Latios|atk|1\n|turn|1\n|\n|t:|1771223885\n|switch|p1a: Goodra|Goodra-Hisui, M|100/100\n|move|p2a: Latios|Trick|p1a: Goodra\n|-activate|p2a: Latios|move: Trick|[of] p1a: Goodra\n|-item|p1a: Goodra|Choice Scarf|[from] move: Trick\n|-item|p2a: Latios|Choice Specs|[from] move: Trick\n|\n|upkeep\n|turn|2\n|\n|t:|1771223900\n|move|p2a: Latios|Flip Turn|p1a: Goodra\n|-resisted|p1a: Goodra\n|-damage|p1a: Goodra|97/100\n|\n|t:|1771223904\n|switch|p2a: Heatran|Heatran, M|100/100|[from] Flip Turn\n|-item|p2a: Heatran|Air Balloon\n|move|p1a: Goodra|Flash Cannon|p2a: Heatran\n|-resisted|p2a: Heatran\n|-damage|p2a: Heatran|95/100\n|-enditem|p2a: Heatran|Air Balloon\n|\n|upkeep\n|turn|3\n|\n|t:|1771223911\n|switch|p1a: Salamence|Salamence, M|100/100\n|-ability|p1a: Salamence|Intimidate|boost\n|-unboost|p2a: Heatran|atk|1\n|move|p2a: Heatran|Stealth Rock|p1a: Salamence\n|-sidestart|p1: snakadactyl|move: Stealth Rock\n|\n|upkeep\n|turn|4\n|\n|t:|1771223916\n|move|p1a: Salamence|Defog|p2a: Heatran\n|-unboost|p2a: Heatran|evasion|1\n|-sideend|p1: snakadactyl|Stealth Rock|[from] move: Defog|[of] p1a: Salamence\n|move|p2a: Heatran|Toxic|p1a: Salamence\n|-status|p1a: Salamence|tox\n|\n|-damage|p1a: Salamence|94/100 tox|[from] psn\n|upkeep\n|turn|5\n|\n|t:|1771223919\n|move|p1a: Salamence|Hurricane|p2a: Heatran\n|-resisted|p2a: Heatran\n|-damage|p2a: Heatran|78/100\n|-start|p2a: Heatran|confusion\n|-activate|p2a: Heatran|confusion\n|-damage|p2a: Heatran|74/100|[from] confusion\n|\n|-damage|p1a: Salamence|82/100 tox|[from] psn\n|upkeep\n|turn|6\n|\n|t:|1771223925\n|switch|p1a: Haxorus|Haxorus, M|100/100\n|-ability|p1a: Haxorus|Mold Breaker\n|-activate|p2a: Heatran|confusion\n|move|p2a: Heatran|Stealth Rock|p1a: Haxorus\n|-sidestart|p1: snakadactyl|move: Stealth Rock\n|\n|upkeep\n|turn|7\n|\n|t:|1771223928\n|move|p1a: Haxorus|Dragon Dance|p1a: Haxorus\n|-boost|p1a: Haxorus|atk|1\n|-boost|p1a: Haxorus|spe|1\n|-activate|p2a: Heatran|confusion\n|move|p2a: Heatran|Toxic|p1a: Haxorus\n|-status|p1a: Haxorus|tox\n|-enditem|p1a: Haxorus|Lum Berry|[eat]\n|-curestatus|p1a: Haxorus|tox|[msg]\n|\n|upkeep\n|turn|8\n|\n|t:|1771223931\n|move|p1a: Haxorus|Taunt|p2a: Heatran\n|-start|p2a: Heatran|move: Taunt\n|cant|p2a: Heatran|move: Taunt|Toxic\n|\n|upkeep\n|turn|9\n|\n|t:|1771223934\n|switch|p2a: Venusaur|Venusaur, M, shiny|100/100\n|move|p1a: Haxorus|Dragon Dance|p1a: Haxorus\n|-boost|p1a: Haxorus|atk|1\n|-boost|p1a: Haxorus|spe|1\n|\n|upkeep\n|turn|10\n|\n|t:|1771223937\n|switch|p2a: Azumarill|Azumarill, F, shiny|100/100\n|move|p1a: Haxorus|Dragon Claw|p2a: Azumarill\n|-immune|p2a: Azumarill\n|\n|upkeep\n|turn|11\n|\n|t:|1771223941\n|switch|p2a: Gholdengo|Gholdengo|100/100\n|move|p1a: Haxorus|Earthquake|p2a: Gholdengo\n|-supereffective|p2a: Gholdengo\n|-crit|p2a: Gholdengo\n|-damage|p2a: Gholdengo|0 fnt\n|faint|p2a: Gholdengo\n|\n|upkeep\n|\n|t:|1771223944\n|switch|p2a: Azumarill|Azumarill, F, shiny|100/100\n|turn|12\n|\n|t:|1771223946\n|move|p1a: Haxorus|Earthquake|p2a: Azumarill\n|-damage|p2a: Azumarill|17/100\n|move|p2a: Azumarill|Play Rough|p1a: Haxorus|[miss]\n|-miss|p2a: Azumarill|p1a: Haxorus\n|\n|upkeep\n|turn|13\n|-message|ndx_alt17 forfeited.\n|\n|win|snakadactyl\n|raw|snakadactyl's rating: 1518 &rarr; <strong>1543</strong><br />(+25 for winning)\n|raw|ndx_alt17's rating: 1615 &rarr; <strong>1590</strong><br />(-25 for losing)\n|l|☆snakadactyl\n|player|p1|\n|l|☆ndx_alt17\n|player|p2|\n", "uploadtime": 1771224339, "views": 7, "formatid": "gen9nationaldex", "rating": 1543, "private": 0, "password": null}