{"id": "gen9nationaldex-2540349948", "format": "[Gen 9] National Dex", "players": ["greninjaaathegoat", "Laughs2Giggles"], "log": "|j|☆greninjaaathegoat\n|j|☆Laughs2Giggles\n|t:|1771191636\n|gametype|singles\n|player|p1|greninjaaathegoat|101|1517\n|player|p2|Laughs2Giggles|flint|1593\n|gen|9\n|tier|[Gen 9] National Dex\n|rated|\n|rule|HP Percentage Mod: HP is shown in percentages\n|rule|Endless Battle Clause: Forcing endless battles is banned\n|rule|Species Clause: Limit one of each Pokémon\n|rule|OHKO Clause: OHKO moves are banned\n|rule|Evasion Clause: Evasion abilities, items, and moves are banned\n|rule|Evasion Abilities Clause: Evasion abilities are banned\n|rule|Evasion Items Clause: Evasion items are banned\n|rule|Evasion Moves Clause: Evasion moves are banned\n|rule|Sleep Clause Mod: Limit one foe put to sleep\n|rule|Terastal Clause: You cannot Terastallize\n|clearpoke\n|poke|p1|Ninetales-Alola, M|\n|poke|p1|Cetitan, F|\n|poke|p1|Ceruledge, F|\n|poke|p1|Diancie|\n|poke|p1|Thundurus-Therian, M|\n|poke|p1|Great Tusk|\n|poke|p2|Kyurem|\n|poke|p2|Slowking-Galar, M|\n|poke|p2|Mew|\n|poke|p2|Terapagos, M|\n|poke|p2|Urshifu-*, F|\n|poke|p2|Moltres|\n|teampreview\n|inactive|Battle timer is ON: inactive players will automatically lose when time's up. (requested by Laughs2Giggles)\n|inactive|greninjaaathegoat has 120 seconds left.\n|\n|t:|1771191673\n|teamsize|p1|6\n|teamsize|p2|6\n|start\n|switch|p1a: Ninetales|Ninetales-Alola, M|100/100\n|switch|p2a: Mew|Mew|100/100\n|-weather|Snowscape|[from] ability: Snow Warning|[of] p1a: Ninetales\n|turn|1\n|\n|t:|1771191681\n|move|p1a: Ninetales|Aurora Veil|p1a: Ninetales\n|-sidestart|p1: greninjaaathegoat|move: Aurora Veil\n|move|p2a: Mew|Thunder Wave|p1a: Ninetales\n|-status|p1a: Ninetales|par\n|\n|-weather|Snowscape|[upkeep]\n|upkeep\n|turn|2\n|\n|t:|1771191688\n|switch|p1a: Thundurus|Thundurus-Therian, M|100/100\n|move|p2a: Mew|Aurora Veil|p2a: Mew\n|-sidestart|p2: Laughs2Giggles|move: Aurora Veil\n|\n|-weather|Snowscape|[upkeep]\n|upkeep\n|turn|3\n|\n|t:|1771191695\n|move|p1a: Thundurus|Nasty Plot|p1a: Thundurus\n|-boost|p1a: Thundurus|spa|2\n|move|p2a: Mew|Teleport|p2a: Mew\n|\n|t:|1771191713\n|switch|p2a: Kyurem|Kyurem, shiny|100/100|[from] Teleport\n|-ability|p2a: Kyurem|Pressure\n|\n|-weather|Snowscape|[upkeep]\n|upkeep\n|turn|4\n|\n|t:|1771191720\n|move|p1a: Thundurus|Focus Blast|p2a: Kyurem\n|-supereffective|p2a: Kyurem\n|-damage|p2a: Kyurem|0 fnt\n|faint|p2a: Kyurem\n|-damage|p1a: Thundurus|91/100|[from] item: Life Orb\n|\n|-weather|Snowscape|[upkeep]\n|upkeep\n|\n|t:|1771191726\n|switch|p2a: Slowking|Slowking-Galar, M|100/100\n|turn|5\n|\n|t:|1771191737\n|move|p1a: Thundurus|Thunderbolt|p2a: Slowking\n|-damage|p2a: Slowking|64/100\n|-damage|p1a: Thundurus|81/100|[from] item: Life Orb\n|move|p2a: Slowking|Yawn|p1a: Thundurus\n|-start|p1a: Thundurus|move: Yawn|[of] p2a: Slowking\n|\n|-weather|Snowscape|[upkeep]\n|-sideend|p1: greninjaaathegoat|move: Aurora Veil\n|upkeep\n|turn|6\n|\n|t:|1771191754\n|move|p1a: Thundurus|Thunderbolt|p2a: Slowking\n|-damage|p2a: Slowking|23/100\n|-damage|p1a: Thundurus|71/100|[from] item: Life Orb\n|move|p2a: Slowking|Future Sight|p1a: Thundurus\n|-start|p2a: Slowking|move: Future Sight\n|\n|-weather|Snowscape|[upkeep]\n|-end|p1a: Thundurus|move: Yawn|[silent]\n|-status|p1a: Thundurus|slp\n|upkeep\n|turn|7\n|\n|t:|1771191761\n|cant|p1a: Thundurus|slp\n|-prepare|p2a: Slowking|Chilly Reception|[premajor]\n|move|p2a: Slowking|Chilly Reception|p2a: Slowking\n|\n|t:|1771191779\n|switch|p2a: Terapagos|Terapagos, M|100/100|[from] Chilly Reception\n|-activate|p2a: Terapagos|ability: Tera Shift\n|detailschange|p2a: Terapagos|Terapagos-Terastal, M\n|-heal|p2a: Terapagos|100/100|[silent]\n|\n|-weather|Snowscape|[upkeep]\n|upkeep\n|turn|8\n|\n|t:|1771191790\n|switch|p1a: Ninetales|Ninetales-Alola, M|100/100 par\n|move|p2a: Terapagos|Rapid Spin|p1a: Ninetales\n|-damage|p1a: Ninetales|87/100 par\n|-boost|p2a: Terapagos|spe|1\n|\n|-weather|none\n|-end|p1a: Ninetales|move: Future Sight\n|-damage|p1a: Ninetales|31/100 par\n|upkeep\n|turn|9\n|\n|t:|1771191802\n|switch|p1a: Thundurus|Thundurus-Therian, M|71/100 slp\n|move|p2a: Terapagos|Calm Mind|p2a: Terapagos\n|-boost|p2a: Terapagos|spa|1\n|-boost|p2a: Terapagos|spd|1\n|\n|-sideend|p2: Laughs2Giggles|move: Aurora Veil\n|upkeep\n|turn|10\n|\n|t:|1771191809\n|switch|p1a: Ninetales|Ninetales-Alola, M|31/100 par\n|-weather|Snowscape|[from] ability: Snow Warning|[of] p1a: Ninetales\n|move|p2a: Terapagos|Calm Mind|p2a: Terapagos\n|-boost|p2a: Terapagos|spa|1\n|-boost|p2a: Terapagos|spd|1\n|\n|-weather|Snowscape|[upkeep]\n|upkeep\n|turn|11\n|\n|t:|1771191813\n|move|p2a: Terapagos|Tera Starstorm|p1a: Ninetales\n|-damage|p1a: Ninetales|0 fnt\n|faint|p1a: Ninetales\n|\n|-weather|Snowscape|[upkeep]\n|upkeep\n|\n|t:|1771191838\n|switch|p1a: Ceruledge|Ceruledge, F|100/100\n|-item|p1a: Ceruledge|Air Balloon\n|turn|12\n|\n|t:|1771191849\n|switch|p2a: Moltres|Moltres|100/100\n|move|p1a: Ceruledge|Bitter Blade|p2a: Moltres\n|-resisted|p2a: Moltres\n|-damage|p2a: Moltres|82/100\n|\n|-weather|Snowscape|[upkeep]\n|upkeep\n|turn|13\n|\n|t:|1771191859\n|switch|p1a: Thundurus|Thundurus-Therian, M|71/100 slp\n|move|p2a: Moltres|U-turn|p1a: Thundurus\n|-resisted|p1a: Thundurus\n|-damage|p1a: Thundurus|60/100 slp\n|\n|t:|1771191864\n|switch|p2a: Mew|Mew|100/100|[from] U-turn\n|\n|-weather|Snowscape|[upkeep]\n|upkeep\n|turn|14\n|\n|t:|1771191868\n|-curestatus|p1a: Thundurus|slp|[msg]\n|move|p1a: Thundurus|Thunderbolt|p2a: Mew\n|-damage|p2a: Mew|48/100\n|-damage|p1a: Thundurus|50/100|[from] item: Life Orb\n|move|p2a: Mew|Aurora Veil|p2a: Mew\n|-sidestart|p2: Laughs2Giggles|move: Aurora Veil\n|\n|-weather|Snowscape|[upkeep]\n|upkeep\n|turn|15\n|\n|t:|1771191876\n|move|p1a: Thundurus|Thunderbolt|p2a: Mew\n|-damage|p2a: Mew|21/100\n|-damage|p1a: Thundurus|40/100|[from] item: Life Orb\n|move|p2a: Mew|Teleport|p2a: Mew\n|\n|t:|1771191885\n|switch|p2a: Slowking|Slowking-Galar, M|57/100|[from] Teleport\n|\n|-weather|Snowscape|[upkeep]\n|upkeep\n|turn|16\n|\n|t:|1771191898\n|move|p1a: Thundurus|Thunderbolt|p2a: Slowking\n|-damage|p2a: Slowking|39/100\n|-damage|p1a: Thundurus|31/100|[from] item: Life Orb\n|move|p2a: Slowking|Sludge Bomb|p1a: Thundurus\n|-damage|p1a: Thundurus|0 fnt\n|faint|p1a: Thundurus\n|\n|-weather|Snowscape|[upkeep]\n|upkeep\n|inactive|greninjaaathegoat has 120 seconds left.\n|\n|t:|1771191949\n|switch|p1a: Cetitan|Cetitan, F|100/100\n|turn|17\n|\n|t:|1771191952\n|move|p1a: Cetitan|Earthquake|p2a: Slowking\n|-supereffective|p2a: Slowking\n|-damage|p2a: Slowking|8/100\n|move|p2a: Slowking|Yawn|p1a: Cetitan\n|-start|p1a: Cetitan|move: Yawn|[of] p2a: Slowking\n|\n|-weather|none\n|upkeep\n|turn|18\n|inactive|greninjaaathegoat has 120 seconds left.\n|\n|t:|1771191972\n|switch|p1a: Diancie|Diancie|100/100\n|switch|p2a: Moltres|Moltres|82/100\n|\n|upkeep\n|turn|19\n|\n|t:|1771191977\n|detailschange|p1a: Diancie|Diancie-Mega\n|-mega|p1a: Diancie|Diancie|Diancite\n|move|p1a: Diancie|Substitute|p1a: Diancie\n|-start|p1a: Diancie|Substitute\n|-damage|p1a: Diancie|76/100\n|move|p2a: Moltres|Mystical Fire|p1a: Diancie\n|-resisted|p1a: Diancie\n|-end|p1a: Diancie|Substitute\n|\n|upkeep\n|turn|20\n|inactive|greninjaaathegoat has 120 seconds left.\n|\n|t:|1771191985\n|move|p1a: Diancie|Substitute|p1a: Diancie\n|-start|p1a: Diancie|Substitute\n|-damage|p1a: Diancie|51/100\n|move|p2a: Moltres|Mystical Fire|p1a: Diancie\n|-resisted|p1a: Diancie\n|-end|p1a: Diancie|Substitute\n|\n|upkeep\n|turn|21\n|\n|t:|1771191988\n|move|p1a: Diancie|Moonblast|p2a: Moltres\n|-resisted|p2a: Moltres\n|-damage|p2a: Moltres|63/100\n|-unboost|p2a: Moltres|spa|1\n|move|p2a: Moltres|Mystical Fire|p1a: Diancie\n|-resisted|p1a: Diancie\n|-damage|p1a: Diancie|33/100\n|-unboost|p1a: Diancie|spa|1\n|\n|-sideend|p2: Laughs2Giggles|move: Aurora Veil\n|upkeep\n|turn|22\n|\n|t:|1771191997\n|move|p1a: Diancie|Diamond Storm|p2a: Moltres\n|-supereffective|p2a: Moltres\n|-damage|p2a: Moltres|0 fnt\n|faint|p2a: Moltres\n|\n|upkeep\n|\n|t:|1771192006\n|switch|p2a: Slowking|Slowking-Galar, M|41/100\n|turn|23\n|\n|t:|1771192008\n|switch|p2a: Mew|Mew|21/100\n|move|p1a: Diancie|Diamond Storm|p2a: Mew\n|-damage|p2a: Mew|0 fnt\n|-boost|p1a: Diancie|def|2\n|faint|p2a: Mew\n|\n|upkeep\n|\n|t:|1771192014\n|switch|p2a: Slowking|Slowking-Galar, M|74/100\n|turn|24\n|\n|t:|1771192018\n|move|p1a: Diancie|Diamond Storm|p2a: Slowking\n|-damage|p2a: Slowking|17/100\n|-boost|p1a: Diancie|def|2\n|move|p2a: Slowking|Sludge Bomb|p1a: Diancie\n|-damage|p1a: Diancie|0 fnt\n|faint|p1a: Diancie\n|detailschange|p1: Diancie|Diancie|[silent]\n|\n|upkeep\n|inactive|greninjaaathegoat has 120 seconds left.\n|\n|t:|1771192054\n|switch|p1a: Great Tusk|Great Tusk|100/100\n|-enditem|p1a: Great Tusk|Booster Energy\n|-activate|p1a: Great Tusk|ability: Protosynthesis|[fromitem]\n|-start|p1a: Great Tusk|protosynthesisatk\n|turn|25\n|\n|t:|1771192059\n|move|p1a: Great Tusk|Rapid Spin|p2a: Slowking\n|-damage|p2a: Slowking|0 fnt\n|-boost|p1a: Great Tusk|spe|1\n|faint|p2a: Slowking\n|\n|upkeep\n|\n|t:|1771192084\n|switch|p2a: Terapagos|Terapagos-Terastal, M|100/100\n|turn|26\n|\n|t:|1771192090\n|move|p1a: Great Tusk|Rapid Spin|p2a: Terapagos\n|-activate|p2a: Terapagos|ability: Tera Shell\n|-resisted|p2a: Terapagos\n|-damage|p2a: Terapagos|90/100\n|-boost|p1a: Great Tusk|spe|1\n|move|p2a: Terapagos|Tera Starstorm|p1a: Great Tusk\n|-damage|p1a: Great Tusk|23/100\n|\n|upkeep\n|turn|27\n|\n|t:|1771192094\n|move|p1a: Great Tusk|Close Combat|p2a: Terapagos\n|-supereffective|p2a: Terapagos\n|-damage|p2a: Terapagos|0 fnt\n|-unboost|p1a: Great Tusk|def|1\n|-unboost|p1a: Great Tusk|spd|1\n|faint|p2a: Terapagos\n|\n|upkeep\n|\n|t:|1771192098\n|switch|p2a: Urshifu|Urshifu-Rapid-Strike, F|100/100\n|turn|28\n|\n|t:|1771192104\n|move|p1a: Great Tusk|Headlong Rush|p2a: Urshifu\n|-damage|p2a: Urshifu|24/100\n|-unboost|p1a: Great Tusk|def|1\n|-unboost|p1a: Great Tusk|spd|1\n|move|p2a: Urshifu|Surging Strikes|p1a: Great Tusk\n|-supereffective|p1a: Great Tusk\n|-crit|p1a: Great Tusk\n|-damage|p1a: Great Tusk|0 fnt\n|faint|p1a: Great Tusk\n|-end|p1a: Great Tusk|Protosynthesis|[silent]\n|-hitcount|p1: Great Tusk|1\n|\n|upkeep\n|inactive|greninjaaathegoat has 120 seconds left.\n|inactive|greninjaaathegoat has 90 seconds left.\n|\n|t:|1771192178\n|switch|p1a: Cetitan|Cetitan, F|100/100\n|turn|29\n|\n|t:|1771192182\n|move|p1a: Cetitan|Ice Shard|p2a: Urshifu\n|-resisted|p2a: Urshifu\n|-damage|p2a: Urshifu|14/100\n|move|p2a: Urshifu|Close Combat|p1a: Cetitan\n|-supereffective|p1a: Cetitan\n|-damage|p1a: Cetitan|0 fnt\n|-unboost|p2a: Urshifu|def|1\n|-unboost|p2a: Urshifu|spd|1\n|faint|p1a: Cetitan\n|\n|upkeep\n|\n|t:|1771192185\n|switch|p1a: Ceruledge|Ceruledge, F|100/100\n|-item|p1a: Ceruledge|Air Balloon\n|turn|30\n|\n|t:|1771192191\n|move|p2a: Urshifu|Surging Strikes|p1a: Ceruledge\n|-supereffective|p1a: Ceruledge\n|-crit|p1a: Ceruledge\n|-damage|p1a: Ceruledge|38/100\n|-ability|p1a: Ceruledge|Weak Armor|boost\n|-unboost|p1a: Ceruledge|def|1\n|-boost|p1a: Ceruledge|spe|2\n|-enditem|p1a: Ceruledge|Air Balloon\n|-supereffective|p1a: Ceruledge\n|-crit|p1a: Ceruledge\n|-damage|p1a: Ceruledge|0 fnt\n|faint|p1a: Ceruledge\n|-hitcount|p1: Ceruledge|2\n|\n|win|Laughs2Giggles\n|raw|greninjaaathegoat's rating: 1517 &rarr; <strong>1501</strong><br />(-16 for losing)\n|raw|Laughs2Giggles's rating: 1593 &rarr; <strong>1609</strong><br />(+16 for winning)\n|l|☆greninjaaathegoat\n|player|p1|\n|l|☆Laughs2Giggles\n|player|p2|\n", "uploadtime": 1771192529, "views": 11, "formatid": "gen9nationaldex", "rating": 1501, "private": 0, "password": null}