{"id": "gen9nationaldex-2540414415", "format": "[Gen 9] National Dex", "players": ["Kemet Prince", "Misty Biitch"], "log": "|j|☆Kemet Prince\n|j|☆Misty Biitch\n|t:|1771199116\n|gametype|singles\n|player|p1|Kemet Prince|1|1626\n|player|p2|Misty Biitch|misty|1700\n|gen|9\n|tier|[Gen 9] National Dex\n|rated|\n|rule|HP Percentage Mod: HP is shown in percentages\n|rule|Endless Battle Clause: Forcing endless battles is banned\n|rule|Species Clause: Limit one of each Pokémon\n|rule|OHKO Clause: OHKO moves are banned\n|rule|Evasion Clause: Evasion abilities, items, and moves are banned\n|rule|Evasion Abilities Clause: Evasion abilities are banned\n|rule|Evasion Items Clause: Evasion items are banned\n|rule|Evasion Moves Clause: Evasion moves are banned\n|rule|Sleep Clause Mod: Limit one foe put to sleep\n|rule|Terastal Clause: You cannot Terastallize\n|clearpoke\n|poke|p1|Scizor, M|\n|poke|p1|Iron Valiant|\n|poke|p1|Garchomp, F|\n|poke|p1|Rillaboom, M|\n|poke|p1|Blastoise, F|\n|poke|p1|Charizard, M|\n|poke|p2|Kingdra, F|\n|poke|p2|Pelipper, F|\n|poke|p2|Swampert, F|\n|poke|p2|Ludicolo, F|\n|poke|p2|Urshifu-*, F|\n|poke|p2|Barraskewda, F|\n|teampreview\n|inactive|Battle timer is ON: inactive players will automatically lose when time's up. (requested by Misty Biitch)\n|\n|t:|1771199131\n|teamsize|p1|6\n|teamsize|p2|6\n|start\n|switch|p1a: Iron Valiant|Iron Valiant|100/100\n|switch|p2a: Pelipper|Pelipper, F|100/100\n|-weather|RainDance|[from] ability: Drizzle|[of] p2a: Pelipper\n|turn|1\n|\n|t:|1771199136\n|switch|p2a: Swampert|Swampert, F|100/100\n|move|p1a: Iron Valiant|Thunderbolt|p2a: Swampert\n|-immune|p2a: Swampert\n|\n|-weather|RainDance|[upkeep]\n|upkeep\n|turn|2\n|\n|t:|1771199143\n|-end|p1a: Iron Valiant|Quark Drive|[silent]\n|switch|p1a: Scizor|Scizor, M|100/100\n|detailschange|p2a: Swampert|Swampert-Mega, F\n|-mega|p2a: Swampert|Swampert|Swampertite\n|move|p2a: Swampert|Stealth Rock|p1a: Scizor\n|-sidestart|p1: Kemet Prince|move: Stealth Rock\n|\n|-weather|RainDance|[upkeep]\n|upkeep\n|turn|3\n|\n|t:|1771199146\n|detailschange|p1a: Scizor|Scizor-Mega, M\n|-mega|p1a: Scizor|Scizor|Scizorite\n|move|p2a: Swampert|Liquidation|p1a: Scizor\n|-damage|p1a: Scizor|38/100\n|move|p1a: Scizor|Dual Wingbeat|p2a: Swampert\n|-crit|p2a: Swampert\n|-damage|p2a: Swampert|63/100\n|-damage|p2a: Swampert|40/100\n|-hitcount|p2a: Swampert|2\n|\n|-weather|RainDance|[upkeep]\n|upkeep\n|turn|4\n|\n|t:|1771199156\n|move|p1a: Scizor|Bullet Punch|p2a: Swampert\n|-resisted|p2a: Swampert\n|-damage|p2a: Swampert|22/100\n|move|p2a: Swampert|Liquidation|p1a: Scizor\n|-damage|p1a: Scizor|0 fnt\n|faint|p1a: Scizor\n|detailschange|p1: Scizor|Scizor, M|[silent]\n|\n|-weather|RainDance|[upkeep]\n|upkeep\n|\n|t:|1771199166\n|switch|p1a: Rillaboom|Rillaboom, M|100/100\n|-damage|p1a: Rillaboom|88/100|[from] Stealth Rock\n|-fieldstart|move: Grassy Terrain|[from] ability: Grassy Surge|[of] p1a: Rillaboom\n|turn|5\n|l|☆Misty Biitch\n|inactive|Misty Biitch disconnected and has a minute to reconnect!\n|player|p2|\n|inactive|Misty Biitch has 30 seconds to reconnect!\n|j|☆Misty Biitch\n|inactive|Misty Biitch reconnected and has 100 seconds left.\n|player|p2|Misty Biitch|misty|\n|\n|t:|1771199222\n|move|p1a: Rillaboom|Grassy Glide|p2a: Swampert\n|-supereffective|p2a: Swampert\n|-damage|p2a: Swampert|0 fnt\n|faint|p2a: Swampert\n|detailschange|p2: Swampert|Swampert, F|[silent]\n|\n|-weather|RainDance|[upkeep]\n|-heal|p1a: Rillaboom|94/100|[from] Grassy Terrain\n|upkeep\n|\n|t:|1771199225\n|switch|p2a: Kingdra|Kingdra, F|100/100\n|turn|6\n|\n|t:|1771199236\n|switch|p1a: Iron Valiant|Iron Valiant|100/100\n|-damage|p1a: Iron Valiant|94/100|[from] Stealth Rock\n|move|p2a: Kingdra|Weather Ball|p1a: Iron Valiant\n|-damage|p1a: Iron Valiant|0 fnt\n|faint|p1a: Iron Valiant\n|-end|p1a: Iron Valiant|Quark Drive|[silent]\n|\n|-weather|RainDance|[upkeep]\n|upkeep\n|\n|t:|1771199240\n|switch|p1a: Blastoise|Blastoise, F|100/100\n|-damage|p1a: Blastoise|88/100|[from] Stealth Rock\n|turn|7\n|inactive|Misty Biitch has 120 seconds left.\n|\n|t:|1771199253\n|move|p2a: Kingdra|Weather Ball|p1a: Blastoise\n|-resisted|p1a: Blastoise\n|-damage|p1a: Blastoise|36/100\n|move|p1a: Blastoise|Ice Beam|p2a: Kingdra\n|-damage|p2a: Kingdra|68/100\n|\n|-weather|RainDance|[upkeep]\n|-heal|p2a: Kingdra|74/100|[from] Grassy Terrain\n|-heal|p1a: Blastoise|42/100|[from] Grassy Terrain\n|upkeep\n|turn|8\n|\n|t:|1771199272\n|move|p2a: Kingdra|Weather Ball|p1a: Blastoise\n|-resisted|p1a: Blastoise\n|-damage|p1a: Blastoise|0 fnt\n|faint|p1a: Blastoise\n|\n|-weather|none\n|-heal|p2a: Kingdra|81/100|[from] Grassy Terrain\n|upkeep\n|\n|t:|1771199275\n|switch|p1a: Charizard|Charizard, M|100/100\n|-damage|p1a: Charizard|51/100|[from] Stealth Rock\n|turn|9\n|\n|t:|1771199282\n|move|p1a: Charizard|Air Slash|p2a: Kingdra\n|-damage|p2a: Kingdra|39/100\n|move|p2a: Kingdra|Weather Ball|p1a: Charizard\n|-damage|p1a: Charizard|22/100\n|\n|-heal|p2a: Kingdra|45/100|[from] Grassy Terrain\n|-fieldend|move: Grassy Terrain\n|upkeep\n|turn|10\n|\n|t:|1771199289\n|move|p1a: Charizard|Air Slash|p2a: Kingdra\n|-damage|p2a: Kingdra|0 fnt\n|faint|p2a: Kingdra\n|\n|upkeep\n|\n|t:|1771199294\n|switch|p2a: Barraskewda|Barraskewda, F|100/100\n|turn|11\n|\n|t:|1771199297\n|move|p1a: Charizard|Air Slash|p2a: Barraskewda\n|-damage|p2a: Barraskewda|25/100\n|move|p2a: Barraskewda|Flip Turn|p1a: Charizard\n|-supereffective|p1a: Charizard\n|-damage|p1a: Charizard|0 fnt\n|faint|p1a: Charizard\n|-damage|p2a: Barraskewda|15/100|[from] item: Life Orb\n|\n|t:|1771199302\n|switch|p2a: Pelipper|Pelipper, F|100/100|[from] Flip Turn\n|-weather|RainDance|[from] ability: Drizzle|[of] p2a: Pelipper\n|\n|-weather|RainDance|[upkeep]\n|upkeep\n|\n|t:|1771199307\n|switch|p1a: Garchomp|Garchomp, F|100/100\n|-damage|p1a: Garchomp|94/100|[from] Stealth Rock\n|turn|12\n|\n|t:|1771199319\n|move|p1a: Garchomp|Stealth Rock|p2a: Pelipper\n|-sidestart|p2: Misty Biitch|move: Stealth Rock\n|move|p2a: Pelipper|U-turn|p1a: Garchomp\n|-damage|p1a: Garchomp|86/100\n|-damage|p2a: Pelipper|88/100|[from] ability: Rough Skin|[of] p1a: Garchomp\n|\n|t:|1771199321\n|switch|p2a: Ludicolo|Ludicolo, F|100/100|[from] U-turn\n|-damage|p2a: Ludicolo|88/100|[from] Stealth Rock\n|\n|-weather|RainDance|[upkeep]\n|-heal|p1a: Garchomp|93/100|[from] item: Leftovers\n|upkeep\n|turn|13\n|\n|t:|1771199329\n|move|p2a: Ludicolo|Ice Beam|p1a: Garchomp\n|-supereffective|p1a: Garchomp\n|-damage|p1a: Garchomp|0 fnt\n|faint|p1a: Garchomp\n|-damage|p2a: Ludicolo|78/100|[from] item: Life Orb\n|\n|-weather|RainDance|[upkeep]\n|upkeep\n|\n|t:|1771199332\n|switch|p1a: Rillaboom|Rillaboom, M|94/100\n|-damage|p1a: Rillaboom|82/100|[from] Stealth Rock\n|-fieldstart|move: Grassy Terrain|[from] ability: Grassy Surge|[of] p1a: Rillaboom\n|turn|14\n|\n|t:|1771199334\n|move|p1a: Rillaboom|Grassy Glide|p2a: Ludicolo\n|-damage|p2a: Ludicolo|0 fnt\n|faint|p2a: Ludicolo\n|\n|-weather|RainDance|[upkeep]\n|-heal|p1a: Rillaboom|88/100|[from] Grassy Terrain\n|upkeep\n|\n|t:|1771199339\n|switch|p2a: Barraskewda|Barraskewda, F|15/100\n|-damage|p2a: Barraskewda|3/100|[from] Stealth Rock\n|turn|15\n|\n|t:|1771199342\n|move|p2a: Barraskewda|Aqua Jet|p1a: Rillaboom\n|-resisted|p1a: Rillaboom\n|-damage|p1a: Rillaboom|64/100\n|-damage|p2a: Barraskewda|0 fnt|[from] item: Life Orb\n|faint|p2a: Barraskewda\n|move|p1a: Rillaboom|Grassy Glide|p2: Barraskewda|[notarget]\n|-fail|p1a: Rillaboom\n|\n|-weather|RainDance|[upkeep]\n|-heal|p1a: Rillaboom|70/100|[from] Grassy Terrain\n|upkeep\n|\n|t:|1771199352\n|switch|p2a: Urshifu|Urshifu-Rapid-Strike, F|100/100\n|-damage|p2a: Urshifu|94/100|[from] Stealth Rock\n|turn|16\n|\n|t:|1771199354\n|move|p1a: Rillaboom|Grassy Glide|p2a: Urshifu\n|-supereffective|p2a: Urshifu\n|-damage|p2a: Urshifu|0 fnt\n|faint|p2a: Urshifu\n|\n|-weather|RainDance|[upkeep]\n|-heal|p1a: Rillaboom|76/100|[from] Grassy Terrain\n|upkeep\n|\n|t:|1771199357\n|switch|p2a: Pelipper|Pelipper, F|88/100\n|-damage|p2a: Pelipper|63/100|[from] Stealth Rock\n|turn|17\n|\n|t:|1771199360\n|move|p1a: Rillaboom|Grassy Glide|p2a: Pelipper\n|-damage|p2a: Pelipper|20/100\n|move|p2a: Pelipper|Hurricane|p1a: Rillaboom\n|-supereffective|p1a: Rillaboom\n|-crit|p1a: Rillaboom\n|-damage|p1a: Rillaboom|0 fnt\n|faint|p1a: Rillaboom\n|\n|win|Misty Biitch\n|raw|Kemet Prince's rating: 1626 &rarr; <strong>1610</strong><br />(-16 for losing)\n|raw|Misty Biitch's rating: 1700 &rarr; <strong>1716</strong><br />(+16 for winning)\n|l|☆Misty Biitch\n|player|p2|\n|l|☆Kemet Prince\n|player|p1|\n", "uploadtime": 1771199566, "views": 6, "formatid": "gen9nationaldex", "rating": 1610, "private": 0, "password": null}