{"id": "gen9nationaldex-2540679654", "format": "[Gen 9] National Dex", "players": ["redfoxTAP", "joaojr"], "log": "|j|☆redfoxTAP\n|j|☆joaojr\n|t:|1771239071\n|gametype|singles\n|player|p1|redfoxTAP|hiker-gen4|1571\n|player|p2|joaojr|1|1573\n|gen|9\n|tier|[Gen 9] National Dex\n|rated|\n|rule|HP Percentage Mod: HP is shown in percentages\n|rule|Endless Battle Clause: Forcing endless battles is banned\n|rule|Species Clause: Limit one of each Pokémon\n|rule|OHKO Clause: OHKO moves are banned\n|rule|Evasion Clause: Evasion abilities, items, and moves are banned\n|rule|Evasion Abilities Clause: Evasion abilities are banned\n|rule|Evasion Items Clause: Evasion items are banned\n|rule|Evasion Moves Clause: Evasion moves are banned\n|rule|Sleep Clause Mod: Limit one foe put to sleep\n|rule|Terastal Clause: You cannot Terastallize\n|clearpoke\n|poke|p1|Shedinja|\n|poke|p1|Blissey, F|\n|poke|p1|Toxapex, M|\n|poke|p1|Gholdengo|\n|poke|p1|Skarmory, M|\n|poke|p1|Gliscor, F|\n|poke|p2|Shedinja|\n|poke|p2|Blissey, F|\n|poke|p2|Toxapex, F|\n|poke|p2|Gliscor, F|\n|poke|p2|Skarmory, F|\n|poke|p2|Gholdengo|\n|teampreview\n|inactive|Battle timer is ON: inactive players will automatically lose when time's up. (requested by redfoxTAP)\n|c|☆joaojr|Lol\n|c|☆redfoxTAP|。。\n|c|☆joaojr|Nice\n|c|☆redfoxTAP|LOL\n|\n|t:|1771239096\n|teamsize|p1|6\n|teamsize|p2|6\n|start\n|switch|p1a: Gliscor|Gliscor, F|100/100\n|switch|p2a: Toxapex|Toxapex, F|100/100\n|turn|1\n|\n|t:|1771239119\n|move|p1a: Gliscor|Stealth Rock|p2a: Toxapex\n|-sidestart|p2: joaojr|move: Stealth Rock\n|move|p2a: Toxapex|Knock Off|p1a: Gliscor\n|-damage|p1a: Gliscor|89/100\n|-enditem|p1a: Gliscor|Toxic Orb|[from] move: Knock Off|[of] p2a: Toxapex\n|\n|upkeep\n|turn|2\n|\n|t:|1771239124\n|move|p1a: Gliscor|Earthquake|p2a: Toxapex\n|-supereffective|p2a: Toxapex\n|-damage|p2a: Toxapex|64/100\n|move|p2a: Toxapex|Scald|p1a: Gliscor\n|-supereffective|p1a: Gliscor\n|-damage|p1a: Gliscor|64/100\n|\n|upkeep\n|turn|3\n|\n|t:|1771239131\n|move|p1a: Gliscor|Earthquake|p2a: Toxapex\n|-supereffective|p2a: Toxapex\n|-damage|p2a: Toxapex|25/100\n|move|p2a: Toxapex|Scald|p1a: Gliscor\n|-supereffective|p1a: Gliscor\n|-damage|p1a: Gliscor|35/100\n|\n|upkeep\n|turn|4\n|\n|t:|1771239144\n|switch|p2a: Gliscor|Gliscor, F|100/100\n|-damage|p2a: Gliscor|88/100|[from] Stealth Rock\n|move|p1a: Gliscor|Toxic|p2a: Gliscor\n|-status|p2a: Gliscor|tox\n|\n|-heal|p2a: Gliscor|100/100 tox|[from] ability: Poison Heal\n|upkeep\n|turn|5\n|\n|t:|1771239154\n|switch|p1a: Toxapex|Toxapex, M|100/100\n|move|p2a: Gliscor|Stealth Rock|p1a: Toxapex\n|-sidestart|p1: redfoxTAP|move: Stealth Rock\n|\n|upkeep\n|turn|6\n|\n|t:|1771239159\n|move|p2a: Gliscor|Earthquake|p1a: Toxapex\n|-supereffective|p1a: Toxapex\n|-damage|p1a: Toxapex|62/100\n|move|p1a: Toxapex|Scald|p2a: Gliscor\n|-supereffective|p2a: Gliscor\n|-damage|p2a: Gliscor|73/100 tox\n|\n|-heal|p2a: Gliscor|85/100 tox|[from] ability: Poison Heal\n|upkeep\n|turn|7\n|\n|t:|1771239167\n|switch|p1a: Skarmory|Skarmory, M|100/100\n|-damage|p1a: Skarmory|88/100|[from] Stealth Rock\n|move|p2a: Gliscor|Earthquake|p1a: Skarmory\n|-immune|p1a: Skarmory\n|\n|-heal|p2a: Gliscor|98/100 tox|[from] ability: Poison Heal\n|upkeep\n|turn|8\n|\n|t:|1771239175\n|switch|p2a: Gholdengo|Gholdengo, shiny|100/100\n|move|p1a: Skarmory|Iron Defense|p1a: Skarmory\n|-boost|p1a: Skarmory|def|2\n|\n|upkeep\n|turn|9\n|\n|t:|1771239179\n|switch|p1a: Blissey|Blissey, F|100/100\n|move|p2a: Gholdengo|Nasty Plot|p2a: Gholdengo\n|-boost|p2a: Gholdengo|spa|2\n|\n|upkeep\n|turn|10\n|\n|t:|1771239182\n|move|p2a: Gholdengo|Make It Rain|p1a: Blissey\n|-crit|p1a: Blissey\n|-damage|p1a: Blissey|49/100\n|-unboost|p2a: Gholdengo|spa|1\n|move|p1a: Blissey|Calm Mind|p1a: Blissey\n|-boost|p1a: Blissey|spa|1\n|-boost|p1a: Blissey|spd|1\n|\n|upkeep\n|turn|11\n|\n|t:|1771239185\n|move|p1a: Blissey|Protect|p1a: Blissey\n|-singleturn|p1a: Blissey|Protect\n|move|p2a: Gholdengo|Make It Rain|p1a: Blissey\n|-activate|p1a: Blissey|move: Protect\n|\n|upkeep\n|turn|12\n|\n|t:|1771239188\n|move|p2a: Gholdengo|Make It Rain|p1a: Blissey\n|-damage|p1a: Blissey|33/100\n|-unboost|p2a: Gholdengo|spa|1\n|move|p1a: Blissey|Wish|p1a: Blissey\n|\n|upkeep\n|turn|13\n|\n|t:|1771239210\n|switch|p2a: Skarmory|Skarmory, F|100/100\n|-damage|p2a: Skarmory|88/100|[from] Stealth Rock\n|move|p1a: Blissey|Calm Mind|p1a: Blissey\n|-boost|p1a: Blissey|spa|1\n|-boost|p1a: Blissey|spd|1\n|\n|-heal|p1a: Blissey|83/100|[from] move: Wish|[wisher] Blissey\n|upkeep\n|turn|14\n|\n|t:|1771239220\n|switch|p1a: Gholdengo|Gholdengo|100/100\n|move|p2a: Skarmory|Spikes|p1a: Gholdengo\n|-sidestart|p1: redfoxTAP|Spikes\n|\n|upkeep\n|turn|15\n|\n|t:|1771239229\n|switch|p2a: Gliscor|Gliscor, F|98/100 tox\n|-damage|p2a: Gliscor|85/100 tox|[from] Stealth Rock\n|move|p1a: Gholdengo|Nasty Plot|p1a: Gholdengo\n|-boost|p1a: Gholdengo|spa|2\n|\n|-heal|p2a: Gliscor|98/100 tox|[from] ability: Poison Heal\n|upkeep\n|turn|16\n|\n|t:|1771239235\n|switch|p2a: Blissey|Blissey, F|100/100\n|move|p1a: Gholdengo|Shadow Ball|p2a: Blissey\n|-immune|p2a: Blissey\n|\n|upkeep\n|turn|17\n|\n|t:|1771239241\n|move|p1a: Gholdengo|Nasty Plot|p1a: Gholdengo\n|-boost|p1a: Gholdengo|spa|2\n|move|p2a: Blissey|Calm Mind|p2a: Blissey\n|-boost|p2a: Blissey|spa|1\n|-boost|p2a: Blissey|spd|1\n|\n|upkeep\n|turn|18\n|\n|t:|1771239245\n|move|p1a: Gholdengo|Nasty Plot|p1a: Gholdengo\n|-boost|p1a: Gholdengo|spa|2\n|move|p2a: Blissey|Calm Mind|p2a: Blissey\n|-boost|p2a: Blissey|spa|1\n|-boost|p2a: Blissey|spd|1\n|\n|upkeep\n|turn|19\n|\n|t:|1771239247\n|move|p1a: Gholdengo|Psyshock|p2a: Blissey\n|-damage|p2a: Blissey|10/100\n|move|p2a: Blissey|Wish|p2a: Blissey\n|\n|upkeep\n|turn|20\n|\n|t:|1771239252\n|move|p2a: Blissey|Protect|p2a: Blissey\n|-singleturn|p2a: Blissey|Protect\n|move|p1a: Gholdengo|Psyshock|p2a: Blissey\n|-activate|p2a: Blissey|move: Protect\n|\n|-heal|p2a: Blissey|60/100|[from] move: Wish|[wisher] Blissey\n|upkeep\n|turn|21\n|c|☆joaojr|Omg i forgot\n|inactive|joaojr has 120 seconds left.\n|\n|t:|1771239285\n|switch|p2a: Skarmory|Skarmory, F|88/100\n|-damage|p2a: Skarmory|76/100|[from] Stealth Rock\n|move|p1a: Gholdengo|Psyshock|p2a: Skarmory\n|-resisted|p2a: Skarmory\n|-damage|p2a: Skarmory|47/100\n|\n|upkeep\n|turn|22\n|\n|t:|1771239289\n|move|p1a: Gholdengo|Shadow Ball|p2a: Skarmory\n|-damage|p2a: Skarmory|0 fnt\n|faint|p2a: Skarmory\n|\n|upkeep\n|\n|t:|1771239298\n|switch|p2a: Gholdengo|Gholdengo, shiny|100/100\n|turn|23\n|\n|t:|1771239308\n|move|p2a: Gholdengo|Shadow Ball|p1a: Gholdengo\n|-supereffective|p1a: Gholdengo\n|-damage|p1a: Gholdengo|33/100\n|move|p1a: Gholdengo|Shadow Ball|p2a: Gholdengo\n|-supereffective|p2a: Gholdengo\n|-damage|p2a: Gholdengo|0 fnt\n|faint|p2a: Gholdengo\n|\n|upkeep\n|\n|t:|1771239312\n|switch|p2a: Shedinja|Shedinja|100/100\n|turn|24\n|\n|t:|1771239324\n|switch|p1a: Gliscor|Gliscor, F|35/100\n|-damage|p1a: Gliscor|23/100|[from] Stealth Rock\n|switch|p2a: Toxapex|Toxapex, F|58/100\n|\n|upkeep\n|turn|25\n|\n|t:|1771239339\n|switch|p2a: Gliscor|Gliscor, F|98/100 tox\n|-damage|p2a: Gliscor|85/100 tox|[from] Stealth Rock\n|move|p1a: Gliscor|Earthquake|p2a: Gliscor\n|-immune|p2a: Gliscor\n|\n|-heal|p2a: Gliscor|98/100 tox|[from] ability: Poison Heal\n|upkeep\n|turn|26\n|\n|t:|1771239346\n|switch|p2a: Toxapex|Toxapex, F|91/100\n|switch|p1a: Skarmory|Skarmory, M|88/100\n|-damage|p1a: Skarmory|76/100|[from] Stealth Rock\n|\n|upkeep\n|turn|27\n|\n|t:|1771239360\n|switch|p1a: Gholdengo|Gholdengo|33/100\n|move|p2a: Toxapex|Knock Off|p1a: Gholdengo\n|-supereffective|p1a: Gholdengo\n|-damage|p1a: Gholdengo|11/100\n|-enditem|p1a: Gholdengo|Heavy-Duty Boots|[from] move: Knock Off|[of] p2a: Toxapex\n|\n|upkeep\n|turn|28\n|\n|t:|1771239364\n|move|p1a: Gholdengo|Recover|p1a: Gholdengo\n|-heal|p1a: Gholdengo|62/100\n|move|p2a: Toxapex|Knock Off|p1a: Gholdengo\n|-supereffective|p1a: Gholdengo\n|-damage|p1a: Gholdengo|44/100\n|\n|upkeep\n|turn|29\n|\n|t:|1771239371\n|switch|p2a: Gliscor|Gliscor, F|98/100 tox\n|-damage|p2a: Gliscor|85/100 tox|[from] Stealth Rock\n|move|p1a: Gholdengo|Recover|p1a: Gholdengo\n|-heal|p1a: Gholdengo|95/100\n|\n|-heal|p2a: Gliscor|98/100 tox|[from] ability: Poison Heal\n|upkeep\n|turn|30\n|\n|t:|1771239375\n|switch|p1a: Gliscor|Gliscor, F|23/100\n|-damage|p1a: Gliscor|10/100|[from] Stealth Rock\n|move|p2a: Gliscor|Earthquake|p1a: Gliscor\n|-immune|p1a: Gliscor\n|\n|-heal|p2a: Gliscor|100/100 tox|[from] ability: Poison Heal\n|upkeep\n|turn|31\n|\n|t:|1771239380\n|switch|p2a: Blissey|Blissey, F|60/100\n|move|p1a: Gliscor|Earthquake|p2a: Blissey\n|-damage|p2a: Blissey|28/100\n|\n|upkeep\n|turn|32\n|\n|t:|1771239383\n|move|p1a: Gliscor|Earthquake|p2a: Blissey\n|-damage|p2a: Blissey|0 fnt\n|faint|p2a: Blissey\n|\n|upkeep\n|\n|t:|1771239387\n|switch|p2a: Toxapex|Toxapex, F|100/100\n|turn|33\n|\n|t:|1771239392\n|move|p1a: Gliscor|Earthquake|p2a: Toxapex\n|-supereffective|p2a: Toxapex\n|-damage|p2a: Toxapex|60/100\n|move|p2a: Toxapex|Scald|p1a: Gliscor\n|-supereffective|p1a: Gliscor\n|-damage|p1a: Gliscor|0 fnt\n|faint|p1a: Gliscor\n|\n|upkeep\n|\n|t:|1771239396\n|switch|p1a: Gholdengo|Gholdengo|95/100\n|-damage|p1a: Gholdengo|88/100|[from] Stealth Rock\n|-damage|p1a: Gholdengo|76/100|[from] Spikes\n|turn|34\n|\n|t:|1771239402\n|switch|p2a: Gliscor|Gliscor, F|100/100 tox\n|-damage|p2a: Gliscor|88/100 tox|[from] Stealth Rock\n|move|p1a: Gholdengo|Nasty Plot|p1a: Gholdengo\n|-boost|p1a: Gholdengo|spa|2\n|\n|-heal|p2a: Gliscor|100/100 tox|[from] ability: Poison Heal\n|upkeep\n|turn|35\n|\n|t:|1771239410\n|switch|p1a: Toxapex|Toxapex, M|96/100\n|move|p2a: Gliscor|Earthquake|p1a: Toxapex\n|-supereffective|p1a: Toxapex\n|-damage|p1a: Toxapex|52/100\n|\n|upkeep\n|turn|36\n|\n|t:|1771239415\n|switch|p1a: Skarmory|Skarmory, M|76/100\n|-damage|p1a: Skarmory|64/100|[from] Stealth Rock\n|move|p2a: Gliscor|Earthquake|p1a: Skarmory\n|-immune|p1a: Skarmory\n|\n|upkeep\n|turn|37\n|\n|t:|1771239418\n|switch|p2a: Toxapex|Toxapex, F|94/100\n|move|p1a: Skarmory|Iron Defense|p1a: Skarmory\n|-boost|p1a: Skarmory|def|2\n|\n|upkeep\n|turn|38\n|\n|t:|1771239421\n|move|p1a: Skarmory|Roost|p1a: Skarmory\n|-heal|p1a: Skarmory|100/100\n|-singleturn|p1a: Skarmory|move: Roost\n|move|p2a: Toxapex|Knock Off|p1a: Skarmory\n|-damage|p1a: Skarmory|96/100\n|-damage|p2a: Toxapex|77/100|[from] item: Rocky Helmet|[of] p1a: Skarmory\n|-enditem|p1a: Skarmory|Rocky Helmet|[from] move: Knock Off|[of] p2a: Toxapex\n|\n|upkeep\n|turn|39\n|\n|t:|1771239426\n|move|p1a: Skarmory|Iron Defense|p1a: Skarmory\n|-boost|p1a: Skarmory|def|2\n|move|p2a: Toxapex|Scald|p1a: Skarmory\n|-damage|p1a: Skarmory|71/100\n|\n|upkeep\n|turn|40\n|\n|t:|1771239431\n|move|p1a: Skarmory|Iron Defense|p1a: Skarmory\n|-boost|p1a: Skarmory|def|2\n|move|p2a: Toxapex|Scald|p1a: Skarmory\n|-damage|p1a: Skarmory|50/100\n|\n|upkeep\n|turn|41\n|\n|t:|1771239433\n|move|p1a: Skarmory|Roost|p1a: Skarmory\n|-heal|p1a: Skarmory|99/100\n|-singleturn|p1a: Skarmory|move: Roost\n|move|p2a: Toxapex|Scald|p1a: Skarmory\n|-damage|p1a: Skarmory|78/100\n|\n|upkeep\n|turn|42\n|\n|t:|1771239436\n|move|p1a: Skarmory|Body Press|p2a: Toxapex\n|-resisted|p2a: Toxapex\n|-damage|p2a: Toxapex|40/100\n|move|p2a: Toxapex|Scald|p1a: Skarmory\n|-damage|p1a: Skarmory|53/100\n|\n|upkeep\n|turn|43\n|\n|t:|1771239442\n|switch|p2a: Shedinja|Shedinja|100/100\n|move|p1a: Skarmory|Body Press|p2a: Shedinja\n|-immune|p2a: Shedinja|[from] ability: Wonder Guard\n|\n|upkeep\n|turn|44\n|\n|t:|1771239449\n|switch|p1a: Gholdengo|Gholdengo|76/100\n|-damage|p1a: Gholdengo|70/100|[from] Stealth Rock\n|-damage|p1a: Gholdengo|58/100|[from] Spikes\n|move|p2a: Shedinja|Will-O-Wisp|p1a: Gholdengo\n|-immune|p1a: Gholdengo|[from] ability: Good as Gold\n|\n|upkeep\n|turn|45\n|\n|t:|1771239459\n|move|p2a: Shedinja|Shadow Sneak|p1a: Gholdengo\n|-supereffective|p1a: Gholdengo\n|-damage|p1a: Gholdengo|28/100\n|move|p1a: Gholdengo|Shadow Ball|p2a: Shedinja\n|-supereffective|p2a: Shedinja\n|-damage|p2a: Shedinja|0 fnt\n|faint|p2a: Shedinja\n|\n|upkeep\n|\n|t:|1771239462\n|switch|p2a: Gliscor|Gliscor, F|100/100 tox\n|-damage|p2a: Gliscor|88/100 tox|[from] Stealth Rock\n|turn|46\n|\n|t:|1771239467\n|switch|p1a: Skarmory|Skarmory, M|53/100\n|-damage|p1a: Skarmory|40/100|[from] Stealth Rock\n|move|p2a: Gliscor|Earthquake|p1a: Skarmory\n|-immune|p1a: Skarmory\n|\n|-heal|p2a: Gliscor|100/100 tox|[from] ability: Poison Heal\n|upkeep\n|turn|47\n|\n|t:|1771239472\n|switch|p2a: Toxapex|Toxapex, F|73/100\n|move|p1a: Skarmory|Roost|p1a: Skarmory\n|-heal|p1a: Skarmory|91/100\n|-singleturn|p1a: Skarmory|move: Roost\n|\n|upkeep\n|turn|48\n|\n|t:|1771239476\n|move|p1a: Skarmory|Iron Defense|p1a: Skarmory\n|-boost|p1a: Skarmory|def|2\n|move|p2a: Toxapex|Scald|p1a: Skarmory\n|-damage|p1a: Skarmory|69/100\n|\n|upkeep\n|turn|49\n|\n|t:|1771239477\n|move|p1a: Skarmory|Iron Defense|p1a: Skarmory\n|-boost|p1a: Skarmory|def|2\n|move|p2a: Toxapex|Scald|p1a: Skarmory\n|-damage|p1a: Skarmory|44/100\n|\n|upkeep\n|turn|50\n|\n|t:|1771239479\n|move|p1a: Skarmory|Roost|p1a: Skarmory\n|-heal|p1a: Skarmory|94/100\n|-singleturn|p1a: Skarmory|move: Roost\n|move|p2a: Toxapex|Scald|p1a: Skarmory\n|-damage|p1a: Skarmory|71/100\n|\n|upkeep\n|turn|51\n|\n|t:|1771239481\n|move|p1a: Skarmory|Iron Defense|p1a: Skarmory\n|-boost|p1a: Skarmory|def|2\n|move|p2a: Toxapex|Scald|p1a: Skarmory\n|-crit|p1a: Skarmory\n|-damage|p1a: Skarmory|37/100\n|\n|upkeep\n|turn|52\n|\n|t:|1771239483\n|move|p1a: Skarmory|Roost|p1a: Skarmory\n|-heal|p1a: Skarmory|87/100\n|-singleturn|p1a: Skarmory|move: Roost\n|move|p2a: Toxapex|Scald|p1a: Skarmory\n|-damage|p1a: Skarmory|66/100\n|\n|upkeep\n|turn|53\n|\n|t:|1771239485\n|move|p1a: Skarmory|Body Press|p2a: Toxapex\n|-resisted|p2a: Toxapex\n|-damage|p2a: Toxapex|40/100\n|move|p2a: Toxapex|Scald|p1a: Skarmory\n|-damage|p1a: Skarmory|41/100\n|-status|p1a: Skarmory|brn\n|\n|-damage|p1a: Skarmory|35/100 brn|[from] brn\n|upkeep\n|turn|54\n|\n|t:|1771239491\n|move|p1a: Skarmory|Roost|p1a: Skarmory\n|-heal|p1a: Skarmory|85/100 brn\n|-singleturn|p1a: Skarmory|move: Roost\n|move|p2a: Toxapex|Recover|p2a: Toxapex\n|-heal|p2a: Toxapex|90/100\n|\n|-damage|p1a: Skarmory|79/100 brn|[from] brn\n|upkeep\n|turn|55\n|\n|t:|1771239493\n|move|p1a: Skarmory|Body Press|p2a: Toxapex\n|-resisted|p2a: Toxapex\n|-damage|p2a: Toxapex|73/100\n|move|p2a: Toxapex|Scald|p1a: Skarmory\n|-damage|p1a: Skarmory|57/100 brn\n|\n|-damage|p1a: Skarmory|51/100 brn|[from] brn\n|upkeep\n|turn|56\n|\n|t:|1771239504\n|switch|p1a: Toxapex|Toxapex, M|85/100\n|switch|p2a: Gliscor|Gliscor, F|100/100 tox\n|-damage|p2a: Gliscor|88/100 tox|[from] Stealth Rock\n|\n|-heal|p2a: Gliscor|100/100 tox|[from] ability: Poison Heal\n|upkeep\n|turn|57\n|\n|t:|1771239506\n|move|p2a: Gliscor|Earthquake|p1a: Toxapex\n|-supereffective|p1a: Toxapex\n|-damage|p1a: Toxapex|44/100\n|move|p1a: Toxapex|Scald|p2a: Gliscor\n|-supereffective|p2a: Gliscor\n|-damage|p2a: Gliscor|73/100 tox\n|\n|-heal|p2a: Gliscor|86/100 tox|[from] ability: Poison Heal\n|upkeep\n|turn|58\n|\n|t:|1771239513\n|switch|p1a: Skarmory|Skarmory, M|51/100 brn\n|-damage|p1a: Skarmory|38/100 brn|[from] Stealth Rock\n|move|p2a: Gliscor|Earthquake|p1a: Skarmory\n|-immune|p1a: Skarmory\n|\n|-heal|p2a: Gliscor|98/100 tox|[from] ability: Poison Heal\n|-damage|p1a: Skarmory|32/100 brn|[from] brn\n|upkeep\n|turn|59\n|\n|t:|1771239520\n|switch|p2a: Toxapex|Toxapex, F|100/100\n|move|p1a: Skarmory|Roost|p1a: Skarmory\n|-heal|p1a: Skarmory|82/100 brn\n|-singleturn|p1a: Skarmory|move: Roost\n|\n|-damage|p1a: Skarmory|76/100 brn|[from] brn\n|upkeep\n|turn|60\n|\n|t:|1771239525\n|move|p1a: Skarmory|Spikes|p2a: Toxapex\n|-sidestart|p2: joaojr|Spikes\n|move|p2a: Toxapex|Scald|p1a: Skarmory\n|-damage|p1a: Skarmory|55/100 brn\n|\n|-damage|p1a: Skarmory|49/100 brn|[from] brn\n|upkeep\n|turn|61\n|\n|t:|1771239529\n|move|p1a: Skarmory|Spikes|p2a: Toxapex\n|-sidestart|p2: joaojr|Spikes\n|move|p2a: Toxapex|Scald|p1a: Skarmory\n|-damage|p1a: Skarmory|26/100 brn\n|\n|-damage|p1a: Skarmory|20/100 brn|[from] brn\n|upkeep\n|turn|62\n|\n|t:|1771239533\n|move|p1a: Skarmory|Roost|p1a: Skarmory\n|-heal|p1a: Skarmory|70/100 brn\n|-singleturn|p1a: Skarmory|move: Roost\n|move|p2a: Toxapex|Knock Off|p1a: Skarmory\n|-damage|p1a: Skarmory|64/100 brn\n|\n|-damage|p1a: Skarmory|58/100 brn|[from] brn\n|upkeep\n|turn|63\n|\n|t:|1771239536\n|move|p1a: Skarmory|Spikes|p2a: Toxapex\n|-sidestart|p2: joaojr|Spikes\n|move|p2a: Toxapex|Knock Off|p1a: Skarmory\n|-damage|p1a: Skarmory|51/100 brn\n|\n|-damage|p1a: Skarmory|45/100 brn|[from] brn\n|upkeep\n|turn|64\n|\n|t:|1771239541\n|switch|p1a: Toxapex|Toxapex, M|77/100\n|move|p2a: Toxapex|Knock Off|p1a: Toxapex\n|-damage|p1a: Toxapex|69/100\n|-enditem|p1a: Toxapex|Heavy-Duty Boots|[from] move: Knock Off|[of] p2a: Toxapex\n|\n|upkeep\n|turn|65\n|\n|t:|1771239544\n|switch|p2a: Gliscor|Gliscor, F|98/100 tox\n|-damage|p2a: Gliscor|86/100 tox|[from] Stealth Rock\n|move|p1a: Toxapex|Knock Off|p2a: Gliscor\n|-damage|p2a: Gliscor|73/100 tox\n|-enditem|p2a: Gliscor|Toxic Orb|[from] move: Knock Off|[of] p1a: Toxapex\n|\n|-heal|p2a: Gliscor|85/100 tox|[from] ability: Poison Heal\n|upkeep\n|turn|66\n|\n|t:|1771239549\n|switch|p1a: Shedinja|Shedinja|100/100\n|move|p2a: Gliscor|Earthquake|p1a: Shedinja\n|-immune|p1a: Shedinja|[from] ability: Wonder Guard\n|\n|-heal|p2a: Gliscor|97/100 tox|[from] ability: Poison Heal\n|upkeep\n|turn|67\n|\n|t:|1771239553\n|move|p1a: Shedinja|Protect|p1a: Shedinja\n|-singleturn|p1a: Shedinja|Protect\n|move|p2a: Gliscor|Toxic|p1a: Shedinja\n|-activate|p1a: Shedinja|move: Protect\n|\n|-heal|p2a: Gliscor|100/100 tox|[from] ability: Poison Heal\n|upkeep\n|turn|68\n|\n|t:|1771239557\n|switch|p1a: Skarmory|Skarmory, M|45/100 brn\n|-damage|p1a: Skarmory|33/100 brn|[from] Stealth Rock\n|move|p2a: Gliscor|Toxic||[still]\n|-fail|p2a: Gliscor\n|\n|-damage|p1a: Skarmory|27/100 brn|[from] brn\n|upkeep\n|turn|69\n|\n|t:|1771239563\n|move|p2a: Gliscor|Toxic|p1a: Skarmory|[miss]\n|-miss|p2a: Gliscor|p1a: Skarmory\n|move|p1a: Skarmory|Body Press|p2a: Gliscor\n|-resisted|p2a: Gliscor\n|-damage|p2a: Gliscor|95/100 tox\n|\n|-heal|p2a: Gliscor|100/100 tox|[from] ability: Poison Heal\n|-damage|p1a: Skarmory|21/100 brn|[from] brn\n|upkeep\n|turn|70\n|\n|t:|1771239568\n|move|p2a: Gliscor|Stealth Rock||[still]\n|-fail|p2a: Gliscor\n|move|p1a: Skarmory|Body Press|p2a: Gliscor\n|-resisted|p2a: Gliscor\n|-damage|p2a: Gliscor|95/100 tox\n|\n|-heal|p2a: Gliscor|100/100 tox|[from] ability: Poison Heal\n|-damage|p1a: Skarmory|15/100 brn|[from] brn\n|upkeep\n|turn|71\n|\n|t:|1771239571\n|move|p2a: Gliscor|Stealth Rock||[still]\n|-fail|p2a: Gliscor\n|move|p1a: Skarmory|Body Press|p2a: Gliscor\n|-resisted|p2a: Gliscor\n|-damage|p2a: Gliscor|94/100 tox\n|\n|-heal|p2a: Gliscor|100/100 tox|[from] ability: Poison Heal\n|-damage|p1a: Skarmory|9/100 brn|[from] brn\n|upkeep\n|turn|72\n|\n|t:|1771239575\n|move|p2a: Gliscor|Stealth Rock||[still]\n|-fail|p2a: Gliscor\n|move|p1a: Skarmory|Iron Defense|p1a: Skarmory\n|-boost|p1a: Skarmory|def|2\n|\n|-damage|p1a: Skarmory|3/100 brn|[from] brn\n|upkeep\n|turn|73\n|\n|t:|1771239577\n|move|p2a: Gliscor|Stealth Rock||[still]\n|-fail|p2a: Gliscor\n|move|p1a: Skarmory|Body Press|p2a: Gliscor\n|-resisted|p2a: Gliscor\n|-damage|p2a: Gliscor|88/100 tox\n|\n|-heal|p2a: Gliscor|100/100 tox|[from] ability: Poison Heal\n|-damage|p1a: Skarmory|0 fnt|[from] brn\n|faint|p1a: Skarmory\n|upkeep\n|\n|t:|1771239587\n|switch|p1a: Toxapex|Toxapex, M|100/100\n|-damage|p1a: Toxapex|88/100|[from] Stealth Rock\n|-damage|p1a: Toxapex|75/100|[from] Spikes\n|turn|74\n|\n|t:|1771239590\n|move|p2a: Gliscor|Earthquake|p1a: Toxapex\n|-supereffective|p1a: Toxapex\n|-damage|p1a: Toxapex|39/100\n|move|p1a: Toxapex|Scald|p2a: Gliscor\n|-supereffective|p2a: Gliscor\n|-damage|p2a: Gliscor|73/100 tox\n|\n|-heal|p2a: Gliscor|85/100 tox|[from] ability: Poison Heal\n|upkeep\n|turn|75\n|\n|t:|1771239595\n|switch|p1a: Blissey|Blissey, F|83/100\n|move|p2a: Gliscor|Earthquake|p1a: Blissey\n|-damage|p1a: Blissey|49/100\n|\n|-heal|p2a: Gliscor|98/100 tox|[from] ability: Poison Heal\n|upkeep\n|turn|76\n|\n|t:|1771239600\n|move|p1a: Blissey|Protect|p1a: Blissey\n|-singleturn|p1a: Blissey|Protect\n|move|p2a: Gliscor|Toxic|p1a: Blissey\n|-activate|p1a: Blissey|move: Protect\n|\n|-heal|p2a: Gliscor|100/100 tox|[from] ability: Poison Heal\n|upkeep\n|turn|77\n|\n|t:|1771239602\n|move|p2a: Gliscor|Toxic|p1a: Blissey\n|-status|p1a: Blissey|tox\n|move|p1a: Blissey|Wish|p1a: Blissey\n|\n|-damage|p1a: Blissey|43/100 tox|[from] psn\n|upkeep\n|turn|78\n|\n|t:|1771239609\n|switch|p2a: Toxapex|Toxapex, F|100/100\n|-curestatus|p1a: Blissey|tox|[from] ability: Natural Cure\n|switch|p1a: Gholdengo|Gholdengo|28/100\n|-damage|p1a: Gholdengo|22/100|[from] Stealth Rock\n|-damage|p1a: Gholdengo|10/100|[from] Spikes\n|\n|-heal|p1a: Gholdengo|97/100|[from] move: Wish|[wisher] Blissey\n|upkeep\n|turn|79\n|\n|t:|1771239632\n|switch|p2a: Gliscor|Gliscor, F|100/100 tox\n|-damage|p2a: Gliscor|88/100 tox|[from] Stealth Rock\n|move|p1a: Gholdengo|Shadow Ball|p2a: Gliscor\n|-damage|p2a: Gliscor|57/100 tox\n|\n|-heal|p2a: Gliscor|70/100 tox|[from] ability: Poison Heal\n|upkeep\n|turn|80\n|\n|t:|1771239645\n|switch|p1a: Shedinja|Shedinja|100/100\n|move|p2a: Gliscor|Earthquake|p1a: Shedinja\n|-immune|p1a: Shedinja|[from] ability: Wonder Guard\n|\n|-heal|p2a: Gliscor|82/100 tox|[from] ability: Poison Heal\n|upkeep\n|turn|81\n|\n|t:|1771239648\n|move|p1a: Shedinja|Shadow Sneak|p2a: Gliscor\n|-damage|p2a: Gliscor|68/100 tox\n|move|p2a: Gliscor|Stealth Rock||[still]\n|-fail|p2a: Gliscor\n|\n|-heal|p2a: Gliscor|81/100 tox|[from] ability: Poison Heal\n|upkeep\n|turn|82\n|\n|t:|1771239652\n|move|p1a: Shedinja|Shadow Sneak|p2a: Gliscor\n|-damage|p2a: Gliscor|66/100 tox\n|move|p2a: Gliscor|Toxic|p1a: Shedinja|[miss]\n|-miss|p2a: Gliscor|p1a: Shedinja\n|\n|-heal|p2a: Gliscor|79/100 tox|[from] ability: Poison Heal\n|upkeep\n|turn|83\n|\n|t:|1771239657\n|move|p1a: Shedinja|Protect|p1a: Shedinja\n|-singleturn|p1a: Shedinja|Protect\n|move|p2a: Gliscor|Toxic|p1a: Shedinja\n|-activate|p1a: Shedinja|move: Protect\n|\n|-heal|p2a: Gliscor|91/100 tox|[from] ability: Poison Heal\n|upkeep\n|turn|84\n|\n|t:|1771239664\n|switch|p1a: Gholdengo|Gholdengo|97/100\n|-damage|p1a: Gholdengo|91/100|[from] Stealth Rock\n|-damage|p1a: Gholdengo|79/100|[from] Spikes\n|move|p2a: Gliscor|Toxic|p1a: Gholdengo\n|-immune|p1a: Gholdengo|[from] ability: Good as Gold\n|\n|-heal|p2a: Gliscor|100/100 tox|[from] ability: Poison Heal\n|upkeep\n|turn|85\n|\n|t:|1771239673\n|switch|p1a: Toxapex|Toxapex, M|73/100\n|-damage|p1a: Toxapex|60/100|[from] Stealth Rock\n|-damage|p1a: Toxapex|48/100|[from] Spikes\n|move|p2a: Gliscor|Earthquake|p1a: Toxapex\n|-supereffective|p1a: Toxapex\n|-damage|p1a: Toxapex|8/100\n|\n|upkeep\n|turn|86\n|\n|t:|1771239679\n|switch|p1a: Shedinja|Shedinja|100/100\n|move|p2a: Gliscor|Toxic|p1a: Shedinja\n|-status|p1a: Shedinja|tox\n|\n|-damage|p1a: Shedinja|0 fnt|[from] psn\n|faint|p1a: Shedinja\n|upkeep\n|\n|t:|1771239682\n|switch|p1a: Toxapex|Toxapex, M|41/100\n|-damage|p1a: Toxapex|29/100|[from] Stealth Rock\n|-damage|p1a: Toxapex|16/100|[from] Spikes\n|turn|87\n|\n|t:|1771239687\n|switch|p1a: Blissey|Blissey, F|43/100\n|move|p2a: Gliscor|Earthquake|p1a: Blissey\n|-damage|p1a: Blissey|9/100\n|\n|upkeep\n|turn|88\n|\n|t:|1771239700\n|move|p1a: Blissey|Protect|p1a: Blissey\n|-singleturn|p1a: Blissey|Protect\n|move|p2a: Gliscor|Toxic|p1a: Blissey\n|-activate|p1a: Blissey|move: Protect\n|\n|upkeep\n|turn|89\n|\n|t:|1771239705\n|move|p2a: Gliscor|Toxic|p1a: Blissey\n|-status|p1a: Blissey|tox\n|move|p1a: Blissey|Wish|p1a: Blissey\n|\n|-damage|p1a: Blissey|3/100 tox|[from] psn\n|upkeep\n|turn|90\n|\n|t:|1771239709\n|switch|p2a: Toxapex|Toxapex, F|100/100\n|move|p1a: Blissey|Protect||[still]\n|-fail|p1a: Blissey\n|\n|-heal|p1a: Blissey|53/100 tox|[from] move: Wish|[wisher] Blissey\n|-damage|p1a: Blissey|41/100 tox|[from] psn\n|upkeep\n|turn|91\n|\n|t:|1771239714\n|move|p1a: Blissey|Wish|p1a: Blissey\n|move|p2a: Toxapex|Knock Off|p1a: Blissey\n|-damage|p1a: Blissey|24/100 tox\n|-enditem|p1a: Blissey|Heavy-Duty Boots|[from] move: Knock Off|[of] p2a: Toxapex\n|\n|-damage|p1a: Blissey|6/100 tox|[from] psn\n|upkeep\n|turn|92\n|\n|t:|1771239722\n|-curestatus|p1a: Blissey|tox|[from] ability: Natural Cure\n|switch|p1a: Toxapex|Toxapex, M|50/100\n|-damage|p1a: Toxapex|37/100|[from] Stealth Rock\n|-damage|p1a: Toxapex|25/100|[from] Spikes\n|move|p2a: Toxapex|Knock Off|p1a: Toxapex\n|-damage|p1a: Toxapex|18/100\n|\n|-heal|p1a: Toxapex|100/100|[from] move: Wish|[wisher] Blissey\n|upkeep\n|turn|93\n|j| Reyanek\n|\n|t:|1771239726\n|switch|p1a: Blissey|Blissey, F|6/100\n|-damage|p1a: Blissey|0 fnt|[from] Stealth Rock\n|faint|p1a: Blissey\n|move|p2a: Toxapex|Scald|p1: Blissey|[notarget]\n|-fail|p2a: Toxapex\n|\n|upkeep\n|\n|t:|1771239729\n|switch|p1a: Gholdengo|Gholdengo|79/100\n|-damage|p1a: Gholdengo|72/100|[from] Stealth Rock\n|-damage|p1a: Gholdengo|60/100|[from] Spikes\n|turn|94\n|\n|t:|1771239737\n|switch|p2a: Gliscor|Gliscor, F|100/100 tox\n|-damage|p2a: Gliscor|88/100 tox|[from] Stealth Rock\n|move|p1a: Gholdengo|Recover|p1a: Gholdengo\n|-heal|p1a: Gholdengo|100/100\n|\n|-heal|p2a: Gliscor|100/100 tox|[from] ability: Poison Heal\n|upkeep\n|turn|95\n|\n|t:|1771239745\n|move|p1a: Gholdengo|Nasty Plot|p1a: Gholdengo\n|-boost|p1a: Gholdengo|spa|2\n|move|p2a: Gliscor|Earthquake|p1a: Gholdengo\n|-supereffective|p1a: Gholdengo\n|-damage|p1a: Gholdengo|47/100\n|\n|upkeep\n|turn|96\n|\n|t:|1771239752\n|move|p1a: Gholdengo|Recover|p1a: Gholdengo\n|-heal|p1a: Gholdengo|97/100\n|move|p2a: Gliscor|Earthquake|p1a: Gholdengo\n|-supereffective|p1a: Gholdengo\n|-damage|p1a: Gholdengo|48/100\n|\n|upkeep\n|turn|97\n|\n|t:|1771239757\n|switch|p2a: Toxapex|Toxapex, F|100/100\n|move|p1a: Gholdengo|Recover|p1a: Gholdengo\n|-heal|p1a: Gholdengo|98/100\n|\n|upkeep\n|turn|98\n|\n|t:|1771239760\n|move|p1a: Gholdengo|Nasty Plot|p1a: Gholdengo\n|-boost|p1a: Gholdengo|spa|2\n|move|p2a: Toxapex|Scald|p1a: Gholdengo\n|-damage|p1a: Gholdengo|81/100\n|-status|p1a: Gholdengo|brn\n|\n|-damage|p1a: Gholdengo|75/100 brn|[from] brn\n|upkeep\n|turn|99\n|\n|t:|1771239765\n|move|p1a: Gholdengo|Nasty Plot|p1a: Gholdengo\n|-boost|p1a: Gholdengo|spa|2\n|move|p2a: Toxapex|Knock Off|p1a: Gholdengo\n|-supereffective|p1a: Gholdengo\n|-damage|p1a: Gholdengo|59/100 brn\n|\n|-damage|p1a: Gholdengo|53/100 brn|[from] brn\n|upkeep\n|turn|100\n|\n|t:|1771239767\n|move|p1a: Gholdengo|Recover|p1a: Gholdengo\n|-heal|p1a: Gholdengo|100/100 brn\n|move|p2a: Toxapex|Recover||[still]\n|-fail|p2a: Toxapex|heal\n|\n|-damage|p1a: Gholdengo|94/100 brn|[from] brn\n|upkeep\n|turn|101\n|\n|t:|1771239769\n|move|p1a: Gholdengo|Shadow Ball|p2a: Toxapex\n|-damage|p2a: Toxapex|0 fnt\n|faint|p2a: Toxapex\n|\n|-damage|p1a: Gholdengo|88/100 brn|[from] brn\n|upkeep\n|\n|t:|1771239772\n|switch|p2a: Gliscor|Gliscor, F|100/100 tox\n|-damage|p2a: Gliscor|88/100 tox|[from] Stealth Rock\n|turn|102\n|\n|t:|1771239773\n|move|p2a: Gliscor|Protect|p2a: Gliscor\n|-singleturn|p2a: Gliscor|Protect\n|move|p1a: Gholdengo|Shadow Ball|p2a: Gliscor\n|-activate|p2a: Gliscor|move: Protect\n|\n|-heal|p2a: Gliscor|100/100 tox|[from] ability: Poison Heal\n|-damage|p1a: Gholdengo|82/100 brn|[from] brn\n|upkeep\n|turn|103\n|\n|t:|1771239778\n|move|p1a: Gholdengo|Shadow Ball|p2a: Gliscor\n|-damage|p2a: Gliscor|0 fnt\n|faint|p2a: Gliscor\n|\n|win|redfoxTAP\n|raw|redfoxTAP's rating: 1571 &rarr; <strong>1591</strong><br />(+20 for winning)\n|raw|joaojr's rating: 1573 &rarr; <strong>1553</strong><br />(-20 for losing)\n|c|☆joaojr|Gh\n|c|☆redfoxTAP|gg\n|c|☆joaojr|Gg\n|l|☆joaojr\n|player|p2|\n|l|☆redfoxTAP\n|player|p1|\n|l| Reyanek\n", "uploadtime": 1771240171, "views": 7, "formatid": "gen9nationaldex", "rating": 1553, "private": 0, "password": null}