{"id": "gen9nationaldex-2540884176", "format": "[Gen 9] National Dex", "players": ["Pursuit Of Perfect", "calamityiscoming2"], "log": "|j|☆Pursuit Of Perfect\n|j|☆calamityiscoming2\n|t:|1771263763\n|gametype|singles\n|player|p1|Pursuit Of Perfect|lucy|1622\n|player|p2|calamityiscoming2|bellelba|1852\n|gen|9\n|tier|[Gen 9] National Dex\n|rated|\n|rule|HP Percentage Mod: HP is shown in percentages\n|rule|Endless Battle Clause: Forcing endless battles is banned\n|rule|Species Clause: Limit one of each Pokémon\n|rule|OHKO Clause: OHKO moves are banned\n|rule|Evasion Clause: Evasion abilities, items, and moves are banned\n|rule|Evasion Abilities Clause: Evasion abilities are banned\n|rule|Evasion Items Clause: Evasion items are banned\n|rule|Evasion Moves Clause: Evasion moves are banned\n|rule|Sleep Clause Mod: Limit one foe put to sleep\n|rule|Terastal Clause: You cannot Terastallize\n|clearpoke\n|poke|p1|Ferrothorn, F|\n|poke|p1|Hippowdon, M|\n|poke|p1|Sharpedo, F|\n|poke|p1|Salamence, M|\n|poke|p1|Bronzong|\n|poke|p1|Iron Valiant|\n|poke|p2|Ogerpon-Cornerstone, F|\n|poke|p2|Lopunny, F|\n|poke|p2|Gholdengo|\n|poke|p2|Garchomp, F|\n|poke|p2|Alomomola, F|\n|poke|p2|Zapdos|\n|teampreview\n|\n|t:|1771263775\n|teamsize|p1|6\n|teamsize|p2|6\n|start\n|switch|p1a: Iron Valiant|Iron Valiant|100/100\n|switch|p2a: Gholdengo|Gholdengo|100/100\n|turn|1\n|\n|t:|1771263781\n|-end|p1a: Iron Valiant|Quark Drive|[silent]\n|switch|p1a: Ferrothorn|Ferrothorn, F|100/100\n|switch|p2a: Alomomola|Alomomola, F|100/100\n|\n|upkeep\n|turn|2\n|\n|t:|1771263784\n|move|p2a: Alomomola|Flip Turn|p1a: Ferrothorn\n|-resisted|p1a: Ferrothorn\n|-damage|p1a: Ferrothorn|95/100\n|-damage|p2a: Alomomola|88/100|[from] ability: Iron Barbs|[of] p1a: Ferrothorn\n|\n|t:|1771263787\n|switch|p2a: Gholdengo|Gholdengo|100/100|[from] Flip Turn\n|move|p1a: Ferrothorn|Spikes|p2a: Gholdengo\n|-sidestart|p2: calamityiscoming2|Spikes\n|\n|-heal|p1a: Ferrothorn|100/100|[from] item: Leftovers\n|upkeep\n|turn|3\n|\n|t:|1771263798\n|switch|p1a: Sharpedo|Sharpedo, F|100/100\n|move|p2a: Gholdengo|Nasty Plot|p2a: Gholdengo\n|-boost|p2a: Gholdengo|spa|2\n|\n|upkeep\n|turn|4\n|\n|t:|1771263813\n|switch|p1a: Ferrothorn|Ferrothorn, F|100/100\n|switch|p2a: Zapdos|Zapdos|100/100\n|\n|upkeep\n|turn|5\n|\n|t:|1771263820\n|move|p2a: Zapdos|Volt Switch|p1a: Ferrothorn\n|-resisted|p1a: Ferrothorn\n|-damage|p1a: Ferrothorn|90/100\n|\n|t:|1771263822\n|switch|p2a: Gholdengo|Gholdengo|100/100|[from] Volt Switch\n|-damage|p2a: Gholdengo|88/100|[from] Spikes\n|move|p1a: Ferrothorn|Knock Off|p2a: Gholdengo\n|-supereffective|p2a: Gholdengo\n|-crit|p2a: Gholdengo\n|-damage|p2a: Gholdengo|58/100\n|\n|-heal|p1a: Ferrothorn|96/100|[from] item: Leftovers\n|upkeep\n|turn|6\n|\n|t:|1771263827\n|switch|p1a: Hippowdon|Hippowdon, M|100/100\n|-weather|Sandstorm|[from] ability: Sand Stream|[of] p1a: Hippowdon\n|move|p2a: Gholdengo|Focus Blast|p1a: Hippowdon\n|-damage|p1a: Hippowdon|76/100\n|\n|-weather|Sandstorm|[upkeep]\n|-heal|p1a: Hippowdon|82/100|[from] item: Leftovers\n|upkeep\n|turn|7\n|\n|t:|1771263835\n|move|p2a: Gholdengo|Recover|p2a: Gholdengo\n|-heal|p2a: Gholdengo|100/100\n|move|p1a: Hippowdon|Toxic|p2a: Gholdengo\n|-immune|p2a: Gholdengo|[from] ability: Good as Gold\n|\n|-weather|Sandstorm|[upkeep]\n|-heal|p1a: Hippowdon|88/100|[from] item: Leftovers\n|upkeep\n|turn|8\n|\n|t:|1771263838\n|move|p2a: Gholdengo|Nasty Plot|p2a: Gholdengo\n|-boost|p2a: Gholdengo|spa|2\n|move|p1a: Hippowdon|Earthquake|p2a: Gholdengo\n|-supereffective|p2a: Gholdengo\n|-damage|p2a: Gholdengo|43/100\n|\n|-weather|Sandstorm|[upkeep]\n|-heal|p1a: Hippowdon|94/100|[from] item: Leftovers\n|upkeep\n|turn|9\n|\n|t:|1771263848\n|switch|p1a: Salamence|Salamence, M|100/100\n|-ability|p1a: Salamence|Intimidate|boost\n|-unboost|p2a: Gholdengo|atk|1\n|-zpower|p2a: Gholdengo\n|move|p2a: Gholdengo|Never-Ending Nightmare|p1a: Salamence|[zeffect]\n|-damage|p1a: Salamence|0 fnt\n|faint|p1a: Salamence\n|\n|-weather|Sandstorm|[upkeep]\n|upkeep\n|\n|t:|1771263851\n|switch|p1a: Sharpedo|Sharpedo, F|100/100\n|turn|10\n|\n|t:|1771263861\n|move|p1a: Sharpedo|Crunch|p2a: Gholdengo\n|-supereffective|p2a: Gholdengo\n|-damage|p2a: Gholdengo|0 fnt\n|faint|p2a: Gholdengo\n|\n|-weather|none\n|-ability|p1a: Sharpedo|Speed Boost|boost\n|-boost|p1a: Sharpedo|spe|1\n|upkeep\n|\n|t:|1771263866\n|switch|p2a: Zapdos|Zapdos|100/100\n|turn|11\n|\n|t:|1771263869\n|switch|p1a: Hippowdon|Hippowdon, M|94/100\n|-weather|Sandstorm|[from] ability: Sand Stream|[of] p1a: Hippowdon\n|move|p2a: Zapdos|Volt Switch|p1a: Hippowdon\n|-immune|p1a: Hippowdon\n|\n|-weather|Sandstorm|[upkeep]\n|-damage|p2a: Zapdos|94/100|[from] Sandstorm\n|-heal|p1a: Hippowdon|100/100|[from] item: Leftovers\n|upkeep\n|turn|12\n|\n|t:|1771263875\n|switch|p2a: Alomomola|Alomomola, F|100/100\n|-damage|p2a: Alomomola|88/100|[from] Spikes\n|move|p1a: Hippowdon|Stealth Rock|p2a: Alomomola\n|-sidestart|p2: calamityiscoming2|move: Stealth Rock\n|\n|-weather|Sandstorm|[upkeep]\n|-damage|p2a: Alomomola|82/100|[from] Sandstorm\n|upkeep\n|turn|13\n|\n|t:|1771263880\n|switch|p1a: Ferrothorn|Ferrothorn, F|96/100\n|move|p2a: Alomomola|Knock Off|p1a: Ferrothorn\n|-damage|p1a: Ferrothorn|84/100\n|-damage|p2a: Alomomola|69/100|[from] ability: Iron Barbs|[of] p1a: Ferrothorn\n|-enditem|p1a: Ferrothorn|Leftovers|[from] move: Knock Off|[of] p2a: Alomomola\n|\n|-weather|Sandstorm|[upkeep]\n|-damage|p2a: Alomomola|63/100|[from] Sandstorm\n|upkeep\n|turn|14\n|\n|t:|1771263884\n|move|p2a: Alomomola|Flip Turn|p1a: Ferrothorn\n|-resisted|p1a: Ferrothorn\n|-damage|p1a: Ferrothorn|78/100\n|-damage|p2a: Alomomola|51/100|[from] ability: Iron Barbs|[of] p1a: Ferrothorn\n|\n|t:|1771263885\n|switch|p2a: Zapdos|Zapdos|94/100|[from] Flip Turn\n|move|p1a: Ferrothorn|Knock Off|p2a: Zapdos\n|-damage|p2a: Zapdos|78/100\n|-enditem|p2a: Zapdos|Heavy-Duty Boots|[from] move: Knock Off|[of] p1a: Ferrothorn\n|\n|-weather|Sandstorm|[upkeep]\n|-damage|p2a: Zapdos|72/100|[from] Sandstorm\n|upkeep\n|turn|15\n|\n|t:|1771263893\n|switch|p1a: Hippowdon|Hippowdon, M|100/100\n|move|p2a: Zapdos|Defog|p1a: Hippowdon\n|-unboost|p1a: Hippowdon|evasion|1\n|-sideend|p2: calamityiscoming2|Spikes|[from] move: Defog|[of] p2a: Zapdos\n|-sideend|p2: calamityiscoming2|Stealth Rock|[from] move: Defog|[of] p2a: Zapdos\n|\n|-weather|none\n|upkeep\n|turn|16\n|\n|t:|1771263898\n|switch|p2a: Ogerpon|Ogerpon-Cornerstone, F|100/100\n|move|p1a: Hippowdon|Stealth Rock|p2a: Ogerpon\n|-sidestart|p2: calamityiscoming2|move: Stealth Rock\n|\n|upkeep\n|turn|17\n|\n|t:|1771263907\n|move|p2a: Ogerpon|Swords Dance|p2a: Ogerpon\n|-boost|p2a: Ogerpon|atk|2\n|move|p1a: Hippowdon|Toxic|p2a: Ogerpon\n|-status|p2a: Ogerpon|tox\n|\n|-damage|p2a: Ogerpon|95/100 tox|[from] psn\n|upkeep\n|turn|18\n|\n|t:|1771263909\n|switch|p1a: Ferrothorn|Ferrothorn, F|78/100\n|move|p2a: Ogerpon|Power Whip|p1a: Ferrothorn\n|-resisted|p1a: Ferrothorn\n|-damage|p1a: Ferrothorn|53/100\n|-damage|p2a: Ogerpon|82/100 tox|[from] ability: Iron Barbs|[of] p1a: Ferrothorn\n|\n|-damage|p2a: Ogerpon|70/100 tox|[from] psn\n|upkeep\n|turn|19\n|\n|t:|1771263916\n|switch|p1a: Bronzong|Bronzong|100/100\n|move|p2a: Ogerpon|Knock Off|p1a: Bronzong\n|-supereffective|p1a: Bronzong\n|-damage|p1a: Bronzong|0 fnt\n|-enditem|p1a: Bronzong|Leftovers|[from] move: Knock Off|[of] p2a: Ogerpon\n|faint|p1a: Bronzong\n|\n|-damage|p2a: Ogerpon|52/100 tox|[from] psn\n|upkeep\n|\n|t:|1771263921\n|switch|p1a: Iron Valiant|Iron Valiant|100/100\n|turn|20\n|\n|t:|1771263925\n|move|p1a: Iron Valiant|Moonblast|p2a: Ogerpon\n|-damage|p2a: Ogerpon|0 fnt\n|faint|p2a: Ogerpon\n|\n|upkeep\n|\n|t:|1771263931\n|switch|p2a: Alomomola|Alomomola, F|84/100\n|-damage|p2a: Alomomola|72/100|[from] Stealth Rock\n|turn|21\n|\n|t:|1771263933\n|move|p1a: Iron Valiant|Moonblast|p2a: Alomomola\n|-damage|p2a: Alomomola|31/100\n|move|p2a: Alomomola|Flip Turn|p1a: Iron Valiant\n|-damage|p1a: Iron Valiant|79/100\n|\n|t:|1771263936\n|switch|p2a: Lopunny|Lopunny, F|100/100|[from] Flip Turn\n|-damage|p2a: Lopunny|88/100|[from] Stealth Rock\n|\n|upkeep\n|turn|22\n|\n|t:|1771263941\n|-end|p1a: Iron Valiant|Quark Drive|[silent]\n|switch|p1a: Hippowdon|Hippowdon, M|100/100\n|-weather|Sandstorm|[from] ability: Sand Stream|[of] p1a: Hippowdon\n|detailschange|p2a: Lopunny|Lopunny-Mega, F\n|-mega|p2a: Lopunny|Lopunny|Lopunnite\n|move|p2a: Lopunny|Fake Out|p1a: Hippowdon\n|-damage|p1a: Hippowdon|84/100\n|\n|-weather|Sandstorm|[upkeep]\n|-damage|p2a: Lopunny|82/100|[from] Sandstorm\n|-heal|p1a: Hippowdon|90/100|[from] item: Leftovers\n|upkeep\n|turn|23\n|\n|t:|1771263949\n|switch|p2a: Alomomola|Alomomola, F|64/100\n|-damage|p2a: Alomomola|52/100|[from] Stealth Rock\n|move|p1a: Hippowdon|Earthquake|p2a: Alomomola\n|-damage|p2a: Alomomola|25/100\n|\n|-weather|Sandstorm|[upkeep]\n|-damage|p2a: Alomomola|19/100|[from] Sandstorm\n|-heal|p1a: Hippowdon|96/100|[from] item: Leftovers\n|upkeep\n|turn|24\n|\n|t:|1771263957\n|move|p1a: Hippowdon|Earthquake|p2a: Alomomola\n|-damage|p2a: Alomomola|0 fnt\n|faint|p2a: Alomomola\n|\n|-weather|Sandstorm|[upkeep]\n|-heal|p1a: Hippowdon|100/100|[from] item: Leftovers\n|upkeep\n|\n|t:|1771263960\n|switch|p2a: Garchomp|Garchomp, F|100/100\n|-damage|p2a: Garchomp|94/100|[from] Stealth Rock\n|turn|25\n|\n|t:|1771263963\n|switch|p1a: Sharpedo|Sharpedo, F|100/100\n|move|p2a: Garchomp|Stealth Rock|p1a: Sharpedo\n|-sidestart|p1: Pursuit Of Perfect|move: Stealth Rock\n|\n|-weather|Sandstorm|[upkeep]\n|-damage|p1a: Sharpedo|94/100|[from] Sandstorm\n|-heal|p2a: Garchomp|100/100|[from] item: Leftovers\n|upkeep\n|turn|26\n|\n|t:|1771263968\n|move|p1a: Sharpedo|Protect|p1a: Sharpedo\n|-singleturn|p1a: Sharpedo|Protect\n|move|p2a: Garchomp|Earthquake|p1a: Sharpedo\n|-activate|p1a: Sharpedo|move: Protect\n|\n|-weather|none\n|-ability|p1a: Sharpedo|Speed Boost|boost\n|-boost|p1a: Sharpedo|spe|1\n|upkeep\n|turn|27\n|\n|t:|1771263970\n|detailschange|p1a: Sharpedo|Sharpedo-Mega, F\n|-mega|p1a: Sharpedo|Sharpedo|Sharpedonite\n|move|p1a: Sharpedo|Ice Fang|p2a: Garchomp\n|-supereffective|p2a: Garchomp\n|-damage|p2a: Garchomp|0 fnt\n|-damage|p1a: Sharpedo|82/100|[from] ability: Rough Skin|[of] p2a: Garchomp\n|faint|p2a: Garchomp\n|\n|upkeep\n|-message|calamityiscoming2 forfeited.\n|\n|win|Pursuit Of Perfect\n|raw|Pursuit Of Perfect's rating: 1622 &rarr; <strong>1654</strong><br />(+32 for winning)\n|raw|calamityiscoming2's rating: 1852 &rarr; <strong>1820</strong><br />(-32 for losing)\n|l|☆calamityiscoming2\n|player|p2|\n|l|☆Pursuit Of Perfect\n|player|p1|\n", "uploadtime": 1771263989, "views": 11, "formatid": "gen9nationaldex", "rating": 1654, "private": 0, "password": null}