{"id": "gen9nationaldex-2540940514", "format": "[Gen 9] National Dex", "players": ["he898", "mongibongi"], "log": "|j|☆he898\n|j|☆mongibongi\n|t:|1771269199\n|gametype|singles\n|player|p1|he898|ghetsis-gen5bw|1626\n|player|p2|mongibongi|skierf|1759\n|gen|9\n|tier|[Gen 9] National Dex\n|rated|\n|rule|HP Percentage Mod: HP is shown in percentages\n|rule|Endless Battle Clause: Forcing endless battles is banned\n|rule|Species Clause: Limit one of each Pokémon\n|rule|OHKO Clause: OHKO moves are banned\n|rule|Evasion Clause: Evasion abilities, items, and moves are banned\n|rule|Evasion Abilities Clause: Evasion abilities are banned\n|rule|Evasion Items Clause: Evasion items are banned\n|rule|Evasion Moves Clause: Evasion moves are banned\n|rule|Sleep Clause Mod: Limit one foe put to sleep\n|rule|Terastal Clause: You cannot Terastallize\n|clearpoke\n|poke|p1|Gyarados, M|\n|poke|p1|Dragonite, M|\n|poke|p1|Iron Treads|\n|poke|p1|Okidogi, M|\n|poke|p1|Ceruledge, M|\n|poke|p1|Serperior, M|\n|poke|p2|Iron Valiant|\n|poke|p2|Kingambit, F|\n|poke|p2|Gliscor, M|\n|poke|p2|Tangrowth, M|\n|poke|p2|Iron Treads|\n|poke|p2|Latios, M|\n|teampreview\n|\n|t:|1771269215\n|teamsize|p1|6\n|teamsize|p2|6\n|start\n|switch|p1a: Serperior|Serperior, M|100/100\n|switch|p2a: 2mg Estradiol|Iron Valiant|100/100\n|turn|1\n|\n|t:|1771269244\n|-end|p2a: 2mg Estradiol|Quark Drive|[silent]\n|switch|p2a: 50mgSpironolactone|Kingambit, F, shiny|100/100\n|move|p1a: Serperior|Glare|p2a: 50mgSpironolactone\n|-status|p2a: 50mgSpironolactone|par\n|\n|upkeep\n|turn|2\n|\n|t:|1771269258\n|switch|p1a: Okidogi|Okidogi, M|100/100\n|move|p2a: 50mgSpironolactone|Knock Off|p1a: Okidogi\n|-resisted|p1a: Okidogi\n|-damage|p1a: Okidogi|79/100\n|-enditem|p1a: Okidogi|Black Sludge|[from] move: Knock Off|[of] p2a: 50mgSpironolactone\n|\n|upkeep\n|turn|3\n|\n|t:|1771269275\n|switch|p2a: POUND TOWN 2|Iron Treads|100/100\n|move|p1a: Okidogi|Drain Punch|p2a: POUND TOWN 2\n|-supereffective|p2a: POUND TOWN 2\n|-damage|p2a: POUND TOWN 2|29/100\n|-heal|p1a: Okidogi|100/100|[from] drain|[of] p2a: POUND TOWN 2\n|\n|upkeep\n|turn|4\n|\n|t:|1771269285\n|move|p2a: POUND TOWN 2|Stealth Rock|p1a: Okidogi\n|-sidestart|p1: he898|move: Stealth Rock\n|move|p1a: Okidogi|Drain Punch|p2a: POUND TOWN 2\n|-supereffective|p2a: POUND TOWN 2\n|-damage|p2a: POUND TOWN 2|0 fnt\n|faint|p2a: POUND TOWN 2\n|-end|p2a: POUND TOWN 2|Quark Drive|[silent]\n|\n|upkeep\n|\n|t:|1771269288\n|switch|p2a: HELLCATS SRTs|Latios, M, shiny|100/100\n|turn|5\n|\n|t:|1771269301\n|detailschange|p2a: HELLCATS SRTs|Latios-Mega, M, shiny\n|-mega|p2a: HELLCATS SRTs|Latios|Latiosite\n|move|p2a: HELLCATS SRTs|Mystical Fire|p1a: Okidogi\n|-damage|p1a: Okidogi|74/100\n|-unboost|p1a: Okidogi|spa|1\n|move|p1a: Okidogi|Gunk Shot|p2a: HELLCATS SRTs\n|-damage|p2a: HELLCATS SRTs|32/100\n|\n|upkeep\n|turn|6\n|\n|t:|1771269309\n|move|p2a: HELLCATS SRTs|Luster Purge|p1a: Okidogi\n|-supereffective|p1a: Okidogi\n|-damage|p1a: Okidogi|0 fnt\n|faint|p1a: Okidogi\n|\n|upkeep\n|\n|t:|1771269319\n|switch|p1a: Iron Treads|Iron Treads|100/100\n|-damage|p1a: Iron Treads|97/100|[from] Stealth Rock\n|turn|7\n|\n|t:|1771269322\n|move|p2a: HELLCATS SRTs|Mystical Fire|p1a: Iron Treads\n|-supereffective|p1a: Iron Treads\n|-damage|p1a: Iron Treads|8/100\n|-unboost|p1a: Iron Treads|spa|1\n|move|p1a: Iron Treads|Rapid Spin|p2a: HELLCATS SRTs\n|-damage|p2a: HELLCATS SRTs|15/100\n|-boost|p1a: Iron Treads|spe|1\n|-sideend|p1: he898|Stealth Rock|[from] move: Rapid Spin|[of] p1a: Iron Treads\n|\n|upkeep\n|turn|8\n|\n|t:|1771269330\n|switch|p2a: SHAKE YO DREADS|Tangrowth, M|100/100\n|move|p1a: Iron Treads|Stealth Rock|p2a: SHAKE YO DREADS\n|-sidestart|p2: mongibongi|move: Stealth Rock\n|\n|upkeep\n|turn|9\n|\n|t:|1771269335\n|move|p1a: Iron Treads|Iron Head|p2a: SHAKE YO DREADS\n|-damage|p2a: SHAKE YO DREADS|79/100\n|-damage|p1a: Iron Treads|0 fnt|[from] item: Rocky Helmet|[of] p2a: SHAKE YO DREADS\n|faint|p1a: Iron Treads\n|-end|p1a: Iron Treads|Quark Drive|[silent]\n|cant|p2a: SHAKE YO DREADS|flinch\n|\n|upkeep\n|\n|t:|1771269353\n|switch|p1a: Serperior|Serperior, M|100/100\n|turn|10\n|\n|t:|1771269358\n|switch|p2a: 50mgSpironolactone|Kingambit, F, shiny|100/100 par\n|-damage|p2a: 50mgSpironolactone|94/100 par|[from] Stealth Rock\n|move|p1a: Serperior|Substitute|p1a: Serperior\n|-start|p1a: Serperior|Substitute\n|-damage|p1a: Serperior|75/100\n|\n|-heal|p1a: Serperior|82/100|[from] item: Leftovers\n|upkeep\n|turn|11\n|\n|t:|1771269363\n|move|p1a: Serperior|Leaf Storm|p2a: 50mgSpironolactone\n|-resisted|p2a: 50mgSpironolactone\n|-damage|p2a: 50mgSpironolactone|79/100 par\n|-boost|p1a: Serperior|spa|2\n|move|p2a: 50mgSpironolactone|Knock Off|p1a: Serperior\n|-end|p1a: Serperior|Substitute\n|\n|-heal|p1a: Serperior|88/100|[from] item: Leftovers\n|upkeep\n|turn|12\n|\n|t:|1771269369\n|move|p1a: Serperior|Leaf Storm|p2a: 50mgSpironolactone\n|-resisted|p2a: 50mgSpironolactone\n|-damage|p2a: 50mgSpironolactone|49/100 par\n|-boost|p1a: Serperior|spa|2\n|move|p2a: 50mgSpironolactone|Pursuit|p1a: Serperior\n|-damage|p1a: Serperior|62/100\n|\n|-heal|p1a: Serperior|68/100|[from] item: Leftovers\n|upkeep\n|turn|13\n|\n|t:|1771269376\n|move|p1a: Serperior|Hidden Power|p2a: 50mgSpironolactone\n|-supereffective|p2a: 50mgSpironolactone\n|-damage|p2a: 50mgSpironolactone|0 fnt\n|faint|p2a: 50mgSpironolactone\n|\n|-heal|p1a: Serperior|75/100|[from] item: Leftovers\n|upkeep\n|\n|t:|1771269379\n|switch|p2a: 2mg Estradiol|Iron Valiant|100/100\n|-damage|p2a: 2mg Estradiol|94/100|[from] Stealth Rock\n|turn|14\n|\n|t:|1771269385\n|move|p2a: 2mg Estradiol|Moonblast|p1a: Serperior\n|-crit|p1a: Serperior\n|-damage|p1a: Serperior|0 fnt\n|faint|p1a: Serperior\n|\n|upkeep\n|\n|t:|1771269391\n|switch|p1a: Ceruledge|Ceruledge, M|100/100\n|turn|15\n|\n|t:|1771269396\n|move|p2a: 2mg Estradiol|Moonblast|p1a: Ceruledge\n|-resisted|p1a: Ceruledge\n|-damage|p1a: Ceruledge|60/100\n|-unboost|p1a: Ceruledge|spa|1\n|move|p1a: Ceruledge|Poltergeist|p2a: 2mg Estradiol\n|-activate|p2a: 2mg Estradiol|move: Poltergeist|Choice Specs\n|-damage|p2a: 2mg Estradiol|29/100\n|\n|upkeep\n|turn|16\n|\n|t:|1771269403\n|-end|p2a: 2mg Estradiol|Quark Drive|[silent]\n|switch|p2a: HELLCATS SRTs|Latios-Mega, M, shiny|15/100\n|-damage|p2a: HELLCATS SRTs|2/100|[from] Stealth Rock\n|move|p1a: Ceruledge|Shadow Sneak|p2a: HELLCATS SRTs\n|-supereffective|p2a: HELLCATS SRTs\n|-damage|p2a: HELLCATS SRTs|0 fnt\n|faint|p2a: HELLCATS SRTs\n|detailschange|p2: HELLCATS SRTs|Latios, M, shiny|[silent]\n|\n|upkeep\n|\n|t:|1771269405\n|switch|p2a: IN SEXYY WE TRUST|Gliscor, M|100/100\n|-damage|p2a: IN SEXYY WE TRUST|88/100|[from] Stealth Rock\n|turn|17\n|\n|t:|1771269410\n|switch|p1a: Gyarados|Gyarados, M|100/100\n|-ability|p1a: Gyarados|Intimidate|boost\n|-unboost|p2a: IN SEXYY WE TRUST|atk|1\n|move|p2a: IN SEXYY WE TRUST|Earthquake|p1a: Gyarados\n|-immune|p1a: Gyarados\n|\n|-status|p2a: IN SEXYY WE TRUST|tox|[from] item: Toxic Orb\n|upkeep\n|turn|18\n|\n|t:|1771269416\n|switch|p2a: SHAKE YO DREADS|Tangrowth, M|100/100\n|-damage|p2a: SHAKE YO DREADS|88/100|[from] Stealth Rock\n|move|p1a: Gyarados|Dragon Dance|p1a: Gyarados\n|-boost|p1a: Gyarados|atk|1\n|-boost|p1a: Gyarados|spe|1\n|\n|upkeep\n|turn|19\n|\n|t:|1771269425\n|switch|p1a: Ceruledge|Ceruledge, M|60/100\n|move|p2a: SHAKE YO DREADS|Giga Drain|p1a: Ceruledge\n|-resisted|p1a: Ceruledge\n|-damage|p1a: Ceruledge|44/100\n|-heal|p2a: SHAKE YO DREADS|94/100|[from] drain|[of] p1a: Ceruledge\n|\n|upkeep\n|turn|20\n|\n|t:|1771269433\n|move|p1a: Ceruledge|Bitter Blade|p2a: SHAKE YO DREADS\n|-supereffective|p2a: SHAKE YO DREADS\n|-damage|p2a: SHAKE YO DREADS|46/100\n|-heal|p1a: Ceruledge|77/100|[from] drain|[of] p2a: SHAKE YO DREADS\n|-damage|p1a: Ceruledge|61/100|[from] item: Rocky Helmet|[of] p2a: SHAKE YO DREADS\n|move|p2a: SHAKE YO DREADS|Sleep Powder|p1a: Ceruledge\n|-status|p1a: Ceruledge|slp|[from] move: Sleep Powder\n|\n|upkeep\n|turn|21\n|\n|t:|1771269457\n|cant|p1a: Ceruledge|slp\n|move|p2a: SHAKE YO DREADS|Knock Off|p1a: Ceruledge\n|-supereffective|p1a: Ceruledge\n|-damage|p1a: Ceruledge|0 fnt\n|-enditem|p1a: Ceruledge|Focus Sash|[from] move: Knock Off|[of] p2a: SHAKE YO DREADS\n|faint|p1a: Ceruledge\n|\n|upkeep\n|\n|t:|1771269462\n|switch|p1a: Dragonite|Dragonite, M|100/100\n|turn|22\n|\n|t:|1771269470\n|switch|p2a: 2mg Estradiol|Iron Valiant|29/100\n|-damage|p2a: 2mg Estradiol|22/100|[from] Stealth Rock\n|move|p1a: Dragonite|Dragon Dance|p1a: Dragonite\n|-boost|p1a: Dragonite|atk|1\n|-boost|p1a: Dragonite|spe|1\n|\n|upkeep\n|turn|23\n|\n|t:|1771269475\n|move|p1a: Dragonite|Earthquake|p2a: 2mg Estradiol\n|-damage|p2a: 2mg Estradiol|0 fnt\n|faint|p2a: 2mg Estradiol\n|-end|p2a: 2mg Estradiol|Quark Drive|[silent]\n|\n|upkeep\n|\n|t:|1771269476\n|switch|p2a: IN SEXYY WE TRUST|Gliscor, M|88/100 tox\n|-damage|p2a: IN SEXYY WE TRUST|75/100 tox|[from] Stealth Rock\n|turn|24\n|\n|t:|1771269484\n|move|p1a: Dragonite|Dragon Claw|p2a: IN SEXYY WE TRUST\n|-damage|p2a: IN SEXYY WE TRUST|22/100 tox\n|move|p2a: IN SEXYY WE TRUST|Toxic|p1a: Dragonite\n|-status|p1a: Dragonite|tox\n|\n|-damage|p1a: Dragonite|94/100 tox|[from] psn\n|-heal|p2a: IN SEXYY WE TRUST|34/100 tox|[from] ability: Poison Heal\n|upkeep\n|turn|25\n|\n|t:|1771269489\n|move|p2a: IN SEXYY WE TRUST|Protect|p2a: IN SEXYY WE TRUST\n|-singleturn|p2a: IN SEXYY WE TRUST|Protect\n|move|p1a: Dragonite|Dragon Claw|p2a: IN SEXYY WE TRUST\n|-activate|p2a: IN SEXYY WE TRUST|move: Protect\n|\n|-damage|p1a: Dragonite|82/100 tox|[from] psn\n|-heal|p2a: IN SEXYY WE TRUST|47/100 tox|[from] ability: Poison Heal\n|upkeep\n|turn|26\n|\n|t:|1771269495\n|move|p2a: IN SEXYY WE TRUST|Protect||[still]\n|-fail|p2a: IN SEXYY WE TRUST\n|move|p1a: Dragonite|Dragon Claw|p2a: IN SEXYY WE TRUST\n|-damage|p2a: IN SEXYY WE TRUST|0 fnt\n|faint|p2a: IN SEXYY WE TRUST\n|\n|-damage|p1a: Dragonite|63/100 tox|[from] psn\n|upkeep\n|\n|t:|1771269498\n|switch|p2a: SHAKE YO DREADS|Tangrowth, M|79/100\n|-damage|p2a: SHAKE YO DREADS|67/100|[from] Stealth Rock\n|turn|27\n|\n|t:|1771269501\n|-zpower|p1a: Dragonite\n|move|p1a: Dragonite|Supersonic Skystrike|p2a: SHAKE YO DREADS|[zeffect]\n|-supereffective|p2a: SHAKE YO DREADS\n|-damage|p2a: SHAKE YO DREADS|0 fnt\n|faint|p2a: SHAKE YO DREADS\n|\n|win|he898\n|raw|he898's rating: 1626 &rarr; <strong>1653</strong><br />(+27 for winning)\n|raw|mongibongi's rating: 1759 &rarr; <strong>1732</strong><br />(-27 for losing)\n|l|☆mongibongi\n|player|p2|\n|l|☆he898\n|player|p1|\n", "uploadtime": 1771269746, "views": 1, "formatid": "gen9nationaldex", "rating": 1653, "private": 0, "password": null}