{"id": "gen9nationaldex-2540562792", "format": "[Gen 9] National Dex", "players": ["Xiaostop", "Might drago"], "log": "|j|☆Xiaostop\n|j|☆Might drago\n|t:|1771218509\n|gametype|singles\n|player|p1|Xiaostop|hilbert-wonderlauncher|1473\n|player|p2|Might drago|swimmerf-gen6|1625\n|gen|9\n|tier|[Gen 9] National Dex\n|rated|\n|rule|HP Percentage Mod: HP is shown in percentages\n|rule|Endless Battle Clause: Forcing endless battles is banned\n|rule|Species Clause: Limit one of each Pokémon\n|rule|OHKO Clause: OHKO moves are banned\n|rule|Evasion Clause: Evasion abilities, items, and moves are banned\n|rule|Evasion Abilities Clause: Evasion abilities are banned\n|rule|Evasion Items Clause: Evasion items are banned\n|rule|Evasion Moves Clause: Evasion moves are banned\n|rule|Sleep Clause Mod: Limit one foe put to sleep\n|rule|Terastal Clause: You cannot Terastallize\n|clearpoke\n|poke|p1|Charizard, F|\n|poke|p1|Great Tusk|\n|poke|p1|Maushold-Four|\n|poke|p1|Alomomola, M|\n|poke|p1|Corviknight, F|\n|poke|p1|Clodsire, F|\n|poke|p2|Ting-Lu|\n|poke|p2|Zamazenta-*|\n|poke|p2|Heatran, M|\n|poke|p2|Garganacl, M|\n|poke|p2|Venusaur, F|\n|poke|p2|Corviknight, F|\n|teampreview\n|inactive|Battle timer is ON: inactive players will automatically lose when time's up. (requested by Xiaostop)\n|\n|t:|1771218514\n|teamsize|p1|6\n|teamsize|p2|6\n|start\n|switch|p1a: Charizard|Charizard, F, shiny|100/100\n|switch|p2a: Heatran|Heatran, M|100/100\n|-item|p2a: Heatran|Air Balloon\n|turn|1\n|\n|t:|1771218520\n|switch|p1a: Clodsire|Clodsire, F, shiny|100/100\n|move|p2a: Heatran|Power Gem|p1a: Clodsire\n|-resisted|p1a: Clodsire\n|-damage|p1a: Clodsire|92/100\n|\n|-heal|p1a: Clodsire|98/100|[from] item: Black Sludge\n|upkeep\n|turn|2\n|\n|t:|1771218524\n|move|p2a: Heatran|Earth Power|p1a: Clodsire\n|-supereffective|p1a: Clodsire\n|-damage|p1a: Clodsire|61/100\n|move|p1a: Clodsire|Stealth Rock|p2a: Heatran\n|-sidestart|p2: Might drago|move: Stealth Rock\n|\n|-heal|p1a: Clodsire|67/100|[from] item: Black Sludge\n|upkeep\n|turn|3\n|\n|t:|1771218528\n|move|p2a: Heatran|Magma Storm|p1a: Clodsire\n|-damage|p1a: Clodsire|37/100\n|-activate|p1a: Clodsire|move: Magma Storm|[of] p2a: Heatran\n|move|p1a: Clodsire|Recover|p1a: Clodsire\n|-heal|p1a: Clodsire|87/100\n|\n|-heal|p1a: Clodsire|93/100|[from] item: Black Sludge\n|-damage|p1a: Clodsire|81/100|[from] move: Magma Storm|[partiallytrapped]\n|upkeep\n|turn|4\n|\n|t:|1771218533\n|move|p2a: Heatran|Earth Power|p1a: Clodsire\n|-supereffective|p1a: Clodsire\n|-damage|p1a: Clodsire|43/100\n|move|p1a: Clodsire|Recover|p1a: Clodsire\n|-heal|p1a: Clodsire|93/100\n|\n|-heal|p1a: Clodsire|99/100|[from] item: Black Sludge\n|-damage|p1a: Clodsire|87/100|[from] move: Magma Storm|[partiallytrapped]\n|upkeep\n|turn|5\n|\n|t:|1771218539\n|move|p2a: Heatran|Earth Power|p1a: Clodsire\n|-supereffective|p1a: Clodsire\n|-damage|p1a: Clodsire|47/100\n|-unboost|p1a: Clodsire|spd|1\n|move|p1a: Clodsire|Recover|p1a: Clodsire\n|-heal|p1a: Clodsire|97/100\n|\n|-heal|p1a: Clodsire|100/100|[from] item: Black Sludge\n|-damage|p1a: Clodsire|88/100|[from] move: Magma Storm|[partiallytrapped]\n|upkeep\n|turn|6\n|\n|t:|1771218542\n|move|p2a: Heatran|Earth Power|p1a: Clodsire\n|-supereffective|p1a: Clodsire\n|-crit|p1a: Clodsire\n|-damage|p1a: Clodsire|6/100\n|move|p1a: Clodsire|Recover|p1a: Clodsire\n|-heal|p1a: Clodsire|56/100\n|\n|-heal|p1a: Clodsire|62/100|[from] item: Black Sludge\n|-damage|p1a: Clodsire|49/100|[from] move: Magma Storm|[partiallytrapped]\n|upkeep\n|turn|7\n|\n|t:|1771218547\n|move|p2a: Heatran|Earth Power|p1a: Clodsire\n|-supereffective|p1a: Clodsire\n|-damage|p1a: Clodsire|0 fnt\n|faint|p1a: Clodsire\n|\n|upkeep\n|\n|t:|1771218552\n|switch|p1a: Alomomola|Alomomola, M, shiny|100/100\n|turn|8\n|\n|t:|1771218556\n|switch|p2a: Venusaur|Venusaur, F|100/100\n|-damage|p2a: Venusaur|88/100|[from] Stealth Rock\n|move|p1a: Alomomola|Flip Turn|p2a: Venusaur\n|-resisted|p2a: Venusaur\n|-damage|p2a: Venusaur|79/100\n|\n|t:|1771218562\n|switch|p1a: Charizard|Charizard, F, shiny|100/100|[from] Flip Turn\n|\n|upkeep\n|turn|9\n|\n|t:|1771218566\n|switch|p2a: Corviknight|Corviknight, F|100/100\n|-damage|p2a: Corviknight|88/100|[from] Stealth Rock\n|-ability|p2a: Corviknight|Pressure\n|detailschange|p1a: Charizard|Charizard-Mega-Y, F, shiny\n|-mega|p1a: Charizard|Charizard|Charizardite Y\n|-weather|SunnyDay|[from] ability: Drought|[of] p1a: Charizard\n|move|p1a: Charizard|Weather Ball|p2a: Corviknight\n|-supereffective|p2a: Corviknight\n|-crit|p2a: Corviknight\n|-damage|p2a: Corviknight|0 fnt\n|faint|p2a: Corviknight\n|\n|-weather|SunnyDay|[upkeep]\n|upkeep\n|\n|t:|1771218569\n|switch|p2a: Heatran|Heatran, M|100/100\n|-damage|p2a: Heatran|88/100|[from] Stealth Rock\n|-item|p2a: Heatran|Air Balloon\n|turn|10\n|\n|t:|1771218572\n|move|p1a: Charizard|Focus Blast|p2a: Heatran\n|-supereffective|p2a: Heatran\n|-damage|p2a: Heatran|0 fnt\n|-enditem|p2a: Heatran|Air Balloon\n|faint|p2a: Heatran\n|\n|-weather|SunnyDay|[upkeep]\n|upkeep\n|\n|t:|1771218576\n|switch|p2a: Zama Bin Laden|Zamazenta|100/100\n|-damage|p2a: Zama Bin Laden|94/100|[from] Stealth Rock\n|-ability|p2a: Zama Bin Laden|Dauntless Shield|boost\n|-boost|p2a: Zama Bin Laden|def|1\n|turn|11\n|\n|t:|1771218580\n|switch|p2a: Garganacl|Garganacl, M|100/100\n|-damage|p2a: Garganacl|88/100|[from] Stealth Rock\n|move|p1a: Charizard|Weather Ball|p2a: Garganacl\n|-resisted|p2a: Garganacl\n|-damage|p2a: Garganacl|58/100\n|\n|-weather|SunnyDay|[upkeep]\n|-heal|p2a: Garganacl|64/100|[from] item: Leftovers\n|upkeep\n|turn|12\n|\n|t:|1771218582\n|move|p2a: Garganacl|Protect|p2a: Garganacl\n|-singleturn|p2a: Garganacl|Protect\n|move|p1a: Charizard|Solar Beam||[still]\n|-prepare|p1a: Charizard|Solar Beam\n|-anim|p1a: Charizard|Solar Beam|p2a: Garganacl\n|-activate|p2a: Garganacl|move: Protect\n|\n|-weather|SunnyDay|[upkeep]\n|-heal|p2a: Garganacl|70/100|[from] item: Leftovers\n|upkeep\n|turn|13\n|\n|t:|1771218585\n|move|p1a: Charizard|Focus Blast|p2a: Garganacl\n|-supereffective|p2a: Garganacl\n|-damage|p2a: Garganacl|4/100\n|move|p2a: Garganacl|Salt Cure|p1a: Charizard\n|-supereffective|p1a: Charizard\n|-crit|p1a: Charizard\n|-damage|p1a: Charizard|0 fnt\n|faint|p1a: Charizard\n|detailschange|p1: Charizard|Charizard, F, shiny|[silent]\n|\n|-weather|none\n|-heal|p2a: Garganacl|10/100|[from] item: Leftovers\n|upkeep\n|\n|t:|1771218594\n|switch|p1a: Alomomola|Alomomola, M, shiny|100/100\n|turn|14\n|\n|t:|1771218597\n|move|p2a: Garganacl|Protect|p2a: Garganacl\n|-singleturn|p2a: Garganacl|Protect\n|move|p1a: Alomomola|Flip Turn|p2a: Garganacl\n|-activate|p2a: Garganacl|move: Protect\n|\n|-heal|p2a: Garganacl|17/100|[from] item: Leftovers\n|upkeep\n|turn|15\n|\n|t:|1771218600\n|move|p2a: Garganacl|Protect||[still]\n|-fail|p2a: Garganacl\n|move|p1a: Alomomola|Flip Turn|p2a: Garganacl\n|-supereffective|p2a: Garganacl\n|-damage|p2a: Garganacl|0 fnt\n|faint|p2a: Garganacl\n|\n|t:|1771218606\n|switch|p1a: Maushold|Maushold-Four, shiny|100/100|[from] Flip Turn\n|\n|upkeep\n|\n|t:|1771218609\n|switch|p2a: King-Lu|Ting-Lu|100/100\n|-damage|p2a: King-Lu|94/100|[from] Stealth Rock\n|-ability|p2a: King-Lu|Vessel of Ruin\n|turn|16\n|\n|t:|1771218618\n|move|p1a: Maushold|Tidy Up|p1a: Maushold\n|-sideend|p2: Might drago|Stealth Rock\n|-activate|p1a: Maushold|move: Tidy Up\n|-boost|p1a: Maushold|atk|1\n|-boost|p1a: Maushold|spe|1\n|move|p2a: King-Lu|Earthquake|p1a: Maushold\n|-damage|p1a: Maushold|0 fnt\n|faint|p1a: Maushold\n|\n|upkeep\n|\n|t:|1771218625\n|switch|p1a: Corviknight|Corviknight, F, shiny|100/100\n|-ability|p1a: Corviknight|Pressure\n|turn|17\n|\n|t:|1771218628\n|switch|p2a: Zama Bin Laden|Zamazenta|94/100\n|move|p1a: Corviknight|Iron Defense|p1a: Corviknight\n|-boost|p1a: Corviknight|def|2\n|\n|upkeep\n|turn|18\n|\n|t:|1771218631\n|switch|p2a: Venusaur|Venusaur, F|79/100\n|move|p1a: Corviknight|Iron Defense|p1a: Corviknight\n|-boost|p1a: Corviknight|def|2\n|\n|upkeep\n|turn|19\n|-message|Might drago forfeited.\n|\n|win|Xiaostop\n|raw|Xiaostop's rating: 1473 &rarr; <strong>1501</strong><br />(+28 for winning)\n|raw|Might drago's rating: 1625 &rarr; <strong>1597</strong><br />(-28 for losing)\n|l|☆Might drago\n|player|p2|\n|l|☆Xiaostop\n|player|p1|\n", "uploadtime": 1771218971, "views": 5, "formatid": "gen9nationaldex", "rating": 1501, "private": 0, "password": null}