{"id": "gen9nationaldex-2540252783", "format": "[Gen 9] National Dex", "players": ["kev64", "Slimie"], "log": "|j|‽kev64\n|j|☆Slimie\n|t:|1771180991\n|gametype|singles\n|player|p1|kev64|ethan|1642\n|player|p2|Slimie|170|1678\n|gen|9\n|tier|[Gen 9] National Dex\n|rated|\n|rule|HP Percentage Mod: HP is shown in percentages\n|rule|Endless Battle Clause: Forcing endless battles is banned\n|rule|Species Clause: Limit one of each Pokémon\n|rule|OHKO Clause: OHKO moves are banned\n|rule|Evasion Clause: Evasion abilities, items, and moves are banned\n|rule|Evasion Abilities Clause: Evasion abilities are banned\n|rule|Evasion Items Clause: Evasion items are banned\n|rule|Evasion Moves Clause: Evasion moves are banned\n|rule|Sleep Clause Mod: Limit one foe put to sleep\n|rule|Terastal Clause: You cannot Terastallize\n|clearpoke\n|poke|p1|Diancie|\n|poke|p1|Great Tusk|\n|poke|p1|Moltres|\n|poke|p1|Samurott-Hisui, M|\n|poke|p1|Raging Bolt|\n|poke|p1|Ferrothorn, M|\n|poke|p2|Absol, M|\n|poke|p2|Slowbro, F|\n|poke|p2|Heatran, M|\n|poke|p2|Staraptor, F|\n|poke|p2|Landorus-Therian, M|\n|poke|p2|Tapu Fini|\n|teampreview\n|inactive|Battle timer is ON: inactive players will automatically lose when time's up. (requested by kev64)\n|\n|t:|1771180997\n|teamsize|p1|6\n|teamsize|p2|6\n|start\n|switch|p1a: Moltres|Moltres|100/100\n|switch|p2a: Heatran|Heatran, M|100/100\n|turn|1\n|\n|t:|1771181004\n|switch|p2a: Landorus|Landorus-Therian, M|100/100\n|-ability|p2a: Landorus|Intimidate|boost\n|-unboost|p1a: Moltres|atk|1\n|move|p1a: Moltres|U-turn|p2a: Landorus\n|-resisted|p2a: Landorus\n|-damage|p2a: Landorus|95/100\n|\n|t:|1771181014\n|switch|p1a: Samurott|Samurott-Hisui, M|100/100|[from] U-turn\n|\n|upkeep\n|turn|2\n|\n|t:|1771181017\n|move|p1a: Samurott|Flip Turn|p2a: Landorus\n|-supereffective|p2a: Landorus\n|-damage|p2a: Landorus|32/100\n|\n|t:|1771181023\n|switch|p1a: Ferrothorn|Ferrothorn, M|100/100|[from] Flip Turn\n|move|p2a: Landorus|Earthquake|p1a: Ferrothorn\n|-damage|p1a: Ferrothorn|67/100\n|\n|-heal|p1a: Ferrothorn|73/100|[from] item: Leftovers\n|upkeep\n|turn|3\n|\n|t:|1771181028\n|move|p2a: Landorus|Stealth Rock|p1a: Ferrothorn\n|-sidestart|p1: kev64|move: Stealth Rock\n|move|p1a: Ferrothorn|Stealth Rock|p2a: Landorus\n|-sidestart|p2: Slimie|move: Stealth Rock\n|\n|-heal|p1a: Ferrothorn|79/100|[from] item: Leftovers\n|upkeep\n|turn|4\n|\n|t:|1771181031\n|move|p2a: Landorus|Swords Dance|p2a: Landorus\n|-boost|p2a: Landorus|atk|2\n|move|p1a: Ferrothorn|Leech Seed|p2a: Landorus\n|-start|p2a: Landorus|move: Leech Seed\n|\n|-heal|p1a: Ferrothorn|85/100|[from] item: Leftovers\n|-damage|p2a: Landorus|20/100|[from] Leech Seed|[of] p1a: Ferrothorn\n|-heal|p1a: Ferrothorn|97/100|[silent]\n|upkeep\n|turn|5\n|\n|t:|1771181037\n|-zpower|p2a: Landorus\n|move|p2a: Landorus|Continental Crush|p1a: Ferrothorn|[zeffect]\n|-resisted|p1a: Ferrothorn\n|-damage|p1a: Ferrothorn|52/100\n|move|p1a: Ferrothorn|Knock Off|p2a: Landorus\n|-damage|p2a: Landorus|3/100\n|\n|-heal|p1a: Ferrothorn|58/100|[from] item: Leftovers\n|-damage|p2a: Landorus|0 fnt|[from] Leech Seed|[of] p1a: Ferrothorn\n|-heal|p1a: Ferrothorn|61/100|[silent]\n|faint|p2a: Landorus\n|upkeep\n|\n|t:|1771181041\n|switch|p2a: Heatran|Heatran, M|100/100\n|-damage|p2a: Heatran|88/100|[from] Stealth Rock\n|turn|6\n|\n|t:|1771181050\n|switch|p1a: Moltres|Moltres|100/100\n|move|p2a: Heatran|Eruption|p1a: Moltres\n|-resisted|p1a: Moltres\n|-crit|p1a: Moltres\n|-damage|p1a: Moltres|49/100\n|\n|upkeep\n|turn|7\n|\n|t:|1771181056\n|switch|p2a: Absol|Absol, M|100/100\n|-damage|p2a: Absol|88/100|[from] Stealth Rock\n|move|p1a: Moltres|Roost|p1a: Moltres\n|-heal|p1a: Moltres|99/100\n|-singleturn|p1a: Moltres|move: Roost\n|\n|upkeep\n|turn|8\n|\n|t:|1771181059\n|detailschange|p2a: Absol|Absol-Mega, M\n|-mega|p2a: Absol|Absol|Absolite\n|move|p2a: Absol|Knock Off|p1a: Moltres\n|-damage|p1a: Moltres|60/100\n|-status|p2a: Absol|brn|[from] ability: Flame Body|[of] p1a: Moltres\n|-enditem|p1a: Moltres|Heavy-Duty Boots|[from] move: Knock Off|[of] p2a: Absol\n|move|p1a: Moltres|U-turn|p2a: Absol\n|-supereffective|p2a: Absol\n|-damage|p2a: Absol|34/100 brn\n|\n|t:|1771181064\n|switch|p1a: Great Tusk|Great Tusk|100/100|[from] U-turn\n|\n|-damage|p2a: Absol|29/100 brn|[from] brn\n|upkeep\n|turn|9\n|\n|t:|1771181071\n|switch|p2a: Slowbro|Slowbro, F|100/100\n|-damage|p2a: Slowbro|88/100|[from] Stealth Rock\n|move|p1a: Great Tusk|Rapid Spin|p2a: Slowbro\n|-damage|p2a: Slowbro|78/100\n|-boost|p1a: Great Tusk|spe|1\n|-damage|p1a: Great Tusk|84/100|[from] item: Rocky Helmet|[of] p2a: Slowbro\n|-sideend|p1: kev64|Stealth Rock|[from] move: Rapid Spin|[of] p1a: Great Tusk\n|\n|upkeep\n|turn|10\n|\n|t:|1771181078\n|-end|p1a: Great Tusk|Protosynthesis|[silent]\n|switch|p1a: Ferrothorn|Ferrothorn, M|61/100\n|move|p2a: Slowbro|Scald|p1a: Ferrothorn\n|-resisted|p1a: Ferrothorn\n|-crit|p1a: Ferrothorn\n|-damage|p1a: Ferrothorn|45/100\n|-status|p1a: Ferrothorn|brn\n|\n|-heal|p1a: Ferrothorn|51/100 brn|[from] item: Leftovers\n|-damage|p1a: Ferrothorn|45/100 brn|[from] brn\n|upkeep\n|turn|11\n|\n|t:|1771181084\n|switch|p2a: Absol|Absol-Mega, M|29/100 brn\n|-damage|p2a: Absol|16/100 brn|[from] Stealth Rock\n|move|p1a: Ferrothorn|Leech Seed|p2a: Absol\n|move|p2a: Absol|Leech Seed|p1a: Ferrothorn|[from] ability: Magic Bounce\n|-immune|p1a: Ferrothorn\n|\n|-heal|p1a: Ferrothorn|51/100 brn|[from] item: Leftovers\n|-damage|p2a: Absol|10/100 brn|[from] brn\n|-damage|p1a: Ferrothorn|45/100 brn|[from] brn\n|upkeep\n|turn|12\n|\n|t:|1771181091\n|switch|p1a: Moltres|Moltres|60/100\n|move|p2a: Absol|Close Combat|p1a: Moltres\n|-resisted|p1a: Moltres\n|-damage|p1a: Moltres|53/100\n|-unboost|p2a: Absol|def|1\n|-unboost|p2a: Absol|spd|1\n|\n|-damage|p2a: Absol|5/100 brn|[from] brn\n|upkeep\n|turn|13\n|\n|t:|1771181094\n|move|p2a: Absol|Swords Dance|p2a: Absol\n|-boost|p2a: Absol|atk|2\n|move|p1a: Moltres|Roost|p1a: Moltres\n|-heal|p1a: Moltres|100/100\n|-singleturn|p1a: Moltres|move: Roost\n|\n|-damage|p2a: Absol|0 fnt|[from] brn\n|faint|p2a: Absol\n|detailschange|p2: Absol|Absol, M|[silent]\n|upkeep\n|\n|t:|1771181096\n|switch|p2a: Tapu Fini|Tapu Fini|100/100\n|-damage|p2a: Tapu Fini|88/100|[from] Stealth Rock\n|-fieldstart|move: Misty Terrain|[from] ability: Misty Surge|[of] p2a: Tapu Fini\n|turn|14\n|\n|t:|1771181106\n|switch|p1a: Ferrothorn|Ferrothorn, M|45/100 brn\n|move|p2a: Tapu Fini|Scald|p1a: Ferrothorn\n|-resisted|p1a: Ferrothorn\n|-damage|p1a: Ferrothorn|34/100 brn\n|\n|-heal|p2a: Tapu Fini|94/100|[from] item: Leftovers\n|-heal|p1a: Ferrothorn|40/100 brn|[from] item: Leftovers\n|-damage|p1a: Ferrothorn|34/100 brn|[from] brn\n|upkeep\n|turn|15\n|\n|t:|1771181110\n|move|p2a: Tapu Fini|Defog|p1a: Ferrothorn\n|-unboost|p1a: Ferrothorn|evasion|1\n|-sideend|p2: Slimie|Stealth Rock|[from] move: Defog|[of] p2a: Tapu Fini\n|-fieldend|Misty Terrain\n|move|p1a: Ferrothorn|Knock Off|p2a: Tapu Fini\n|-resisted|p2a: Tapu Fini\n|-damage|p2a: Tapu Fini|90/100\n|-enditem|p2a: Tapu Fini|Leftovers|[from] move: Knock Off|[of] p1a: Ferrothorn\n|\n|-heal|p1a: Ferrothorn|40/100 brn|[from] item: Leftovers\n|-damage|p1a: Ferrothorn|34/100 brn|[from] brn\n|upkeep\n|turn|16\n|\n|t:|1771181113\n|move|p2a: Tapu Fini|Taunt|p1a: Ferrothorn\n|-start|p1a: Ferrothorn|move: Taunt\n|cant|p1a: Ferrothorn|move: Taunt|Leech Seed\n|\n|-heal|p1a: Ferrothorn|40/100 brn|[from] item: Leftovers\n|-damage|p1a: Ferrothorn|34/100 brn|[from] brn\n|upkeep\n|turn|17\n|\n|t:|1771181119\n|switch|p1a: Raging Bolt|Raging Bolt|100/100\n|move|p2a: Tapu Fini|Scald|p1a: Raging Bolt\n|-resisted|p1a: Raging Bolt\n|-damage|p1a: Raging Bolt|87/100\n|\n|upkeep\n|turn|18\n|\n|t:|1771181122\n|move|p2a: Tapu Fini|Moonblast|p1a: Raging Bolt\n|-supereffective|p1a: Raging Bolt\n|-damage|p1a: Raging Bolt|22/100\n|move|p1a: Raging Bolt|Volt Switch|p2a: Tapu Fini\n|-supereffective|p2a: Tapu Fini\n|-damage|p2a: Tapu Fini|0 fnt\n|faint|p2a: Tapu Fini\n|\n|t:|1771181136\n|-end|p1a: Raging Bolt|Protosynthesis|[silent]\n|switch|p1a: Samurott|Samurott-Hisui, M|100/100|[from] Volt Switch\n|\n|upkeep\n|\n|t:|1771181138\n|switch|p2a: Staraptor|Staraptor, F|100/100\n|turn|19\n|\n|t:|1771181143\n|switch|p1a: Moltres|Moltres|100/100\n|move|p2a: Staraptor|Brave Bird|p1a: Moltres\n|-damage|p1a: Moltres|23/100\n|-status|p2a: Staraptor|brn|[from] ability: Flame Body|[of] p1a: Moltres\n|-damage|p2a: Staraptor|69/100 brn|[from] Recoil\n|\n|-damage|p2a: Staraptor|63/100 brn|[from] brn\n|upkeep\n|turn|20\n|-message|Slimie forfeited.\n|\n|win|kev64\n|raw|kev64's rating: 1642 &rarr; <strong>1664</strong><br />(+22 for winning)\n|raw|Slimie's rating: 1678 &rarr; <strong>1656</strong><br />(-22 for losing)\n|l|‽kev64\n|player|p1|\n", "uploadtime": 1771181359, "views": 11, "formatid": "gen9nationaldex", "rating": 1656, "private": 0, "password": null}