{"id": "gen9nationaldex-2540943555", "format": "[Gen 9] National Dex", "players": ["Genoveffooo", "pablefe"], "log": "|j|☆Genoveffooo\n|j|☆pablefe\n|t:|1771269480\n|gametype|singles\n|player|p1|Genoveffooo|1|1590\n|player|p2|pablefe|clair|1657\n|gen|9\n|tier|[Gen 9] National Dex\n|rated|\n|rule|HP Percentage Mod: HP is shown in percentages\n|rule|Endless Battle Clause: Forcing endless battles is banned\n|rule|Species Clause: Limit one of each Pokémon\n|rule|OHKO Clause: OHKO moves are banned\n|rule|Evasion Clause: Evasion abilities, items, and moves are banned\n|rule|Evasion Abilities Clause: Evasion abilities are banned\n|rule|Evasion Items Clause: Evasion items are banned\n|rule|Evasion Moves Clause: Evasion moves are banned\n|rule|Sleep Clause Mod: Limit one foe put to sleep\n|rule|Terastal Clause: You cannot Terastallize\n|clearpoke\n|poke|p1|Cinderace, M|\n|poke|p1|Dondozo, M|\n|poke|p1|Gholdengo|\n|poke|p1|Zapdos|\n|poke|p1|Garchomp, M|\n|poke|p1|Chansey, F|\n|poke|p2|Clefable, M|\n|poke|p2|Pecharunt|\n|poke|p2|Skarmory, F|\n|poke|p2|Latios, M|\n|poke|p2|Ting-Lu|\n|poke|p2|Gholdengo|\n|teampreview\n|inactive|Battle timer is ON: inactive players will automatically lose when time's up. (requested by Genoveffooo)\n|\n|t:|1771269504\n|teamsize|p1|6\n|teamsize|p2|6\n|start\n|switch|p1a: Cinderace|Cinderace, M|100/100\n|switch|p2a: Clefable|Clefable, M|100/100\n|turn|1\n|\n|t:|1771269519\n|move|p1a: Cinderace|Pyro Ball|p2a: Clefable\n|-damage|p2a: Clefable|59/100\n|move|p2a: Clefable|Knock Off|p1a: Cinderace\n|-damage|p1a: Cinderace|80/100\n|-enditem|p1a: Cinderace|Heavy-Duty Boots|[from] move: Knock Off|[of] p2a: Clefable\n|\n|-heal|p2a: Clefable|65/100|[from] item: Leftovers\n|upkeep\n|turn|2\n|\n|t:|1771269524\n|move|p1a: Cinderace|Pyro Ball|p2a: Clefable\n|-damage|p2a: Clefable|23/100\n|move|p2a: Clefable|Soft-Boiled|p2a: Clefable\n|-heal|p2a: Clefable|73/100\n|\n|-heal|p2a: Clefable|79/100|[from] item: Leftovers\n|upkeep\n|turn|3\n|\n|t:|1771269531\n|switch|p1a: Gholdengo|Gholdengo|100/100\n|move|p2a: Clefable|Stealth Rock|p1a: Gholdengo\n|-sidestart|p1: Genoveffooo|move: Stealth Rock\n|\n|-heal|p2a: Clefable|86/100|[from] item: Leftovers\n|upkeep\n|turn|4\n|\n|t:|1771269537\n|switch|p1a: Cinderace|Cinderace, M|80/100\n|-damage|p1a: Cinderace|55/100|[from] Stealth Rock\n|switch|p2a: Ting-Lu|Ting-Lu|100/100\n|-ability|p2a: Ting-Lu|Vessel of Ruin\n|\n|upkeep\n|turn|5\n|\n|t:|1771269543\n|move|p1a: Cinderace|High Jump Kick|p2a: Ting-Lu\n|-start|p1a: Cinderace|typechange|Fighting|[from] ability: Libero\n|-supereffective|p2a: Ting-Lu\n|-damage|p2a: Ting-Lu|36/100\n|move|p2a: Ting-Lu|Stealth Rock||[still]\n|-fail|p2a: Ting-Lu\n|\n|-heal|p2a: Ting-Lu|43/100|[from] item: Leftovers\n|upkeep\n|turn|6\n|\n|t:|1771269553\n|move|p1a: Cinderace|Court Change|p1a: Cinderace\n|-swapsideconditions\n|-activate|p1a: Cinderace|move: Court Change\n|move|p2a: Ting-Lu|Stealth Rock|p1a: Cinderace\n|-sidestart|p1: Genoveffooo|move: Stealth Rock\n|\n|-heal|p2a: Ting-Lu|49/100|[from] item: Leftovers\n|upkeep\n|turn|7\n|\n|t:|1771269566\n|switch|p1a: Gholdengo|Gholdengo|100/100\n|-damage|p1a: Gholdengo|94/100|[from] Stealth Rock\n|switch|p2a: Pecharunt|Pecharunt|100/100\n|\n|-heal|p1a: Gholdengo|100/100|[from] item: Leftovers\n|upkeep\n|turn|8\n|\n|t:|1771269573\n|switch|p2a: Ting-Lu|Ting-Lu|49/100\n|-damage|p2a: Ting-Lu|43/100|[from] Stealth Rock\n|-ability|p2a: Ting-Lu|Vessel of Ruin\n|move|p1a: Gholdengo|Shadow Ball|p2a: Ting-Lu\n|-resisted|p2a: Ting-Lu\n|-damage|p2a: Ting-Lu|32/100\n|\n|-heal|p2a: Ting-Lu|38/100|[from] item: Leftovers\n|upkeep\n|turn|9\n|\n|t:|1771269577\n|move|p1a: Gholdengo|Focus Blast|p2a: Ting-Lu\n|-supereffective|p2a: Ting-Lu\n|-damage|p2a: Ting-Lu|0 fnt\n|faint|p2a: Ting-Lu\n|\n|upkeep\n|\n|t:|1771269582\n|switch|p2a: Gholdengo|Gholdengo|100/100\n|-damage|p2a: Gholdengo|94/100|[from] Stealth Rock\n|turn|10\n|\n|t:|1771269585\n|switch|p1a: Chansey|Chansey, F|100/100\n|-damage|p1a: Chansey|88/100|[from] Stealth Rock\n|move|p2a: Gholdengo|Trick|p1a: Chansey\n|-activate|p2a: Gholdengo|move: Trick|[of] p1a: Chansey\n|-item|p1a: Chansey|Choice Scarf|[from] move: Trick\n|-item|p2a: Gholdengo|Eviolite|[from] move: Trick\n|\n|upkeep\n|turn|11\n|\n|t:|1771269596\n|switch|p2a: Skarmory|Skarmory, F|100/100\n|-damage|p2a: Skarmory|88/100|[from] Stealth Rock\n|move|p1a: Chansey|Teleport|p1a: Chansey\n|\n|t:|1771269617\n|switch|p1a: Zapdos|Zapdos|100/100|[from] Teleport\n|\n|upkeep\n|turn|12\n|\n|t:|1771269623\n|switch|p2a: Latios|Latios, M|100/100\n|-damage|p2a: Latios|88/100|[from] Stealth Rock\n|move|p1a: Zapdos|Thunderbolt|p2a: Latios\n|-resisted|p2a: Latios\n|-damage|p2a: Latios|70/100\n|\n|upkeep\n|turn|13\n|\n|t:|1771269627\n|switch|p1a: Chansey|Chansey, F|88/100\n|-damage|p1a: Chansey|76/100|[from] Stealth Rock\n|detailschange|p2a: Latios|Latios-Mega, M\n|-mega|p2a: Latios|Latios|Latiosite\n|move|p2a: Latios|Luster Purge|p1a: Chansey\n|-damage|p1a: Chansey|54/100\n|-unboost|p1a: Chansey|spd|1\n|\n|upkeep\n|turn|14\n|\n|t:|1771269635\n|move|p2a: Latios|Luster Purge|p1a: Chansey\n|-damage|p1a: Chansey|19/100\n|-unboost|p1a: Chansey|spd|1\n|move|p1a: Chansey|Teleport|p1a: Chansey\n|\n|t:|1771269640\n|switch|p1a: Gholdengo|Gholdengo|100/100|[from] Teleport\n|-damage|p1a: Gholdengo|94/100|[from] Stealth Rock\n|\n|-heal|p1a: Gholdengo|100/100|[from] item: Leftovers\n|upkeep\n|turn|15\n|\n|t:|1771269657\n|switch|p2a: Skarmory|Skarmory, F|88/100\n|-damage|p2a: Skarmory|76/100|[from] Stealth Rock\n|move|p1a: Gholdengo|Shadow Ball|p2a: Skarmory\n|-damage|p2a: Skarmory|16/100\n|\n|upkeep\n|turn|16\n|\n|t:|1771269660\n|move|p1a: Gholdengo|Shadow Ball|p2a: Skarmory\n|-damage|p2a: Skarmory|0 fnt\n|faint|p2a: Skarmory\n|\n|upkeep\n|\n|t:|1771269662\n|switch|p2a: Gholdengo|Gholdengo|94/100\n|-damage|p2a: Gholdengo|88/100|[from] Stealth Rock\n|turn|17\n|\n|t:|1771269666\n|switch|p1a: Chansey|Chansey, F|19/100\n|-damage|p1a: Chansey|6/100|[from] Stealth Rock\n|move|p2a: Gholdengo|Shadow Ball|p1a: Chansey\n|-immune|p1a: Chansey\n|\n|upkeep\n|turn|18\n|\n|t:|1771269671\n|move|p2a: Gholdengo|Power Gem|p1a: Chansey\n|-damage|p1a: Chansey|0 fnt\n|faint|p1a: Chansey\n|\n|upkeep\n|\n|t:|1771269674\n|switch|p1a: Garchomp|Garchomp, M|100/100\n|-damage|p1a: Garchomp|94/100|[from] Stealth Rock\n|turn|19\n|\n|t:|1771269679\n|move|p1a: Garchomp|Scale Shot|p2a: Gholdengo\n|-resisted|p2a: Gholdengo\n|-damage|p2a: Gholdengo|81/100\n|-resisted|p2a: Gholdengo\n|-damage|p2a: Gholdengo|74/100\n|-resisted|p2a: Gholdengo\n|-damage|p2a: Gholdengo|66/100\n|-resisted|p2a: Gholdengo\n|-damage|p2a: Gholdengo|58/100\n|-hitcount|p2a: Gholdengo|4\n|-unboost|p1a: Garchomp|def|1\n|-boost|p1a: Garchomp|spe|1\n|move|p2a: Gholdengo|Shadow Ball|p1a: Garchomp\n|-damage|p1a: Garchomp|50/100\n|\n|upkeep\n|turn|20\n|\n|t:|1771269684\n|move|p1a: Garchomp|Earthquake|p2a: Gholdengo\n|-supereffective|p2a: Gholdengo\n|-damage|p2a: Gholdengo|0 fnt\n|faint|p2a: Gholdengo\n|\n|upkeep\n|\n|t:|1771269686\n|switch|p2a: Clefable|Clefable, M|86/100\n|turn|21\n|\n|t:|1771269693\n|switch|p1a: Gholdengo|Gholdengo|100/100\n|-damage|p1a: Gholdengo|94/100|[from] Stealth Rock\n|move|p2a: Clefable|Moonblast|p1a: Gholdengo\n|-resisted|p1a: Gholdengo\n|-damage|p1a: Gholdengo|78/100\n|\n|-heal|p1a: Gholdengo|84/100|[from] item: Leftovers\n|-heal|p2a: Clefable|92/100|[from] item: Leftovers\n|upkeep\n|turn|22\n|\n|t:|1771269702\n|switch|p2a: Pecharunt|Pecharunt|100/100\n|move|p1a: Gholdengo|Shadow Ball|p2a: Pecharunt\n|-supereffective|p2a: Pecharunt\n|-damage|p2a: Pecharunt|10/100\n|\n|-heal|p1a: Gholdengo|90/100|[from] item: Leftovers\n|upkeep\n|turn|23\n|\n|t:|1771269705\n|move|p2a: Pecharunt|Shadow Ball|p1a: Gholdengo\n|-supereffective|p1a: Gholdengo\n|-damage|p1a: Gholdengo|44/100\n|move|p1a: Gholdengo|Shadow Ball|p2a: Pecharunt\n|-supereffective|p2a: Pecharunt\n|-damage|p2a: Pecharunt|0 fnt\n|faint|p2a: Pecharunt\n|\n|-heal|p1a: Gholdengo|50/100|[from] item: Leftovers\n|upkeep\n|\n|t:|1771269708\n|switch|p2a: Latios|Latios-Mega, M|70/100\n|-damage|p2a: Latios|58/100|[from] Stealth Rock\n|turn|24\n|\n|t:|1771269719\n|switch|p1a: Dondozo|Dondozo, M|100/100\n|-damage|p1a: Dondozo|88/100|[from] Stealth Rock\n|move|p2a: Latios|Mystical Fire|p1a: Dondozo\n|-resisted|p1a: Dondozo\n|-damage|p1a: Dondozo|73/100\n|-unboost|p1a: Dondozo|spa|1\n|\n|upkeep\n|turn|25\n|\n|t:|1771269726\n|move|p2a: Latios|Roost|p2a: Latios\n|-heal|p2a: Latios|100/100\n|-singleturn|p2a: Latios|move: Roost\n|move|p1a: Dondozo|Avalanche|p2a: Latios\n|-supereffective|p2a: Latios\n|-damage|p2a: Latios|67/100\n|\n|upkeep\n|turn|26\n|\n|t:|1771269729\n|move|p2a: Latios|Luster Purge|p1a: Dondozo\n|-damage|p1a: Dondozo|21/100\n|move|p1a: Dondozo|Yawn|p2a: Latios\n|-start|p2a: Latios|move: Yawn|[of] p1a: Dondozo\n|\n|upkeep\n|turn|27\n|\n|t:|1771269733\n|switch|p2a: Clefable|Clefable, M|92/100\n|move|p1a: Dondozo|Avalanche|p2a: Clefable\n|-damage|p2a: Clefable|81/100\n|\n|-heal|p2a: Clefable|87/100|[from] item: Leftovers\n|upkeep\n|turn|28\n|\n|t:|1771269740\n|move|p2a: Clefable|Knock Off|p1a: Dondozo\n|-damage|p1a: Dondozo|14/100\n|-enditem|p1a: Dondozo|Chesto Berry|[from] move: Knock Off|[of] p2a: Clefable\n|move|p1a: Dondozo|Rest|p1a: Dondozo\n|-status|p1a: Dondozo|slp|[from] move: Rest\n|-heal|p1a: Dondozo|100/100 slp|[silent]\n|\n|-heal|p2a: Clefable|93/100|[from] item: Leftovers\n|upkeep\n|turn|29\n|\n|t:|1771269746\n|switch|p1a: Zapdos|Zapdos|100/100\n|move|p2a: Clefable|Moonblast|p1a: Zapdos\n|-damage|p1a: Zapdos|72/100\n|\n|-heal|p2a: Clefable|99/100|[from] item: Leftovers\n|upkeep\n|turn|30\n|\n|t:|1771269754\n|move|p1a: Zapdos|Hurricane|p2a: Clefable|[miss]\n|-miss|p1a: Zapdos|p2a: Clefable\n|move|p2a: Clefable|Knock Off|p1a: Zapdos\n|-damage|p1a: Zapdos|61/100\n|-enditem|p1a: Zapdos|Heavy-Duty Boots|[from] move: Knock Off|[of] p2a: Clefable\n|\n|-heal|p2a: Clefable|100/100|[from] item: Leftovers\n|upkeep\n|turn|31\n|\n|t:|1771269757\n|move|p1a: Zapdos|Hurricane|p2a: Clefable|[miss]\n|-miss|p1a: Zapdos|p2a: Clefable\n|move|p2a: Clefable|Moonblast|p1a: Zapdos\n|-damage|p1a: Zapdos|31/100\n|\n|upkeep\n|turn|32\n|\n|t:|1771269760\n|move|p1a: Zapdos|Roost|p1a: Zapdos\n|-heal|p1a: Zapdos|81/100\n|-singleturn|p1a: Zapdos|move: Roost\n|move|p2a: Clefable|Moonblast|p1a: Zapdos\n|-damage|p1a: Zapdos|49/100\n|\n|upkeep\n|turn|33\n|\n|t:|1771269762\n|move|p1a: Zapdos|Hurricane|p2a: Clefable\n|-damage|p2a: Clefable|56/100\n|move|p2a: Clefable|Moonblast|p1a: Zapdos\n|-damage|p1a: Zapdos|19/100\n|\n|-heal|p2a: Clefable|62/100|[from] item: Leftovers\n|upkeep\n|turn|34\n|\n|t:|1771269767\n|move|p1a: Zapdos|Hurricane|p2a: Clefable|[miss]\n|-miss|p1a: Zapdos|p2a: Clefable\n|move|p2a: Clefable|Moonblast|p1a: Zapdos\n|-damage|p1a: Zapdos|0 fnt\n|faint|p1a: Zapdos\n|\n|-heal|p2a: Clefable|69/100|[from] item: Leftovers\n|upkeep\n|\n|t:|1771269769\n|switch|p1a: Gholdengo|Gholdengo|50/100\n|-damage|p1a: Gholdengo|44/100|[from] Stealth Rock\n|turn|35\n|\n|t:|1771269772\n|move|p1a: Gholdengo|Make It Rain|p2a: Clefable\n|-supereffective|p2a: Clefable\n|-damage|p2a: Clefable|0 fnt\n|-unboost|p1a: Gholdengo|spa|1\n|faint|p2a: Clefable\n|\n|-heal|p1a: Gholdengo|50/100|[from] item: Leftovers\n|upkeep\n|\n|t:|1771269774\n|switch|p2a: Latios|Latios-Mega, M|67/100\n|-damage|p2a: Latios|55/100|[from] Stealth Rock\n|turn|36\n|\n|t:|1771269781\n|move|p2a: Latios|Mystical Fire|p1a: Gholdengo\n|-supereffective|p1a: Gholdengo\n|-damage|p1a: Gholdengo|0 fnt\n|faint|p1a: Gholdengo\n|\n|upkeep\n|\n|t:|1771269783\n|switch|p1a: Cinderace|Cinderace, M|55/100\n|-damage|p1a: Cinderace|31/100|[from] Stealth Rock\n|turn|37\n|\n|t:|1771269787\n|move|p1a: Cinderace|Sucker Punch||[still]\n|-fail|p1a: Cinderace\n|move|p2a: Latios|Roost|p2a: Latios\n|-heal|p2a: Latios|100/100\n|-singleturn|p2a: Latios|move: Roost\n|\n|upkeep\n|turn|38\n|\n|t:|1771269791\n|move|p1a: Cinderace|Sucker Punch|p2a: Latios\n|-start|p1a: Cinderace|typechange|Dark|[from] ability: Libero\n|-supereffective|p2a: Latios\n|-damage|p2a: Latios|20/100\n|move|p2a: Latios|Luster Purge|p1a: Cinderace\n|-immune|p1a: Cinderace\n|\n|upkeep\n|turn|39\n|\n|t:|1771269799\n|move|p1a: Cinderace|Pyro Ball|p2a: Latios|[miss]\n|-miss|p1a: Cinderace|p2a: Latios\n|move|p2a: Latios|Roost|p2a: Latios\n|-heal|p2a: Latios|70/100\n|-singleturn|p2a: Latios|move: Roost\n|\n|upkeep\n|turn|40\n|\n|t:|1771269802\n|move|p1a: Cinderace|Sucker Punch||[still]\n|-fail|p1a: Cinderace\n|move|p2a: Latios|Roost|p2a: Latios\n|-heal|p2a: Latios|100/100\n|-singleturn|p2a: Latios|move: Roost\n|\n|upkeep\n|turn|41\n|\n|t:|1771269805\n|move|p1a: Cinderace|Sucker Punch|p2a: Latios\n|-supereffective|p2a: Latios\n|-damage|p2a: Latios|30/100\n|move|p2a: Latios|Ice Beam|p1a: Cinderace\n|-damage|p1a: Cinderace|0 fnt\n|faint|p1a: Cinderace\n|\n|upkeep\n|\n|t:|1771269809\n|switch|p1a: Garchomp|Garchomp, M|50/100\n|-damage|p1a: Garchomp|44/100|[from] Stealth Rock\n|turn|42\n|\n|t:|1771269811\n|move|p2a: Latios|Ice Beam|p1a: Garchomp\n|-supereffective|p1a: Garchomp\n|-damage|p1a: Garchomp|0 fnt\n|faint|p1a: Garchomp\n|\n|upkeep\n|-message|Genoveffooo forfeited.\n|\n|win|pablefe\n|raw|Genoveffooo's rating: 1590 &rarr; <strong>1574</strong><br />(-16 for losing)\n|raw|pablefe's rating: 1657 &rarr; <strong>1673</strong><br />(+16 for winning)\n|l|☆Genoveffooo\n|player|p1|\n|l|☆pablefe\n|player|p2|\n", "uploadtime": 1771270020, "views": 0, "formatid": "gen9nationaldex", "rating": 1574, "private": 0, "password": null}