{"id": "gen9nationaldex-2540226967", "format": "[Gen 9] National Dex", "players": ["G6Gambit", "blackddarkness"], "log": "|j|☆G6Gambit\n|j|☆blackddarkness\n|t:|1771178077\n|gametype|singles\n|player|p1|G6Gambit|miku-ghost|1531\n|player|p2|blackddarkness|266|1717\n|gen|9\n|tier|[Gen 9] National Dex\n|rated|\n|rule|HP Percentage Mod: HP is shown in percentages\n|rule|Endless Battle Clause: Forcing endless battles is banned\n|rule|Species Clause: Limit one of each Pokémon\n|rule|OHKO Clause: OHKO moves are banned\n|rule|Evasion Clause: Evasion abilities, items, and moves are banned\n|rule|Evasion Abilities Clause: Evasion abilities are banned\n|rule|Evasion Items Clause: Evasion items are banned\n|rule|Evasion Moves Clause: Evasion moves are banned\n|rule|Sleep Clause Mod: Limit one foe put to sleep\n|rule|Terastal Clause: You cannot Terastallize\n|clearpoke\n|poke|p1|Zamazenta-*|\n|poke|p1|Kingambit, M|\n|poke|p1|Ceruledge, F|\n|poke|p1|Landorus-Therian, M|\n|poke|p1|Diancie|\n|poke|p1|Ogerpon-Wellspring, F|\n|poke|p2|Mandibuzz, F|\n|poke|p2|Ogerpon-Wellspring, F|\n|poke|p2|Slowbro, F|\n|poke|p2|Clodsire, M|\n|poke|p2|Slowking-Galar, F|\n|poke|p2|Scizor, M|\n|teampreview\n|j| BouCouMussDiss\n|\n|t:|1771178088\n|teamsize|p1|6\n|teamsize|p2|6\n|start\n|switch|p1a: Landorus|Landorus-Therian, M|100/100\n|switch|p2a: Scizor|Scizor, M|100/100\n|-ability|p1a: Landorus|Intimidate|boost\n|-unboost|p2a: Scizor|atk|1\n|turn|1\n|inactive|Battle timer is ON: inactive players will automatically lose when time's up. (requested by G6Gambit)\n|\n|t:|1771178095\n|detailschange|p2a: Scizor|Scizor-Mega, M\n|-mega|p2a: Scizor|Scizor|Scizorite\n|move|p1a: Landorus|Taunt|p2a: Scizor\n|-start|p2a: Scizor|move: Taunt\n|move|p2a: Scizor|U-turn|p1a: Landorus\n|-resisted|p1a: Landorus\n|-damage|p1a: Landorus|88/100\n|\n|t:|1771178101\n|switch|p2a: Ogerpon|Ogerpon-Wellspring, F|100/100|[from] U-turn\n|\n|upkeep\n|turn|2\n|\n|t:|1771178120\n|switch|p1a: Zamazenta|Zamazenta|100/100\n|-ability|p1a: Zamazenta|Dauntless Shield|boost\n|-boost|p1a: Zamazenta|def|1\n|move|p2a: Ogerpon|Ivy Cudgel|p1a: Zamazenta|[anim] Ivy Cudgel Water\n|-damage|p1a: Zamazenta|69/100\n|\n|-heal|p1a: Zamazenta|76/100|[from] item: Leftovers\n|upkeep\n|turn|3\n|\n|t:|1771178132\n|switch|p2a: Slowbro|Slowbro, F|100/100\n|move|p1a: Zamazenta|Iron Defense|p1a: Zamazenta\n|-boost|p1a: Zamazenta|def|2\n|\n|-heal|p1a: Zamazenta|82/100|[from] item: Leftovers\n|upkeep\n|turn|4\n|\n|t:|1771178139\n|move|p1a: Zamazenta|Substitute|p1a: Zamazenta\n|-start|p1a: Zamazenta|Substitute\n|-damage|p1a: Zamazenta|57/100\n|move|p2a: Slowbro|Teleport|p2a: Slowbro\n|\n|t:|1771178143\n|switch|p2a: Slowking|Slowking-Galar, F|100/100|[from] Teleport\n|\n|-heal|p1a: Zamazenta|63/100|[from] item: Leftovers\n|upkeep\n|turn|5\n|\n|t:|1771178149\n|switch|p2a: Slowbro|Slowbro, F|100/100\n|move|p1a: Zamazenta|Crunch|p2a: Slowbro\n|-supereffective|p2a: Slowbro\n|-damage|p2a: Slowbro|76/100\n|-damage|p1a: Zamazenta|47/100|[from] item: Rocky Helmet|[of] p2a: Slowbro\n|\n|-heal|p1a: Zamazenta|53/100|[from] item: Leftovers\n|upkeep\n|turn|6\n|\n|t:|1771178159\n|move|p1a: Zamazenta|Iron Defense|p1a: Zamazenta\n|-boost|p1a: Zamazenta|def|2\n|move|p2a: Slowbro|Psychic Noise|p1a: Zamazenta\n|-supereffective|p1a: Zamazenta\n|-damage|p1a: Zamazenta|12/100\n|-start|p1a: Zamazenta|move: Heal Block\n|\n|upkeep\n|turn|7\n|\n|t:|1771178167\n|move|p1a: Zamazenta|Body Press|p2a: Slowbro\n|-resisted|p2a: Slowbro\n|-damage|p2a: Slowbro|42/100\n|-damage|p1a: Zamazenta|0 fnt|[from] item: Rocky Helmet|[of] p2a: Slowbro\n|faint|p1a: Zamazenta\n|move|p2a: Slowbro|Teleport|p2a: Slowbro\n|\n|t:|1771178181\n|switch|p2a: Ogerpon|Ogerpon-Wellspring, F|100/100|[from] Teleport\n|\n|upkeep\n|\n|t:|1771178187\n|switch|p1a: Ogerpon|Ogerpon-Wellspring, F|100/100\n|turn|8\n|\n|t:|1771178192\n|switch|p2a: Man|Mandibuzz, F, shiny|100/100\n|move|p1a: Ogerpon|Power Whip|p2a: Man\n|-resisted|p2a: Man\n|-damage|p2a: Man|80/100\n|\n|upkeep\n|turn|9\n|\n|t:|1771178204\n|switch|p1a: Ceruledge|Ceruledge, F|100/100\n|move|p2a: Man|Roost|p2a: Man\n|-heal|p2a: Man|100/100\n|-singleturn|p2a: Man|move: Roost\n|\n|upkeep\n|turn|10\n|\n|t:|1771178214\n|switch|p1a: Kingambit|Kingambit, M|100/100\n|-activate|p1a: Kingambit|ability: Supreme Overlord\n|-start|p1a: Kingambit|fallen1|[silent]\n|-item|p1a: Kingambit|Air Balloon\n|move|p2a: Man|Foul Play|p1a: Kingambit\n|-resisted|p1a: Kingambit\n|-damage|p1a: Kingambit|79/100\n|-enditem|p1a: Kingambit|Air Balloon\n|\n|upkeep\n|turn|11\n|\n|t:|1771178223\n|switch|p2a: Scizor|Scizor-Mega, M|100/100\n|move|p1a: Kingambit|Knock Off|p2a: Scizor\n|-damage|p2a: Scizor|76/100\n|\n|upkeep\n|turn|12\n|\n|t:|1771178229\n|-end|p1a: Kingambit|fallen1|[silent]\n|switch|p1a: Ceruledge|Ceruledge, F|100/100\n|move|p2a: Scizor|U-turn|p1a: Ceruledge\n|-resisted|p1a: Ceruledge\n|-damage|p1a: Ceruledge|88/100\n|-ability|p1a: Ceruledge|Weak Armor|boost\n|-unboost|p1a: Ceruledge|def|1\n|-boost|p1a: Ceruledge|spe|2\n|\n|t:|1771178237\n|switch|p2a: Man|Mandibuzz, F, shiny|100/100|[from] U-turn\n|\n|upkeep\n|turn|13\n|\n|t:|1771178245\n|switch|p1a: Diancie|Diancie|100/100\n|move|p2a: Man|Foul Play|p1a: Diancie\n|-resisted|p1a: Diancie\n|-damage|p1a: Diancie|81/100\n|\n|upkeep\n|turn|14\n|\n|t:|1771178252\n|switch|p2a: Clodsire|Clodsire, M, shiny|100/100\n|detailschange|p1a: Diancie|Diancie-Mega\n|-mega|p1a: Diancie|Diancie|Diancite\n|move|p1a: Diancie|Mystical Fire|p2a: Clodsire\n|-damage|p2a: Clodsire|84/100\n|-unboost|p2a: Clodsire|spa|1\n|\n|-heal|p2a: Clodsire|90/100|[from] item: Black Sludge\n|upkeep\n|turn|15\n|\n|t:|1771178261\n|switch|p1a: Landorus|Landorus-Therian, M|88/100\n|-ability|p1a: Landorus|Intimidate|boost\n|-unboost|p2a: Clodsire|atk|1\n|move|p2a: Clodsire|Heavy Slam|p1a: Landorus\n|-damage|p1a: Landorus|80/100\n|\n|-heal|p2a: Clodsire|97/100|[from] item: Black Sludge\n|upkeep\n|turn|16\n|\n|t:|1771178271\n|switch|p2a: Slowbro|Slowbro, F|76/100\n|move|p1a: Landorus|Stealth Rock|p2a: Slowbro\n|-sidestart|p2: blackddarkness|move: Stealth Rock\n|\n|upkeep\n|turn|17\n|\n|t:|1771178278\n|move|p1a: Landorus|Taunt|p2a: Slowbro\n|-start|p2a: Slowbro|move: Taunt\n|move|p2a: Slowbro|Psychic Noise|p1a: Landorus\n|-crit|p1a: Landorus\n|-damage|p1a: Landorus|40/100\n|-start|p1a: Landorus|move: Heal Block\n|\n|upkeep\n|turn|18\n|\n|t:|1771178294\n|switch|p1a: Kingambit|Kingambit, M|79/100\n|-activate|p1a: Kingambit|ability: Supreme Overlord\n|-start|p1a: Kingambit|fallen1|[silent]\n|move|p2a: Slowbro|Scald|p1a: Kingambit\n|-damage|p1a: Kingambit|52/100\n|\n|upkeep\n|turn|19\n|\n|t:|1771178303\n|switch|p2a: Scizor|Scizor-Mega, M|76/100\n|-damage|p2a: Scizor|63/100|[from] Stealth Rock\n|move|p1a: Kingambit|Knock Off|p2a: Scizor\n|-crit|p2a: Scizor\n|-damage|p2a: Scizor|30/100\n|\n|upkeep\n|turn|20\n|\n|t:|1771178314\n|move|p1a: Kingambit|Sucker Punch||[still]\n|-fail|p1a: Kingambit\n|move|p2a: Scizor|Roost|p2a: Scizor\n|-heal|p2a: Scizor|80/100\n|-singleturn|p2a: Scizor|move: Roost\n|\n|upkeep\n|turn|21\n|\n|t:|1771178321\n|-end|p1a: Kingambit|fallen1|[silent]\n|switch|p1a: Landorus|Landorus-Therian, M|40/100\n|-ability|p1a: Landorus|Intimidate|boost\n|-unboost|p2a: Scizor|atk|1\n|move|p2a: Scizor|U-turn|p1a: Landorus\n|-resisted|p1a: Landorus\n|-damage|p1a: Landorus|28/100\n|\n|t:|1771178333\n|switch|p2a: Ogerpon|Ogerpon-Wellspring, F|100/100|[from] U-turn\n|-damage|p2a: Ogerpon|88/100|[from] Stealth Rock\n|\n|upkeep\n|turn|22\n|\n|t:|1771178343\n|move|p2a: Ogerpon|Ivy Cudgel|p1a: Landorus|[anim] Ivy Cudgel Water\n|-supereffective|p1a: Landorus\n|-damage|p1a: Landorus|0 fnt\n|faint|p1a: Landorus\n|\n|upkeep\n|\n|t:|1771178347\n|switch|p1a: Ogerpon|Ogerpon-Wellspring, F|100/100\n|turn|23\n|\n|t:|1771178356\n|switch|p2a: Man|Mandibuzz, F, shiny|100/100\n|move|p1a: Ogerpon|Swords Dance|p1a: Ogerpon\n|-boost|p1a: Ogerpon|atk|2\n|\n|upkeep\n|turn|24\n|\n|t:|1771178362\n|move|p1a: Ogerpon|Ivy Cudgel|p2a: Man|[anim] Ivy Cudgel Water\n|-damage|p2a: Man|36/100\n|move|p2a: Man|Foul Play|p1a: Ogerpon\n|-damage|p1a: Ogerpon|0 fnt\n|faint|p1a: Ogerpon\n|\n|upkeep\n|\n|t:|1771178378\n|switch|p1a: Diancie|Diancie-Mega|81/100\n|turn|25\n|\n|t:|1771178385\n|move|p1a: Diancie|Moonblast|p2a: Man\n|-supereffective|p2a: Man\n|-damage|p2a: Man|0 fnt\n|faint|p2a: Man\n|\n|upkeep\n|\n|t:|1771178390\n|switch|p2a: Ogerpon|Ogerpon-Wellspring, F|88/100\n|-damage|p2a: Ogerpon|76/100|[from] Stealth Rock\n|turn|26\n|\n|t:|1771178404\n|move|p1a: Diancie|Moonblast|p2a: Ogerpon\n|-damage|p2a: Ogerpon|4/100\n|move|p2a: Ogerpon|Ivy Cudgel|p1a: Diancie|[anim] Ivy Cudgel Water\n|-supereffective|p1a: Diancie\n|-damage|p1a: Diancie|0 fnt\n|faint|p1a: Diancie\n|detailschange|p1: Diancie|Diancie|[silent]\n|\n|upkeep\n|\n|t:|1771178409\n|switch|p1a: Kingambit|Kingambit, M|52/100\n|-activate|p1a: Kingambit|ability: Supreme Overlord\n|-start|p1a: Kingambit|fallen4|[silent]\n|turn|27\n|\n|t:|1771178425\n|switch|p2a: Scizor|Scizor-Mega, M|80/100\n|-damage|p2a: Scizor|67/100|[from] Stealth Rock\n|move|p1a: Kingambit|Sucker Punch||[still]\n|-fail|p1a: Kingambit\n|\n|upkeep\n|turn|28\n|\n|t:|1771178437\n|move|p2a: Scizor|U-turn|p1a: Kingambit\n|-damage|p1a: Kingambit|26/100\n|\n|t:|1771178441\n|switch|p2a: Ogerpon|Ogerpon-Wellspring, F|4/100|[from] U-turn\n|-damage|p2a: Ogerpon|0 fnt|[from] Stealth Rock\n|faint|p2a: Ogerpon\n|move|p1a: Kingambit|Swords Dance|p1a: Kingambit\n|-boost|p1a: Kingambit|atk|2\n|\n|upkeep\n|\n|t:|1771178449\n|switch|p2a: Scizor|Scizor-Mega, M|67/100\n|-damage|p2a: Scizor|55/100|[from] Stealth Rock\n|turn|29\n|\n|t:|1771178457\n|move|p1a: Kingambit|Sucker Punch||[still]\n|-fail|p1a: Kingambit\n|move|p2a: Scizor|Roost|p2a: Scizor\n|-heal|p2a: Scizor|100/100\n|-singleturn|p2a: Scizor|move: Roost\n|\n|upkeep\n|turn|30\n|\n|t:|1771178464\n|move|p1a: Kingambit|Sucker Punch|p2a: Scizor\n|-damage|p2a: Scizor|37/100\n|move|p2a: Scizor|U-turn|p1a: Kingambit\n|-damage|p1a: Kingambit|0 fnt\n|faint|p1a: Kingambit\n|-end|p1a: Kingambit|fallen4|[silent]\n|\n|t:|1771178473\n|switch|p2a: Clodsire|Clodsire, M, shiny|97/100|[from] U-turn\n|-damage|p2a: Clodsire|90/100|[from] Stealth Rock\n|\n|-heal|p2a: Clodsire|97/100|[from] item: Black Sludge\n|upkeep\n|\n|t:|1771178476\n|switch|p1a: Ceruledge|Ceruledge, F|88/100\n|turn|31\n|inactive|G6Gambit has 120 seconds left.\n|\n|t:|1771178508\n|move|p1a: Ceruledge|Swords Dance|p1a: Ceruledge\n|-boost|p1a: Ceruledge|atk|2\n|move|p2a: Clodsire|Earthquake|p1a: Ceruledge\n|-supereffective|p1a: Ceruledge\n|-damage|p1a: Ceruledge|16/100\n|-ability|p1a: Ceruledge|Weak Armor|boost\n|-unboost|p1a: Ceruledge|def|1\n|-boost|p1a: Ceruledge|spe|2\n|\n|-heal|p2a: Clodsire|100/100|[from] item: Black Sludge\n|upkeep\n|turn|32\n|inactive|G6Gambit has 120 seconds left.\n|\n|t:|1771178531\n|switch|p2a: Slowking|Slowking-Galar, F|100/100\n|-damage|p2a: Slowking|88/100|[from] Stealth Rock\n|move|p1a: Ceruledge|Bitter Blade|p2a: Slowking\n|-damage|p2a: Slowking|0 fnt\n|-heal|p1a: Ceruledge|75/100|[from] drain|[of] p2a: Slowking\n|faint|p2a: Slowking\n|\n|upkeep\n|\n|t:|1771178540\n|switch|p2a: Clodsire|Clodsire, M, shiny|100/100\n|-damage|p2a: Clodsire|94/100|[from] Stealth Rock\n|turn|33\n|\n|t:|1771178545\n|-zpower|p1a: Ceruledge\n|move|p1a: Ceruledge|Never-Ending Nightmare|p2a: Clodsire|[zeffect]\n|-damage|p2a: Clodsire|0 fnt\n|faint|p2a: Clodsire\n|\n|upkeep\n|l|☆blackddarkness\n|inactive|blackddarkness disconnected and has a minute to reconnect!\n|player|p2|\n|inactive|blackddarkness has 30 seconds to reconnect!\n|inactive|blackddarkness has 20 seconds to reconnect!\n|inactive|blackddarkness has 15 seconds to reconnect!\n|inactive|blackddarkness has 10 seconds to reconnect!\n|l| BouCouMussDiss\n|inactive|blackddarkness has 5 seconds to reconnect!\n|-message|blackddarkness lost due to inactivity.\n|\n|win|G6Gambit\n|raw|G6Gambit's rating: 1531 &rarr; <strong>1561</strong><br />(+30 for winning)\n|raw|blackddarkness's rating: 1717 &rarr; <strong>1687</strong><br />(-30 for losing)\n|l|☆G6Gambit\n|player|p1|\n", "uploadtime": 1771178769, "views": 7, "formatid": "gen9nationaldex", "rating": 1561, "private": 0, "password": null}