{"id": "gen9nationaldex-2540791460", "format": "[Gen 9] National Dex", "players": ["Oddalex", "he898"], "log": "|j|‽Oddalex\n|j|☆he898\n|t:|1771254429\n|gametype|singles\n|player|p1|Oddalex|102|1662\n|player|p2|he898|ghetsis-gen5bw|1569\n|gen|9\n|tier|[Gen 9] National Dex\n|rated|\n|rule|HP Percentage Mod: HP is shown in percentages\n|rule|Endless Battle Clause: Forcing endless battles is banned\n|rule|Species Clause: Limit one of each Pokémon\n|rule|OHKO Clause: OHKO moves are banned\n|rule|Evasion Clause: Evasion abilities, items, and moves are banned\n|rule|Evasion Abilities Clause: Evasion abilities are banned\n|rule|Evasion Items Clause: Evasion items are banned\n|rule|Evasion Moves Clause: Evasion moves are banned\n|rule|Sleep Clause Mod: Limit one foe put to sleep\n|rule|Terastal Clause: You cannot Terastallize\n|clearpoke\n|poke|p1|Mawile, F|\n|poke|p1|Tapu Koko|\n|poke|p1|Iron Valiant|\n|poke|p1|Slowbro, M|\n|poke|p1|Ting-Lu|\n|poke|p1|Tornadus-Therian, M|\n|poke|p2|Gyarados, M|\n|poke|p2|Dragonite, M|\n|poke|p2|Iron Treads|\n|poke|p2|Okidogi, M|\n|poke|p2|Ceruledge, M|\n|poke|p2|Serperior, M|\n|teampreview\n|inactive|Battle timer is ON: inactive players will automatically lose when time's up. (requested by Oddalex)\n|\n|t:|1771254459\n|teamsize|p1|6\n|teamsize|p2|6\n|start\n|switch|p1a: Slowbro|Slowbro, M|100/100\n|switch|p2a: Serperior|Serperior, M|100/100\n|turn|1\n|\n|t:|1771254466\n|move|p2a: Serperior|Leaf Storm|p1a: Slowbro|[miss]\n|-miss|p2a: Serperior|p1a: Slowbro\n|move|p1a: Slowbro|Teleport|p1a: Slowbro\n|\n|t:|1771254468\n|switch|p1a: Tornadus|Tornadus-Therian, M|100/100|[from] Teleport\n|\n|upkeep\n|turn|2\n|\n|t:|1771254471\n|move|p1a: Tornadus|Bleakwind Storm|p2a: Serperior\n|-supereffective|p2a: Serperior\n|-damage|p2a: Serperior|8/100\n|move|p2a: Serperior|Glare|p1a: Tornadus\n|-status|p1a: Tornadus|par\n|\n|-heal|p2a: Serperior|14/100|[from] item: Leftovers\n|upkeep\n|turn|3\n|\n|t:|1771254477\n|switch|p2a: Iron Treads|Iron Treads|100/100\n|move|p1a: Tornadus|U-turn|p2a: Iron Treads\n|-resisted|p2a: Iron Treads\n|-damage|p2a: Iron Treads|94/100\n|\n|t:|1771254482\n|switch|p1a: Slowbro|Slowbro, M|100/100|[from] U-turn\n|\n|upkeep\n|turn|4\n|\n|t:|1771254484\n|move|p2a: Iron Treads|Stealth Rock|p1a: Slowbro\n|-sidestart|p1: Oddalex|move: Stealth Rock\n|move|p1a: Slowbro|Scald|p2a: Iron Treads\n|-supereffective|p2a: Iron Treads\n|-damage|p2a: Iron Treads|15/100\n|-status|p2a: Iron Treads|brn\n|\n|-damage|p2a: Iron Treads|9/100 brn|[from] brn\n|upkeep\n|turn|5\n|\n|t:|1771254487\n|move|p2a: Iron Treads|Earthquake|p1a: Slowbro\n|-damage|p1a: Slowbro|86/100\n|move|p1a: Slowbro|Teleport|p1a: Slowbro\n|\n|t:|1771254490\n|switch|p1a: Tornadus|Tornadus-Therian, M|100/100 par|[from] Teleport\n|\n|-damage|p2a: Iron Treads|3/100 brn|[from] brn\n|upkeep\n|turn|6\n|\n|t:|1771254494\n|move|p2a: Iron Treads|Stealth Rock||[still]\n|-fail|p2a: Iron Treads\n|cant|p1a: Tornadus|par\n|\n|-damage|p2a: Iron Treads|0 fnt|[from] brn\n|faint|p2a: Iron Treads\n|-end|p2a: Iron Treads|Quark Drive|[silent]\n|upkeep\n|\n|t:|1771254507\n|switch|p2a: Dragonite|Dragonite, M|100/100\n|turn|7\n|\n|t:|1771254510\n|switch|p1a: Mawile|Mawile, F|100/100\n|-damage|p1a: Mawile|94/100|[from] Stealth Rock\n|-ability|p1a: Mawile|Intimidate|boost\n|-unboost|p2a: Dragonite|atk|1\n|move|p2a: Dragonite|Dragon Dance|p2a: Dragonite\n|-boost|p2a: Dragonite|atk|1\n|-boost|p2a: Dragonite|spe|1\n|\n|upkeep\n|turn|8\n|\n|t:|1771254518\n|detailschange|p1a: Mawile|Mawile-Mega, F\n|-mega|p1a: Mawile|Mawile|Mawilite\n|move|p2a: Dragonite|Earthquake|p1a: Mawile\n|-supereffective|p1a: Mawile\n|-damage|p1a: Mawile|15/100\n|move|p1a: Mawile|Play Rough|p2a: Dragonite\n|-supereffective|p2a: Dragonite\n|-damage|p2a: Dragonite|5/100\n|\n|upkeep\n|turn|9\n|\n|t:|1771254529\n|switch|p1a: Slowbro|Slowbro, M|100/100\n|-damage|p1a: Slowbro|88/100|[from] Stealth Rock\n|move|p2a: Dragonite|Earthquake|p1a: Slowbro\n|-damage|p1a: Slowbro|69/100\n|\n|upkeep\n|turn|10\n|\n|t:|1771254532\n|-zpower|p2a: Dragonite\n|move|p2a: Dragonite|Supersonic Skystrike|p1a: Slowbro|[zeffect]\n|-damage|p1a: Slowbro|10/100\n|move|p1a: Slowbro|Scald|p2a: Dragonite\n|-resisted|p2a: Dragonite\n|-damage|p2a: Dragonite|0 fnt\n|faint|p2a: Dragonite\n|\n|upkeep\n|\n|t:|1771254536\n|switch|p2a: Gyarados|Gyarados, M|100/100\n|-ability|p2a: Gyarados|Intimidate|boost\n|-unboost|p1a: Slowbro|atk|1\n|turn|11\n|\n|t:|1771254546\n|switch|p1a: Mawile|Mawile-Mega, F|15/100\n|-damage|p1a: Mawile|9/100|[from] Stealth Rock\n|detailschange|p2a: Gyarados|Gyarados-Mega, M\n|-mega|p2a: Gyarados|Gyarados|Gyaradosite\n|-ability|p2a: Gyarados|Mold Breaker\n|move|p2a: Gyarados|Dragon Dance|p2a: Gyarados\n|-boost|p2a: Gyarados|atk|1\n|-boost|p2a: Gyarados|spe|1\n|\n|upkeep\n|turn|12\n|\n|t:|1771254552\n|move|p2a: Gyarados|Earthquake|p1a: Mawile\n|-supereffective|p1a: Mawile\n|-damage|p1a: Mawile|0 fnt\n|faint|p1a: Mawile\n|detailschange|p1: Mawile|Mawile, F|[silent]\n|\n|upkeep\n|\n|t:|1771254554\n|switch|p1a: Tapu Koko|Tapu Koko, shiny|100/100\n|-damage|p1a: Tapu Koko|88/100|[from] Stealth Rock\n|-fieldstart|move: Electric Terrain|[from] ability: Electric Surge|[of] p1a: Tapu Koko\n|turn|13\n|\n|t:|1771254570\n|move|p2a: Gyarados|Earthquake|p1a: Tapu Koko\n|-supereffective|p1a: Tapu Koko\n|-damage|p1a: Tapu Koko|0 fnt\n|faint|p1a: Tapu Koko\n|\n|upkeep\n|\n|t:|1771254573\n|switch|p1a: Iron Valiant|Iron Valiant, shiny|100/100\n|-damage|p1a: Iron Valiant|94/100|[from] Stealth Rock\n|-activate|p1a: Iron Valiant|ability: Quark Drive\n|-start|p1a: Iron Valiant|quarkdrivespe\n|turn|14\n|\n|t:|1771254576\n|switch|p2a: Serperior|Serperior, M|14/100\n|move|p1a: Iron Valiant|Close Combat|p2a: Serperior\n|-damage|p2a: Serperior|0 fnt\n|-unboost|p1a: Iron Valiant|def|1\n|-unboost|p1a: Iron Valiant|spd|1\n|faint|p2a: Serperior\n|\n|upkeep\n|\n|t:|1771254582\n|switch|p2a: Okidogi|Okidogi, M|100/100\n|turn|15\n|\n|t:|1771254588\n|-zpower|p1a: Iron Valiant\n|move|p1a: Iron Valiant|Shattered Psyche|p2a: Okidogi|[zeffect]\n|-supereffective|p2a: Okidogi\n|-damage|p2a: Okidogi|0 fnt\n|faint|p2a: Okidogi\n|\n|upkeep\n|\n|t:|1771254593\n|switch|p2a: Ceruledge|Ceruledge, M|100/100\n|turn|16\n|\n|t:|1771254606\n|-end|p1a: Iron Valiant|Quark Drive|[silent]\n|switch|p1a: Ting-Lu|Ting-Lu|100/100\n|-damage|p1a: Ting-Lu|94/100|[from] Stealth Rock\n|-ability|p1a: Ting-Lu|Vessel of Ruin\n|move|p2a: Ceruledge|Bitter Blade|p1a: Ting-Lu\n|-damage|p1a: Ting-Lu|67/100\n|\n|-heal|p1a: Ting-Lu|73/100|[from] item: Leftovers\n|upkeep\n|turn|17\n|\n|t:|1771254613\n|move|p2a: Ceruledge|Swords Dance|p2a: Ceruledge\n|-boost|p2a: Ceruledge|atk|2\n|move|p1a: Ting-Lu|Earthquake|p2a: Ceruledge\n|-supereffective|p2a: Ceruledge\n|-enditem|p2a: Ceruledge|Focus Sash\n|-damage|p2a: Ceruledge|1/100\n|-ability|p2a: Ceruledge|Weak Armor|boost\n|-unboost|p2a: Ceruledge|def|1\n|-boost|p2a: Ceruledge|spe|2\n|\n|-heal|p1a: Ting-Lu|80/100|[from] item: Leftovers\n|-fieldend|move: Electric Terrain\n|upkeep\n|turn|18\n|\n|t:|1771254618\n|move|p2a: Ceruledge|Bitter Blade|p1a: Ting-Lu\n|-damage|p1a: Ting-Lu|33/100\n|-heal|p2a: Ceruledge|42/100|[from] drain|[of] p1a: Ting-Lu\n|move|p1a: Ting-Lu|Earthquake|p2a: Ceruledge\n|-supereffective|p2a: Ceruledge\n|-damage|p2a: Ceruledge|0 fnt\n|faint|p2a: Ceruledge\n|\n|-heal|p1a: Ting-Lu|39/100|[from] item: Leftovers\n|upkeep\n|\n|t:|1771254621\n|switch|p2a: Gyarados|Gyarados-Mega, M|100/100\n|-ability|p2a: Gyarados|Mold Breaker\n|turn|19\n|\n|t:|1771254630\n|move|p2a: Gyarados|Dragon Dance|p2a: Gyarados\n|-boost|p2a: Gyarados|atk|1\n|-boost|p2a: Gyarados|spe|1\n|move|p1a: Ting-Lu|Earthquake|p2a: Gyarados\n|-damage|p2a: Gyarados|63/100\n|\n|-heal|p1a: Ting-Lu|45/100|[from] item: Leftovers\n|upkeep\n|turn|20\n|\n|t:|1771254634\n|move|p2a: Gyarados|Waterfall|p1a: Ting-Lu\n|-supereffective|p1a: Ting-Lu\n|-crit|p1a: Ting-Lu\n|-damage|p1a: Ting-Lu|0 fnt\n|faint|p1a: Ting-Lu\n|\n|upkeep\n|\n|t:|1771254639\n|switch|p1a: Slowbro|Slowbro, M|43/100\n|-damage|p1a: Slowbro|31/100|[from] Stealth Rock\n|turn|21\n|\n|t:|1771254643\n|switch|p1a: Tornadus|Tornadus-Therian, M|100/100 par\n|move|p2a: Gyarados|Crunch|p1a: Tornadus\n|-damage|p1a: Tornadus|25/100 par\n|\n|upkeep\n|turn|22\n|\n|t:|1771254647\n|move|p2a: Gyarados|Crunch|p1a: Tornadus\n|-damage|p1a: Tornadus|0 fnt\n|faint|p1a: Tornadus\n|\n|upkeep\n|\n|t:|1771254656\n|switch|p1a: Slowbro|Slowbro, M|64/100\n|-damage|p1a: Slowbro|52/100|[from] Stealth Rock\n|turn|23\n|\n|t:|1771254658\n|move|p2a: Gyarados|Crunch|p1a: Slowbro\n|-supereffective|p1a: Slowbro\n|-damage|p1a: Slowbro|0 fnt\n|-damage|p2a: Gyarados|46/100|[from] item: Rocky Helmet|[of] p1a: Slowbro\n|faint|p1a: Slowbro\n|\n|upkeep\n|\n|t:|1771254661\n|switch|p1a: Iron Valiant|Iron Valiant, shiny|94/100\n|-damage|p1a: Iron Valiant|88/100|[from] Stealth Rock\n|turn|24\n|\n|t:|1771254663\n|move|p2a: Gyarados|Waterfall|p1a: Iron Valiant\n|-damage|p1a: Iron Valiant|0 fnt\n|faint|p1a: Iron Valiant\n|-end|p1a: Iron Valiant|Quark Drive|[silent]\n|\n|win|he898\n|raw|Oddalex's rating: 1662 &rarr; <strong>1637</strong><br />(-25 for losing)\n|raw|he898's rating: 1569 &rarr; <strong>1594</strong><br />(+25 for winning)\n|l|‽Oddalex\n|player|p1|\n|c|☆he898|gg\n|l|☆he898\n|player|p2|\n", "uploadtime": 1771254911, "views": 4, "formatid": "gen9nationaldex", "rating": 1594, "private": 0, "password": null}