{"id": "gen9nationaldex-2540619795", "format": "[Gen 9] National Dex", "players": ["Conno2429", "WangShixiong"], "log": "|j|☆Conno2429\n|j|‽WangShixiong\n|t:|1771228567\n|gametype|singles\n|player|p1|Conno2429|steven|1644\n|player|p2|WangShixiong|cynthia-gen4|1855\n|gen|9\n|tier|[Gen 9] National Dex\n|rated|\n|rule|HP Percentage Mod: HP is shown in percentages\n|rule|Endless Battle Clause: Forcing endless battles is banned\n|rule|Species Clause: Limit one of each Pokémon\n|rule|OHKO Clause: OHKO moves are banned\n|rule|Evasion Clause: Evasion abilities, items, and moves are banned\n|rule|Evasion Abilities Clause: Evasion abilities are banned\n|rule|Evasion Items Clause: Evasion items are banned\n|rule|Evasion Moves Clause: Evasion moves are banned\n|rule|Sleep Clause Mod: Limit one foe put to sleep\n|rule|Terastal Clause: You cannot Terastallize\n|clearpoke\n|poke|p1|Pelipper, F|\n|poke|p1|Swampert, M|\n|poke|p1|Zapdos|\n|poke|p1|Archaludon, M|\n|poke|p1|Iron Treads|\n|poke|p1|Azumarill, M|\n|poke|p2|Zamazenta-*|\n|poke|p2|Kingambit, M|\n|poke|p2|Ceruledge, M|\n|poke|p2|Landorus-Therian, M|\n|poke|p2|Diancie|\n|poke|p2|Ogerpon-Wellspring, F|\n|teampreview\n|inactive|Battle timer is ON: inactive players will automatically lose when time's up. (requested by WangShixiong)\n|\n|t:|1771228580\n|teamsize|p1|6\n|teamsize|p2|6\n|start\n|switch|p1a: Archaludon|Archaludon, M|100/100\n|switch|p2a: Landorus|Landorus-Therian, M|100/100\n|-ability|p2a: Landorus|Intimidate|boost\n|-unboost|p1a: Archaludon|atk|1\n|turn|1\n|\n|t:|1771228584\n|switch|p1a: Pelipper|Pelipper, F|100/100\n|-weather|RainDance|[from] ability: Drizzle|[of] p1a: Pelipper\n|move|p2a: Landorus|Stealth Rock|p1a: Pelipper\n|-sidestart|p1: Conno2429|move: Stealth Rock\n|\n|-weather|RainDance|[upkeep]\n|upkeep\n|turn|2\n|\n|t:|1771228587\n|switch|p1a: Zapdos|Zapdos|100/100\n|move|p2a: Landorus|Explosion|p1a: Zapdos\n|-damage|p1a: Zapdos|43/100\n|faint|p2a: Landorus\n|\n|-weather|RainDance|[upkeep]\n|upkeep\n|\n|t:|1771228591\n|switch|p2a: Diancie|Diancie, shiny|100/100\n|turn|3\n|\n|t:|1771228593\n|switch|p1a: Swampert|Swampert, M|100/100\n|-damage|p1a: Swampert|94/100|[from] Stealth Rock\n|detailschange|p2a: Diancie|Diancie-Mega, shiny\n|-mega|p2a: Diancie|Diancie|Diancite\n|move|p2a: Diancie|Moonblast|p1a: Swampert\n|-damage|p1a: Swampert|32/100\n|\n|-weather|RainDance|[upkeep]\n|upkeep\n|turn|4\n|\n|t:|1771228598\n|switch|p2a: Kingambit|Kingambit, M|100/100\n|-activate|p2a: Kingambit|ability: Supreme Overlord\n|-start|p2a: Kingambit|fallen1|[silent]\n|-item|p2a: Kingambit|Air Balloon\n|detailschange|p1a: Swampert|Swampert-Mega, M\n|-mega|p1a: Swampert|Swampert|Swampertite\n|move|p1a: Swampert|Earthquake|p2a: Kingambit\n|-immune|p2a: Kingambit\n|\n|-weather|RainDance|[upkeep]\n|upkeep\n|turn|5\n|\n|t:|1771228602\n|move|p2a: Kingambit|Sucker Punch|p1a: Swampert\n|-damage|p1a: Swampert|0 fnt\n|faint|p1a: Swampert\n|detailschange|p1: Swampert|Swampert, M|[silent]\n|\n|-weather|RainDance|[upkeep]\n|upkeep\n|\n|t:|1771228604\n|switch|p1a: Archaludon|Archaludon, M|100/100\n|-damage|p1a: Archaludon|94/100|[from] Stealth Rock\n|turn|6\n|\n|t:|1771228607\n|-end|p2a: Kingambit|fallen1|[silent]\n|switch|p2a: Ceruledge|Ceruledge, M|100/100\n|move|p1a: Archaludon|Aura Sphere|p2a: Ceruledge\n|-immune|p2a: Ceruledge\n|\n|-weather|RainDance|[upkeep]\n|upkeep\n|turn|7\n|\n|t:|1771228609\n|move|p1a: Archaludon|Electro Shot||[still]\n|-prepare|p1a: Archaludon|Electro Shot\n|-boost|p1a: Archaludon|spa|1\n|-anim|p1a: Archaludon|Electro Shot|p2a: Ceruledge\n|-crit|p2a: Ceruledge\n|-damage|p2a: Ceruledge|0 fnt\n|faint|p2a: Ceruledge\n|\n|-weather|RainDance|[upkeep]\n|upkeep\n|\n|t:|1771228613\n|switch|p2a: Diancie|Diancie-Mega, shiny|100/100\n|turn|8\n|\n|t:|1771228617\n|move|p2a: Diancie|Earth Power|p1a: Archaludon\n|-supereffective|p1a: Archaludon\n|-damage|p1a: Archaludon|0 fnt\n|faint|p1a: Archaludon\n|\n|-weather|none\n|upkeep\n|-message|Conno2429 forfeited.\n|\n|win|WangShixiong\n|raw|Conno2429's rating: 1644 &rarr; <strong>1635</strong><br />(-9 for losing)\n|raw|WangShixiong's rating: 1855 &rarr; <strong>1864</strong><br />(+9 for winning)\n|l|☆Conno2429\n|player|p1|\n|l|‽WangShixiong\n|player|p2|\n|j|‽WangShixiong\n|player|p2|WangShixiong|cynthia-gen4|\n", "uploadtime": 1771228646, "views": 11, "formatid": "gen9nationaldex", "rating": 1635, "private": 0, "password": null}