{"id": "gen9nationaldex-2540715170", "format": "[Gen 9] National Dex", "players": ["kidd0s2", "jjznb2"], "log": "|j|☆kidd0s2\n|j|☆jjznb2\n|t:|1771244782\n|gametype|singles\n|player|p1|kidd0s2|channeler-gen3|1638\n|player|p2|jjznb2|hilda|1837\n|gen|9\n|tier|[Gen 9] National Dex\n|rated|\n|rule|HP Percentage Mod: HP is shown in percentages\n|rule|Endless Battle Clause: Forcing endless battles is banned\n|rule|Species Clause: Limit one of each Pokémon\n|rule|OHKO Clause: OHKO moves are banned\n|rule|Evasion Clause: Evasion abilities, items, and moves are banned\n|rule|Evasion Abilities Clause: Evasion abilities are banned\n|rule|Evasion Items Clause: Evasion items are banned\n|rule|Evasion Moves Clause: Evasion moves are banned\n|rule|Sleep Clause Mod: Limit one foe put to sleep\n|rule|Terastal Clause: You cannot Terastallize\n|clearpoke\n|poke|p1|Sableye, M|\n|poke|p1|Tornadus-Therian, M|\n|poke|p1|Clodsire, F|\n|poke|p1|Dondozo, M|\n|poke|p1|Corviknight, F|\n|poke|p1|Chansey, F|\n|poke|p2|Pinsir, M|\n|poke|p2|Magnezone|\n|poke|p2|Corviknight, M|\n|poke|p2|Landorus-Therian, M|\n|poke|p2|Rotom-Heat|\n|poke|p2|Alomomola, M|\n|teampreview\n|\n|t:|1771244805\n|teamsize|p1|6\n|teamsize|p2|6\n|start\n|switch|p1a: Sableye|Sableye, M|100/100\n|switch|p2a: Rotom|Rotom-Heat|100/100\n|turn|1\n|\n|t:|1771244814\n|detailschange|p1a: Sableye|Sableye-Mega, M\n|-mega|p1a: Sableye|Sableye|Sablenite\n|move|p1a: Sableye|Protect|p1a: Sableye\n|-singleturn|p1a: Sableye|Protect\n|move|p2a: Rotom|Volt Switch|p1a: Sableye\n|-activate|p1a: Sableye|move: Protect\n|\n|upkeep\n|turn|2\n|\n|t:|1771244821\n|move|p2a: Rotom|Volt Switch|p1a: Sableye\n|-damage|p1a: Sableye|76/100\n|\n|t:|1771244824\n|switch|p2a: Alomomola|Alomomola, M|100/100|[from] Volt Switch\n|move|p1a: Sableye|Knock Off|p2a: Alomomola\n|-damage|p2a: Alomomola|81/100\n|-enditem|p2a: Alomomola|Assault Vest|[from] move: Knock Off|[of] p1a: Sableye\n|\n|upkeep\n|turn|3\n|\n|t:|1771244836\n|move|p2a: Alomomola|Flip Turn|p1a: Sableye\n|-damage|p1a: Sableye|65/100\n|\n|t:|1771244838\n|switch|p2a: Magnezone|Magnezone|100/100|[from] Flip Turn\n|move|p1a: Sableye|Will-O-Wisp|p2a: Magnezone\n|-status|p2a: Magnezone|brn\n|\n|-damage|p2a: Magnezone|94/100 brn|[from] brn\n|upkeep\n|turn|4\n|\n|t:|1771244843\n|switch|p2a: Landorus|Landorus-Therian, M|100/100\n|-ability|p2a: Landorus|Intimidate|boost\n|-unboost|p1a: Sableye|atk|1\n|move|p1a: Sableye|Protect||[still]\n|-fail|p1a: Sableye\n|\n|upkeep\n|turn|5\n|\n|t:|1771244847\n|move|p2a: Landorus|U-turn|p1a: Sableye\n|-damage|p1a: Sableye|46/100\n|\n|t:|1771244860\n|switch|p2a: Rotom|Rotom-Heat|100/100|[from] U-turn\n|move|p1a: Sableye|Recover|p1a: Sableye\n|-heal|p1a: Sableye|96/100\n|\n|upkeep\n|turn|6\n|\n|t:|1771244867\n|switch|p1a: Clodsire|Clodsire, F|100/100\n|move|p2a: Rotom|Volt Switch|p1a: Clodsire\n|-immune|p1a: Clodsire\n|\n|upkeep\n|turn|7\n|\n|t:|1771244872\n|switch|p2a: Corviknight|Corviknight, M|100/100\n|-ability|p2a: Corviknight|Pressure\n|switch|p1a: Tornadus|Tornadus-Therian, M|100/100\n|\n|upkeep\n|turn|8\n|\n|t:|1771244878\n|switch|p2a: Alomomola|Alomomola, M|100/100\n|move|p1a: Tornadus|Heat Wave|p2a: Alomomola\n|-resisted|p2a: Alomomola\n|-damage|p2a: Alomomola|89/100\n|\n|upkeep\n|turn|9\n|\n|t:|1771244884\n|move|p1a: Tornadus|Nasty Plot|p1a: Tornadus\n|-boost|p1a: Tornadus|spa|2\n|move|p2a: Alomomola|Flip Turn|p1a: Tornadus\n|-damage|p1a: Tornadus|77/100\n|\n|t:|1771244889\n|switch|p2a: Rotom|Rotom-Heat|100/100|[from] Flip Turn\n|\n|upkeep\n|turn|10\n|\n|t:|1771244894\n|switch|p1a: Clodsire|Clodsire, F|100/100\n|move|p2a: Rotom|Volt Switch|p1a: Clodsire\n|-immune|p1a: Clodsire\n|\n|upkeep\n|turn|11\n|\n|t:|1771244902\n|switch|p2a: Corviknight|Corviknight, M|100/100\n|-ability|p2a: Corviknight|Pressure\n|switch|p1a: Tornadus|Tornadus-Therian, M|100/100\n|\n|upkeep\n|turn|12\n|\n|t:|1771244909\n|switch|p2a: Alomomola|Alomomola, M|100/100\n|move|p1a: Tornadus|Nasty Plot|p1a: Tornadus\n|-boost|p1a: Tornadus|spa|2\n|\n|upkeep\n|turn|13\n|\n|t:|1771244913\n|-zpower|p1a: Tornadus\n|move|p1a: Tornadus|Supersonic Skystrike|p2a: Alomomola|[zeffect]\n|-damage|p2a: Alomomola|0 fnt\n|faint|p2a: Alomomola\n|\n|upkeep\n|\n|t:|1771244924\n|switch|p2a: Magnezone|Magnezone|94/100 brn\n|turn|14\n|\n|t:|1771244937\n|switch|p2a: Rotom|Rotom-Heat|100/100\n|move|p1a: Tornadus|Heat Wave|p2a: Rotom\n|-resisted|p2a: Rotom\n|-damage|p2a: Rotom|77/100\n|\n|upkeep\n|turn|15\n|\n|t:|1771244961\n|switch|p1a: Clodsire|Clodsire, F|100/100\n|move|p2a: Rotom|Will-O-Wisp|p1a: Clodsire\n|-status|p1a: Clodsire|brn\n|\n|-damage|p1a: Clodsire|94/100 brn|[from] brn\n|upkeep\n|turn|16\n|\n|t:|1771244969\n|switch|p2a: Corviknight|Corviknight, M|100/100\n|-ability|p2a: Corviknight|Pressure\n|move|p1a: Clodsire|Spikes|p2a: Corviknight\n|-sidestart|p2: jjznb2|Spikes\n|\n|-damage|p1a: Clodsire|88/100 brn|[from] brn\n|upkeep\n|turn|17\n|\n|t:|1771244973\n|switch|p1a: Sableye|Sableye-Mega, M|96/100\n|move|p2a: Corviknight|Defog|p1a: Sableye\n|move|p1a: Sableye|Defog|p2a: Corviknight|[from] ability: Magic Bounce\n|-unboost|p2a: Corviknight|evasion|1\n|-sideend|p2: jjznb2|Spikes|[from] move: Defog|[of] p1a: Sableye\n|\n|upkeep\n|turn|18\n|\n|t:|1771244979\n|move|p2a: Corviknight|U-turn|p1a: Sableye\n|-damage|p1a: Sableye|86/100\n|\n|t:|1771244985\n|switch|p2a: Magnezone|Magnezone|94/100 brn|[from] U-turn\n|move|p1a: Sableye|Knock Off|p2a: Magnezone\n|-damage|p2a: Magnezone|64/100 brn\n|-enditem|p2a: Magnezone|Choice Specs|[from] move: Knock Off|[of] p1a: Sableye\n|\n|-damage|p2a: Magnezone|58/100 brn|[from] brn\n|upkeep\n|turn|19\n|\n|t:|1771244995\n|switch|p2a: Landorus|Landorus-Therian, M|100/100\n|-ability|p2a: Landorus|Intimidate|boost\n|-unboost|p1a: Sableye|atk|1\n|switch|p1a: Chansey|Chansey, F|100/100\n|\n|upkeep\n|turn|20\n|\n|t:|1771245002\n|move|p2a: Landorus|Swords Dance|p2a: Landorus\n|-boost|p2a: Landorus|atk|2\n|move|p1a: Chansey|Toxic|p2a: Landorus\n|-status|p2a: Landorus|tox\n|\n|-damage|p2a: Landorus|95/100 tox|[from] psn\n|upkeep\n|turn|21\n|\n|t:|1771245007\n|switch|p1a: Dondozo|Dondozo, M|100/100\n|move|p2a: Landorus|U-turn|p1a: Dondozo\n|-damage|p1a: Dondozo|89/100\n|\n|t:|1771245011\n|switch|p2a: Pinsir|Pinsir, M|100/100|[from] U-turn\n|\n|upkeep\n|turn|22\n|\n|t:|1771245015\n|switch|p2a: Magnezone|Magnezone|58/100 brn\n|move|p1a: Dondozo|Waterfall|p2a: Magnezone\n|-damage|p2a: Magnezone|30/100 brn\n|\n|-damage|p2a: Magnezone|24/100 brn|[from] brn\n|upkeep\n|turn|23\n|-message|jjznb2 forfeited.\n|\n|win|kidd0s2\n|raw|kidd0s2's rating: 1638 &rarr; <strong>1668</strong><br />(+30 for winning)\n|raw|jjznb2's rating: 1837 &rarr; <strong>1807</strong><br />(-30 for losing)\n|l|☆jjznb2\n|player|p2|\n", "uploadtime": 1771245065, "views": 4, "formatid": "gen9nationaldex", "rating": 1668, "private": 0, "password": null}