{"id": "gen9nationaldex-2540741667", "format": "[Gen 9] National Dex", "players": ["adjudicate", "AgencyBlundAMD"], "log": "|j|☆adjudicate\n|j|‽AgencyBlundAMD\n|t:|1771248488\n|gametype|singles\n|player|p1|adjudicate|linebacker|1670\n|player|p2|AgencyBlundAMD|artist-gen4|1647\n|gen|9\n|tier|[Gen 9] National Dex\n|rated|\n|rule|HP Percentage Mod: HP is shown in percentages\n|rule|Endless Battle Clause: Forcing endless battles is banned\n|rule|Species Clause: Limit one of each Pokémon\n|rule|OHKO Clause: OHKO moves are banned\n|rule|Evasion Clause: Evasion abilities, items, and moves are banned\n|rule|Evasion Abilities Clause: Evasion abilities are banned\n|rule|Evasion Items Clause: Evasion items are banned\n|rule|Evasion Moves Clause: Evasion moves are banned\n|rule|Sleep Clause Mod: Limit one foe put to sleep\n|rule|Terastal Clause: You cannot Terastallize\n|clearpoke\n|poke|p1|Mawile, M|\n|poke|p1|Iron Valiant|\n|poke|p1|Zapdos|\n|poke|p1|Tornadus-Therian, M|\n|poke|p1|Kingambit, M|\n|poke|p1|Swampert, M|\n|poke|p2|Alomomola, F|\n|poke|p2|Garchomp, F|\n|poke|p2|Nidoking, M|\n|poke|p2|Ribombee, M|\n|poke|p2|Ting-Lu|\n|poke|p2|Gholdengo|\n|teampreview\n|inactive|Battle timer is ON: inactive players will automatically lose when time's up. (requested by adjudicate)\n|j| corvipelon\n|\n|t:|1771248512\n|teamsize|p1|6\n|teamsize|p2|6\n|start\n|switch|p1a: Swampert|Swampert, M|100/100\n|switch|p2a: Ribombee|Ribombee, M|100/100\n|turn|1\n|\n|t:|1771248519\n|move|p2a: Ribombee|Sticky Web|p1a: Swampert\n|-sidestart|p1: adjudicate|move: Sticky Web\n|move|p1a: Swampert|Stealth Rock|p2a: Ribombee\n|-sidestart|p2: AgencyBlundAMD|move: Stealth Rock\n|\n|upkeep\n|turn|2\n|\n|t:|1771248526\n|move|p2a: Ribombee|Stun Spore|p1a: Swampert\n|-status|p1a: Swampert|par\n|move|p1a: Swampert|Flip Turn|p2a: Ribombee\n|-damage|p2a: Ribombee|40/100\n|\n|t:|1771248536\n|switch|p1a: Zapdos|Zapdos|100/100|[from] Flip Turn\n|\n|upkeep\n|turn|3\n|\n|t:|1771248542\n|switch|p1a: Swampert|Swampert, M|100/100 par\n|-activate|p1a: Swampert|move: Sticky Web\n|-unboost|p1a: Swampert|spe|1\n|move|p2a: Ribombee|Moonblast|p1a: Swampert\n|-damage|p1a: Swampert|65/100 par\n|\n|upkeep\n|turn|4\n|\n|t:|1771248552\n|move|p2a: Ribombee|Moonblast|p1a: Swampert\n|-damage|p1a: Swampert|30/100 par\n|cant|p1a: Swampert|par\n|\n|upkeep\n|turn|5\n|\n|t:|1771248562\n|switch|p1a: Mawile|Mawile, M|100/100\n|-activate|p1a: Mawile|move: Sticky Web\n|-unboost|p1a: Mawile|spe|1\n|-ability|p1a: Mawile|Intimidate|boost\n|-unboost|p2a: Ribombee|atk|1\n|move|p2a: Ribombee|Moonblast|p1a: Mawile\n|-resisted|p1a: Mawile\n|-damage|p1a: Mawile|60/100\n|\n|upkeep\n|turn|6\n|\n|t:|1771248578\n|detailschange|p1a: Mawile|Mawile-Mega, M\n|-mega|p1a: Mawile|Mawile|Mawilite\n|move|p2a: Ribombee|Skill Swap|p1a: Mawile\n|-activate|p2a: Ribombee|Skill Swap|p1a: Mawile|[ability] Huge Power|[ability2] Sweet Veil\n|move|p1a: Mawile|Fire Fang|p2a: Ribombee\n|-supereffective|p2a: Ribombee\n|-damage|p2a: Ribombee|0 fnt\n|faint|p2a: Ribombee\n|\n|upkeep\n|\n|t:|1771248591\n|switch|p2a: Nidoking|Nidoking, M|100/100\n|-damage|p2a: Nidoking|95/100|[from] Stealth Rock\n|turn|7\n|\n|t:|1771248599\n|switch|p1a: Swampert|Swampert, M|30/100 par\n|-activate|p1a: Swampert|move: Sticky Web\n|-unboost|p1a: Swampert|spe|1\n|move|p2a: Nidoking|Thunderbolt|p1a: Swampert\n|-immune|p1a: Swampert\n|\n|upkeep\n|turn|8\n|\n|t:|1771248607\n|move|p2a: Nidoking|Ice Beam|p1a: Swampert\n|-damage|p1a: Swampert|0 fnt\n|faint|p1a: Swampert\n|\n|upkeep\n|\n|t:|1771248610\n|switch|p1a: Tornadus|Tornadus-Therian, M|100/100\n|turn|9\n|\n|t:|1771248617\n|switch|p2a: Gholdengo|Gholdengo|100/100\n|-damage|p2a: Gholdengo|95/100|[from] Stealth Rock\n|move|p1a: Tornadus|Substitute|p1a: Tornadus\n|-start|p1a: Tornadus|Substitute\n|-damage|p1a: Tornadus|76/100\n|\n|upkeep\n|turn|10\n|\n|t:|1771248639\n|move|p2a: Gholdengo|Power Gem|p1a: Tornadus\n|-supereffective|p1a: Tornadus\n|-crit|p1a: Tornadus\n|-end|p1a: Tornadus|Substitute\n|move|p1a: Tornadus|Bleakwind Storm|p2a: Gholdengo\n|-resisted|p2a: Gholdengo\n|-damage|p2a: Gholdengo|69/100\n|\n|upkeep\n|turn|11\n|\n|t:|1771248650\n|switch|p2a: Alomomola|Alomomola, F|100/100\n|-damage|p2a: Alomomola|88/100|[from] Stealth Rock\n|switch|p1a: Mawile|Mawile-Mega, M|60/100\n|-activate|p1a: Mawile|move: Sticky Web\n|-unboost|p1a: Mawile|spe|1\n|\n|upkeep\n|turn|12\n|inactive|adjudicate has 120 seconds left.\n|\n|t:|1771248685\n|move|p2a: Alomomola|Flip Turn|p1a: Mawile\n|-damage|p1a: Mawile|42/100\n|\n|t:|1771248692\n|switch|p2a: Gholdengo|Gholdengo|69/100|[from] Flip Turn\n|-damage|p2a: Gholdengo|63/100|[from] Stealth Rock\n|move|p1a: Mawile|Play Rough|p2a: Gholdengo\n|-resisted|p2a: Gholdengo\n|-damage|p2a: Gholdengo|12/100\n|\n|upkeep\n|turn|13\n|inactive|adjudicate has 120 seconds left.\n|\n|t:|1771248697\n|move|p1a: Mawile|Sucker Punch|p2a: Gholdengo\n|-supereffective|p2a: Gholdengo\n|-crit|p2a: Gholdengo\n|-damage|p2a: Gholdengo|0 fnt\n|faint|p2a: Gholdengo\n|\n|upkeep\n|\n|t:|1771248702\n|switch|p2a: Nidoking|Nidoking, M|95/100\n|-damage|p2a: Nidoking|89/100|[from] Stealth Rock\n|turn|14\n|\n|t:|1771248707\n|move|p1a: Mawile|Sucker Punch|p2a: Nidoking\n|-damage|p2a: Nidoking|28/100\n|move|p2a: Nidoking|Thunderbolt|p1a: Mawile\n|-damage|p1a: Mawile|0 fnt\n|faint|p1a: Mawile\n|detailschange|p1: Mawile|Mawile, M|[silent]\n|\n|upkeep\n|inactive|adjudicate has 120 seconds left.\n|\n|t:|1771248727\n|switch|p1a: Tornadus|Tornadus-Therian, M|100/100\n|turn|15\n|inactive|adjudicate has 120 seconds left.\n|\n|t:|1771248745\n|move|p1a: Tornadus|Substitute|p1a: Tornadus\n|-start|p1a: Tornadus|Substitute\n|-damage|p1a: Tornadus|76/100\n|move|p2a: Nidoking|Thunderbolt|p1a: Tornadus\n|-supereffective|p1a: Tornadus\n|-crit|p1a: Tornadus\n|-end|p1a: Tornadus|Substitute\n|\n|upkeep\n|turn|16\n|inactive|adjudicate has 120 seconds left.\n|\n|t:|1771248764\n|move|p1a: Tornadus|Bleakwind Storm|p2a: Nidoking|[miss]\n|-miss|p1a: Tornadus|p2a: Nidoking\n|move|p2a: Nidoking|Thunderbolt|p1a: Tornadus\n|-supereffective|p1a: Tornadus\n|-damage|p1a: Tornadus|0 fnt\n|faint|p1a: Tornadus\n|\n|upkeep\n|\n|t:|1771248769\n|switch|p1a: Zapdos|Zapdos|100/100\n|turn|17\n|\n|t:|1771248773\n|move|p1a: Zapdos|Hidden Power|p2a: Nidoking\n|-supereffective|p2a: Nidoking\n|-damage|p2a: Nidoking|0 fnt\n|faint|p2a: Nidoking\n|\n|upkeep\n|\n|t:|1771248779\n|switch|p2a: Ting-Lu|Ting-Lu|100/100\n|-damage|p2a: Ting-Lu|94/100|[from] Stealth Rock\n|-ability|p2a: Ting-Lu|Vessel of Ruin\n|turn|18\n|\n|t:|1771248790\n|move|p1a: Zapdos|Hidden Power|p2a: Ting-Lu\n|-supereffective|p2a: Ting-Lu\n|-damage|p2a: Ting-Lu|72/100\n|move|p2a: Ting-Lu|Ruination|p1a: Zapdos\n|-damage|p1a: Zapdos|51/100\n|\n|-heal|p2a: Ting-Lu|79/100|[from] item: Leftovers\n|upkeep\n|turn|19\n|\n|t:|1771248796\n|move|p1a: Zapdos|Hidden Power|p2a: Ting-Lu\n|-supereffective|p2a: Ting-Lu\n|-damage|p2a: Ting-Lu|59/100\n|move|p2a: Ting-Lu|Stealth Rock|p1a: Zapdos\n|-sidestart|p1: adjudicate|move: Stealth Rock\n|\n|-heal|p2a: Ting-Lu|65/100|[from] item: Leftovers\n|upkeep\n|turn|20\n|\n|t:|1771248800\n|move|p1a: Zapdos|Hidden Power|p2a: Ting-Lu\n|-supereffective|p2a: Ting-Lu\n|-damage|p2a: Ting-Lu|43/100\n|move|p2a: Ting-Lu|Ruination|p1a: Zapdos\n|-damage|p1a: Zapdos|26/100\n|\n|-heal|p2a: Ting-Lu|49/100|[from] item: Leftovers\n|upkeep\n|turn|21\n|inactive|adjudicate has 120 seconds left.\n|\n|t:|1771248830\n|move|p1a: Zapdos|Hidden Power|p2a: Ting-Lu\n|-supereffective|p2a: Ting-Lu\n|-damage|p2a: Ting-Lu|27/100\n|move|p2a: Ting-Lu|Whirlwind|p1a: Zapdos\n|drag|p1a: Iron Valiant|Iron Valiant|100/100\n|-activate|p1a: Iron Valiant|move: Sticky Web\n|-unboost|p1a: Iron Valiant|spe|1\n|-damage|p1a: Iron Valiant|94/100|[from] Stealth Rock\n|-enditem|p1a: Iron Valiant|Booster Energy\n|-activate|p1a: Iron Valiant|ability: Quark Drive|[fromitem]\n|-start|p1a: Iron Valiant|quarkdriveatk\n|\n|-heal|p2a: Ting-Lu|33/100|[from] item: Leftovers\n|upkeep\n|turn|22\n|\n|t:|1771248836\n|move|p1a: Iron Valiant|Spirit Break|p2a: Ting-Lu\n|-supereffective|p2a: Ting-Lu\n|-damage|p2a: Ting-Lu|0 fnt\n|faint|p2a: Ting-Lu\n|\n|upkeep\n|\n|t:|1771248847\n|switch|p2a: Alomomola|Alomomola, F|100/100\n|-damage|p2a: Alomomola|88/100|[from] Stealth Rock\n|turn|23\n|\n|t:|1771248857\n|move|p1a: Iron Valiant|Spirit Break|p2a: Alomomola\n|-damage|p2a: Alomomola|49/100\n|-unboost|p2a: Alomomola|spa|1\n|move|p2a: Alomomola|Flip Turn|p1a: Iron Valiant\n|-damage|p1a: Iron Valiant|74/100\n|\n|t:|1771248863\n|switch|p2a: Garchomp|Garchomp, F|100/100|[from] Flip Turn\n|-damage|p2a: Garchomp|94/100|[from] Stealth Rock\n|\n|upkeep\n|turn|24\n|\n|t:|1771248868\n|move|p2a: Garchomp|Earthquake|p1a: Iron Valiant\n|-damage|p1a: Iron Valiant|8/100\n|move|p1a: Iron Valiant|Spirit Break|p2a: Garchomp\n|-supereffective|p2a: Garchomp\n|-damage|p2a: Garchomp|0 fnt\n|-damage|p1a: Iron Valiant|0 fnt|[from] ability: Rough Skin|[of] p2a: Garchomp\n|faint|p2a: Garchomp\n|faint|p1a: Iron Valiant\n|-end|p1a: Iron Valiant|Quark Drive|[silent]\n|\n|upkeep\n|\n|t:|1771248877\n|switch|p1a: Kingambit|Kingambit, M|100/100\n|switch|p2a: Alomomola|Alomomola, F|82/100\n|-activate|p1a: Kingambit|move: Sticky Web\n|-unboost|p1a: Kingambit|spe|1\n|-damage|p1a: Kingambit|94/100|[from] Stealth Rock\n|-activate|p1a: Kingambit|ability: Supreme Overlord\n|-start|p1a: Kingambit|fallen4|[silent]\n|-damage|p2a: Alomomola|70/100|[from] Stealth Rock\n|turn|25\n|\n|t:|1771248880\n|move|p2a: Alomomola|Flip Turn|p1a: Kingambit\n|-damage|p1a: Kingambit|80/100\n|move|p1a: Kingambit|Knock Off|p2a: Alomomola\n|-damage|p2a: Alomomola|0 fnt\n|-enditem|p2a: Alomomola|Assault Vest|[from] move: Knock Off|[of] p1a: Kingambit\n|faint|p2a: Alomomola\n|\n|win|adjudicate\n|raw|adjudicate's rating: 1670 &rarr; <strong>1689</strong><br />(+19 for winning)\n|raw|AgencyBlundAMD's rating: 1647 &rarr; <strong>1628</strong><br />(-19 for losing)\n|l|‽AgencyBlundAMD\n|player|p2|\n|l|☆adjudicate\n|player|p1|\n|l| corvipelon\n", "uploadtime": 1771249143, "views": 6, "formatid": "gen9nationaldex", "rating": 1628, "private": 0, "password": null}