{"id": "gen9nationaldex-2540584316", "format": "[Gen 9] National Dex", "players": ["Sanskiller55", "Az4k4"], "log": "|j|☆Sanskiller55\n|j|☆Az4k4\n|t:|1771222008\n|gametype|singles\n|player|p1|Sanskiller55|acerola-masters|1506\n|player|p2|Az4k4|n|1588\n|gen|9\n|tier|[Gen 9] National Dex\n|rated|\n|rule|HP Percentage Mod: HP is shown in percentages\n|rule|Endless Battle Clause: Forcing endless battles is banned\n|rule|Species Clause: Limit one of each Pokémon\n|rule|OHKO Clause: OHKO moves are banned\n|rule|Evasion Clause: Evasion abilities, items, and moves are banned\n|rule|Evasion Abilities Clause: Evasion abilities are banned\n|rule|Evasion Items Clause: Evasion items are banned\n|rule|Evasion Moves Clause: Evasion moves are banned\n|rule|Sleep Clause Mod: Limit one foe put to sleep\n|rule|Terastal Clause: You cannot Terastallize\n|clearpoke\n|poke|p1|Charizard, F|\n|poke|p1|Great Tusk|\n|poke|p1|Raging Bolt|\n|poke|p1|Urshifu-*, F|\n|poke|p1|Leavanny, M|\n|poke|p1|Gholdengo|\n|poke|p2|Moltres|\n|poke|p2|Great Tusk|\n|poke|p2|Ferrothorn, M|\n|poke|p2|Altaria, F|\n|poke|p2|Greninja-*, M|\n|poke|p2|Hoopa-Unbound|\n|teampreview\n|inactive|Battle timer is ON: inactive players will automatically lose when time's up. (requested by Sanskiller55)\n|\n|t:|1771222012\n|teamsize|p1|6\n|teamsize|p2|6\n|start\n|switch|p1a: Bug Lady|Leavanny, M|100/100\n|switch|p2a: Great Tusk|Great Tusk|100/100\n|turn|1\n|\n|t:|1771222017\n|-end|p2a: Great Tusk|Protosynthesis|[silent]\n|switch|p2a: Ferrothorn|Ferrothorn, M|100/100\n|move|p1a: Bug Lady|Leaf Blade|p2a: Ferrothorn\n|-resisted|p2a: Ferrothorn\n|-damage|p2a: Ferrothorn|95/100\n|-damage|p1a: Bug Lady|88/100|[from] ability: Iron Barbs|[of] p2a: Ferrothorn\n|\n|-heal|p2a: Ferrothorn|100/100|[from] item: Leftovers\n|upkeep\n|turn|2\n|\n|t:|1771222022\n|move|p1a: Bug Lady|Sticky Web|p2a: Ferrothorn\n|-sidestart|p2: Az4k4|move: Sticky Web\n|move|p2a: Ferrothorn|Stealth Rock|p1a: Bug Lady\n|-sidestart|p1: Sanskiller55|move: Stealth Rock\n|\n|upkeep\n|turn|3\n|\n|t:|1771222025\n|move|p1a: Bug Lady|Knock Off|p2a: Ferrothorn\n|-damage|p2a: Ferrothorn|82/100\n|-damage|p1a: Bug Lady|76/100|[from] ability: Iron Barbs|[of] p2a: Ferrothorn\n|-enditem|p2a: Ferrothorn|Leftovers|[from] move: Knock Off|[of] p1a: Bug Lady\n|move|p2a: Ferrothorn|Iron Head|p1a: Bug Lady\n|-damage|p1a: Bug Lady|39/100\n|\n|upkeep\n|turn|4\n|\n|t:|1771222034\n|move|p1a: Bug Lady|Lunge|p2a: Ferrothorn\n|-damage|p2a: Ferrothorn|58/100\n|-unboost|p2a: Ferrothorn|atk|1\n|-damage|p1a: Bug Lady|27/100|[from] ability: Iron Barbs|[of] p2a: Ferrothorn\n|move|p2a: Ferrothorn|Iron Head|p1a: Bug Lady\n|-damage|p1a: Bug Lady|2/100\n|\n|upkeep\n|turn|5\n|\n|t:|1771222044\n|move|p1a: Bug Lady|Lunge|p2a: Ferrothorn\n|-damage|p2a: Ferrothorn|37/100\n|-unboost|p2a: Ferrothorn|atk|1\n|-damage|p1a: Bug Lady|0 fnt|[from] ability: Iron Barbs|[of] p2a: Ferrothorn\n|faint|p1a: Bug Lady\n|move|p2a: Ferrothorn|Iron Head|p1: Bug Lady|[notarget]\n|-fail|p2a: Ferrothorn\n|\n|upkeep\n|\n|t:|1771222047\n|switch|p1a: Big Tooth|Great Tusk|100/100\n|-damage|p1a: Big Tooth|97/100|[from] Stealth Rock\n|turn|6\n|\n|t:|1771222051\n|move|p1a: Big Tooth|Rapid Spin|p2a: Ferrothorn\n|-resisted|p2a: Ferrothorn\n|-damage|p2a: Ferrothorn|32/100\n|-boost|p1a: Big Tooth|spe|1\n|-damage|p1a: Big Tooth|85/100|[from] ability: Iron Barbs|[of] p2a: Ferrothorn\n|-sideend|p1: Sanskiller55|Stealth Rock|[from] move: Rapid Spin|[of] p1a: Big Tooth\n|move|p2a: Ferrothorn|Leech Seed|p1a: Big Tooth\n|-start|p1a: Big Tooth|move: Leech Seed\n|\n|-damage|p1a: Big Tooth|73/100|[from] Leech Seed|[of] p2a: Ferrothorn\n|-heal|p2a: Ferrothorn|46/100|[silent]\n|upkeep\n|turn|7\n|\n|t:|1771222063\n|switch|p2a: Moltres|Moltres|100/100\n|move|p1a: Big Tooth|Close Combat|p2a: Moltres\n|-resisted|p2a: Moltres\n|-damage|p2a: Moltres|80/100\n|-unboost|p1a: Big Tooth|def|1\n|-unboost|p1a: Big Tooth|spd|1\n|\n|-damage|p1a: Big Tooth|60/100|[from] Leech Seed|[of] p2a: Moltres\n|-heal|p2a: Moltres|93/100|[silent]\n|upkeep\n|turn|8\n|\n|t:|1771222072\n|-end|p1a: Big Tooth|Protosynthesis|[silent]\n|switch|p1a: Reg F Satan|Raging Bolt|100/100\n|move|p2a: Moltres|U-turn|p1a: Reg F Satan\n|-damage|p1a: Reg F Satan|88/100\n|\n|t:|1771222077\n|switch|p2a: Altaria|Altaria, F|100/100|[from] U-turn\n|-ability|p2a: Altaria|Cloud Nine\n|\n|upkeep\n|turn|9\n|\n|t:|1771222087\n|-end|p1a: Reg F Satan|Protosynthesis|[silent]\n|switch|p1a: Iron Bands|Gholdengo|100/100\n|-item|p1a: Iron Bands|Air Balloon\n|detailschange|p2a: Altaria|Altaria-Mega, F\n|-mega|p2a: Altaria|Altaria|Altarianite\n|move|p2a: Altaria|Flamethrower|p1a: Iron Bands\n|-supereffective|p1a: Iron Bands\n|-damage|p1a: Iron Bands|50/100\n|-enditem|p1a: Iron Bands|Air Balloon\n|\n|upkeep\n|turn|10\n|\n|t:|1771222101\n|switch|p2a: Hoopa|Hoopa-Unbound|100/100\n|-activate|p2a: Hoopa|move: Sticky Web\n|-unboost|p2a: Hoopa|spe|1\n|move|p1a: Iron Bands|Make It Rain|p2a: Hoopa\n|-damage|p2a: Hoopa|71/100\n|-unboost|p1a: Iron Bands|spa|1\n|\n|upkeep\n|turn|11\n|\n|t:|1771222109\n|switch|p1a: Big Tooth|Great Tusk|60/100\n|move|p2a: Hoopa|Psychic Noise|p1a: Big Tooth\n|-supereffective|p1a: Big Tooth\n|-damage|p1a: Big Tooth|0 fnt\n|faint|p1a: Big Tooth\n|-end|p1a: Big Tooth|Protosynthesis|[silent]\n|\n|upkeep\n|\n|t:|1771222111\n|switch|p1a: Vgc man|Urshifu-Rapid-Strike, F|100/100\n|turn|12\n|\n|t:|1771222115\n|switch|p2a: Ferrothorn|Ferrothorn, M|46/100\n|-activate|p2a: Ferrothorn|move: Sticky Web\n|-unboost|p2a: Ferrothorn|spe|1\n|move|p1a: Vgc man|U-turn|p2a: Ferrothorn\n|-damage|p2a: Ferrothorn|24/100\n|-damage|p1a: Vgc man|88/100|[from] ability: Iron Barbs|[of] p2a: Ferrothorn\n|\n|t:|1771222119\n|switch|p1a: Is a deadly laser|Charizard, F|100/100|[from] U-turn\n|\n|upkeep\n|turn|13\n|\n|t:|1771222124\n|detailschange|p1a: Is a deadly laser|Charizard-Mega-Y, F\n|-mega|p1a: Is a deadly laser|Charizard|Charizardite Y\n|-weather|SunnyDay|[from] ability: Drought|[of] p1a: Is a deadly laser\n|move|p1a: Is a deadly laser|Weather Ball|p2a: Ferrothorn\n|-supereffective|p2a: Ferrothorn\n|-damage|p2a: Ferrothorn|0 fnt\n|faint|p2a: Ferrothorn\n|\n|-weather|SunnyDay|[upkeep]\n|upkeep\n|\n|t:|1771222128\n|switch|p2a: Altaria|Altaria-Mega, F|100/100\n|-activate|p2a: Altaria|move: Sticky Web\n|-unboost|p2a: Altaria|spe|1\n|turn|14\n|\n|t:|1771222131\n|move|p1a: Is a deadly laser|Air Slash|p2a: Altaria\n|-damage|p2a: Altaria|64/100\n|move|p2a: Altaria|Toxic|p1a: Is a deadly laser\n|-status|p1a: Is a deadly laser|tox\n|\n|-weather|SunnyDay|[upkeep]\n|-damage|p1a: Is a deadly laser|94/100 tox|[from] psn\n|upkeep\n|turn|15\n|\n|t:|1771222139\n|move|p1a: Is a deadly laser|Air Slash|p2a: Altaria\n|-damage|p2a: Altaria|27/100\n|move|p2a: Altaria|Roost|p2a: Altaria\n|-heal|p2a: Altaria|77/100\n|-singleturn|p2a: Altaria|move: Roost\n|\n|-weather|SunnyDay|[upkeep]\n|-damage|p1a: Is a deadly laser|82/100 tox|[from] psn\n|upkeep\n|turn|16\n|\n|t:|1771222146\n|switch|p2a: Hoopa|Hoopa-Unbound|71/100\n|-activate|p2a: Hoopa|move: Sticky Web\n|-unboost|p2a: Hoopa|spe|1\n|move|p1a: Is a deadly laser|Air Slash|p2a: Hoopa\n|-damage|p2a: Hoopa|48/100\n|\n|-weather|SunnyDay|[upkeep]\n|-damage|p1a: Is a deadly laser|63/100 tox|[from] psn\n|upkeep\n|turn|17\n|\n|t:|1771222152\n|move|p1a: Is a deadly laser|Weather Ball|p2a: Hoopa\n|-damage|p2a: Hoopa|2/100\n|move|p2a: Hoopa|Knock Off|p1a: Is a deadly laser\n|-damage|p1a: Is a deadly laser|19/100 tox\n|\n|-weather|none\n|-damage|p1a: Is a deadly laser|0 fnt|[from] psn\n|faint|p1a: Is a deadly laser\n|detailschange|p1: Is a deadly laser|Charizard, F|[silent]\n|upkeep\n|\n|t:|1771222161\n|switch|p1a: Vgc man|Urshifu-Rapid-Strike, F|88/100\n|turn|18\n|\n|t:|1771222163\n|switch|p2a: Moltres|Moltres|93/100\n|move|p1a: Vgc man|Surging Strikes|p2a: Moltres\n|-supereffective|p2a: Moltres\n|-crit|p2a: Moltres\n|-damage|p2a: Moltres|54/100\n|-supereffective|p2a: Moltres\n|-crit|p2a: Moltres\n|-damage|p2a: Moltres|15/100\n|-supereffective|p2a: Moltres\n|-crit|p2a: Moltres\n|-damage|p2a: Moltres|0 fnt\n|faint|p2a: Moltres\n|-hitcount|p2: Moltres|3\n|\n|upkeep\n|\n|t:|1771222168\n|switch|p2a: Altaria|Altaria-Mega, F|77/100\n|-activate|p2a: Altaria|move: Sticky Web\n|-unboost|p2a: Altaria|spe|1\n|turn|19\n|\n|t:|1771222173\n|switch|p1a: Reg F Satan|Raging Bolt|88/100\n|move|p2a: Altaria|Flamethrower|p1a: Reg F Satan\n|-resisted|p1a: Reg F Satan\n|-damage|p1a: Reg F Satan|80/100\n|\n|upkeep\n|turn|20\n|\n|t:|1771222175\n|move|p1a: Reg F Satan|Volt Switch|p2a: Altaria\n|-resisted|p2a: Altaria\n|-damage|p2a: Altaria|61/100\n|\n|t:|1771222177\n|-end|p1a: Reg F Satan|Protosynthesis|[silent]\n|switch|p1a: Iron Bands|Gholdengo|50/100|[from] Volt Switch\n|move|p2a: Altaria|Hyper Voice|p1a: Iron Bands\n|-resisted|p1a: Iron Bands\n|-damage|p1a: Iron Bands|29/100\n|\n|upkeep\n|turn|21\n|\n|t:|1771222185\n|switch|p2a: Hoopa|Hoopa-Unbound|2/100\n|-activate|p2a: Hoopa|move: Sticky Web\n|-unboost|p2a: Hoopa|spe|1\n|move|p1a: Iron Bands|Make It Rain|p2a: Hoopa\n|-damage|p2a: Hoopa|0 fnt\n|-unboost|p1a: Iron Bands|spa|1\n|faint|p2a: Hoopa\n|\n|upkeep\n|\n|t:|1771222192\n|switch|p2a: Great Tusk|Great Tusk|100/100\n|-activate|p2a: Great Tusk|move: Sticky Web\n|-unboost|p2a: Great Tusk|spe|1\n|turn|22\n|\n|t:|1771222195\n|switch|p1a: Reg F Satan|Raging Bolt|80/100\n|move|p2a: Great Tusk|Headlong Rush|p1a: Reg F Satan\n|-supereffective|p1a: Reg F Satan\n|-damage|p1a: Reg F Satan|0 fnt\n|-unboost|p2a: Great Tusk|def|1\n|-unboost|p2a: Great Tusk|spd|1\n|faint|p1a: Reg F Satan\n|-end|p1a: Reg F Satan|Protosynthesis|[silent]\n|\n|upkeep\n|\n|t:|1771222198\n|switch|p1a: Vgc man|Urshifu-Rapid-Strike, F|88/100\n|turn|23\n|\n|t:|1771222205\n|-end|p2a: Great Tusk|Protosynthesis|[silent]\n|switch|p2a: Greninja|Greninja, M|100/100\n|-activate|p2a: Greninja|move: Sticky Web\n|-unboost|p2a: Greninja|spe|1\n|move|p1a: Vgc man|Surging Strikes|p2a: Greninja\n|-resisted|p2a: Greninja\n|-crit|p2a: Greninja\n|-damage|p2a: Greninja|78/100\n|-resisted|p2a: Greninja\n|-crit|p2a: Greninja\n|-damage|p2a: Greninja|57/100\n|-resisted|p2a: Greninja\n|-crit|p2a: Greninja\n|-damage|p2a: Greninja|32/100\n|-hitcount|p2a: Greninja|3\n|\n|upkeep\n|turn|24\n|\n|t:|1771222208\n|move|p2a: Greninja|Water Shuriken|p1a: Vgc man\n|-resisted|p1a: Vgc man\n|-damage|p1a: Vgc man|83/100\n|-resisted|p1a: Vgc man\n|-damage|p1a: Vgc man|78/100\n|-resisted|p1a: Vgc man\n|-damage|p1a: Vgc man|74/100\n|-hitcount|p1a: Vgc man|3\n|move|p1a: Vgc man|Surging Strikes|p2a: Greninja\n|-resisted|p2a: Greninja\n|-crit|p2a: Greninja\n|-damage|p2a: Greninja|10/100\n|-resisted|p2a: Greninja\n|-crit|p2a: Greninja\n|-damage|p2a: Greninja|0 fnt\n|faint|p2a: Greninja\n|-hitcount|p2: Greninja|2\n|\n|upkeep\n|\n|t:|1771222214\n|switch|p2a: Altaria|Altaria-Mega, F|61/100\n|-activate|p2a: Altaria|move: Sticky Web\n|-unboost|p2a: Altaria|spe|1\n|turn|25\n|\n|t:|1771222230\n|move|p1a: Vgc man|Surging Strikes|p2a: Altaria\n|-resisted|p2a: Altaria\n|-crit|p2a: Altaria\n|-damage|p2a: Altaria|49/100\n|-resisted|p2a: Altaria\n|-crit|p2a: Altaria\n|-damage|p2a: Altaria|38/100\n|-resisted|p2a: Altaria\n|-crit|p2a: Altaria\n|-damage|p2a: Altaria|26/100\n|-hitcount|p2a: Altaria|3\n|move|p2a: Altaria|Flamethrower|p1a: Vgc man\n|-resisted|p1a: Vgc man\n|-damage|p1a: Vgc man|56/100\n|\n|upkeep\n|turn|26\n|\n|t:|1771222233\n|move|p1a: Vgc man|Surging Strikes|p2a: Altaria\n|-resisted|p2a: Altaria\n|-crit|p2a: Altaria\n|-damage|p2a: Altaria|16/100\n|-resisted|p2a: Altaria\n|-crit|p2a: Altaria\n|-damage|p2a: Altaria|4/100\n|-resisted|p2a: Altaria\n|-crit|p2a: Altaria\n|-damage|p2a: Altaria|0 fnt\n|faint|p2a: Altaria\n|detailschange|p2: Altaria|Altaria, F|[silent]\n|-hitcount|p2: Altaria|3\n|\n|upkeep\n|-message|Az4k4 forfeited.\n|\n|win|Sanskiller55\n|raw|Sanskiller55's rating: 1506 &rarr; <strong>1531</strong><br />(+25 for winning)\n|raw|Az4k4's rating: 1588 &rarr; <strong>1563</strong><br />(-25 for losing)\n|l|☆Az4k4\n|player|p2|\n|l|☆Sanskiller55\n|player|p1|\n", "uploadtime": 1771222550, "views": 6, "formatid": "gen9nationaldex", "rating": 1531, "private": 0, "password": null}