{"id": "gen9nationaldex-2540707862", "format": "[Gen 9] National Dex", "players": ["lh09", "ffuy"], "log": "|j|☆lh09\n|j|☆ffuy\n|t:|1771243659\n|gametype|singles\n|player|p1|lh09|hilbert|1485\n|player|p2|ffuy|1|1638\n|gen|9\n|tier|[Gen 9] National Dex\n|rated|\n|rule|HP Percentage Mod: HP is shown in percentages\n|rule|Endless Battle Clause: Forcing endless battles is banned\n|rule|Species Clause: Limit one of each Pokémon\n|rule|OHKO Clause: OHKO moves are banned\n|rule|Evasion Clause: Evasion abilities, items, and moves are banned\n|rule|Evasion Abilities Clause: Evasion abilities are banned\n|rule|Evasion Items Clause: Evasion items are banned\n|rule|Evasion Moves Clause: Evasion moves are banned\n|rule|Sleep Clause Mod: Limit one foe put to sleep\n|rule|Terastal Clause: You cannot Terastallize\n|clearpoke\n|poke|p1|Morpeko, F|\n|poke|p1|Terapagos, M|\n|poke|p1|Ting-Lu|\n|poke|p1|Charizard, F|\n|poke|p1|Alomomola, F|\n|poke|p1|Greninja-*, M|\n|poke|p2|Diancie|\n|poke|p2|Tyranitar, M|\n|poke|p2|Alomomola, M|\n|poke|p2|Gliscor, M|\n|poke|p2|Urshifu-*, F|\n|poke|p2|Kyurem|\n|teampreview\n|inactive|Battle timer is ON: inactive players will automatically lose when time's up. (requested by lh09)\n|inactive|ffuy also wants the timer to be on.\n|\n|t:|1771243671\n|teamsize|p1|6\n|teamsize|p2|6\n|start\n|switch|p1a: Ting-Lu|Ting-Lu|100/100\n|switch|p2a: Alomomola|Alomomola, M|100/100\n|-ability|p1a: Ting-Lu|Vessel of Ruin\n|turn|1\n|\n|t:|1771243675\n|move|p2a: Alomomola|Toxic|p1a: Ting-Lu\n|-status|p1a: Ting-Lu|tox\n|move|p1a: Ting-Lu|Stealth Rock|p2a: Alomomola\n|-sidestart|p2: ffuy|move: Stealth Rock\n|\n|-damage|p1a: Ting-Lu|94/100 tox|[from] psn\n|upkeep\n|turn|2\n|\n|t:|1771243683\n|move|p2a: Alomomola|Flip Turn|p1a: Ting-Lu\n|-supereffective|p1a: Ting-Lu\n|-damage|p1a: Ting-Lu|77/100 tox\n|\n|t:|1771243686\n|switch|p2a: Gliscor|Gliscor, M|100/100|[from] Flip Turn\n|-damage|p2a: Gliscor|88/100|[from] Stealth Rock\n|move|p1a: Ting-Lu|Spikes|p2a: Gliscor\n|-sidestart|p2: ffuy|Spikes\n|\n|-heal|p1a: Ting-Lu|83/100 tox|[from] item: Leftovers\n|-damage|p1a: Ting-Lu|71/100 tox|[from] psn\n|-status|p2a: Gliscor|tox|[from] item: Toxic Orb\n|upkeep\n|turn|3\n|\n|t:|1771243694\n|switch|p1a: Greninja|Greninja, M|100/100\n|move|p2a: Gliscor|Defog|p1a: Greninja\n|-unboost|p1a: Greninja|evasion|1\n|-sideend|p2: ffuy|Spikes|[from] move: Defog|[of] p2a: Gliscor\n|-sideend|p2: ffuy|Stealth Rock|[from] move: Defog|[of] p2a: Gliscor\n|\n|-heal|p2a: Gliscor|100/100 tox|[from] ability: Poison Heal\n|upkeep\n|turn|4\n|\n|t:|1771243700\n|switch|p2a: Tyranitar|Tyranitar, M|100/100\n|-weather|Sandstorm|[from] ability: Sand Stream|[of] p2a: Tyranitar\n|move|p1a: Greninja|Surf|p2a: Tyranitar\n|-supereffective|p2a: Tyranitar\n|-damage|p2a: Tyranitar|74/100\n|\n|-weather|Sandstorm|[upkeep]\n|-damage|p1a: Greninja|95/100|[from] Sandstorm\n|upkeep\n|turn|5\n|\n|t:|1771243705\n|-zpower|p1a: Greninja\n|move|p1a: Greninja|Hydro Vortex|p2a: Tyranitar|[zeffect]\n|-supereffective|p2a: Tyranitar\n|-damage|p2a: Tyranitar|26/100\n|move|p2a: Tyranitar|Pursuit|p1a: Greninja\n|-resisted|p1a: Greninja\n|-damage|p1a: Greninja|80/100\n|\n|-weather|Sandstorm|[upkeep]\n|-damage|p1a: Greninja|74/100|[from] Sandstorm\n|upkeep\n|turn|6\n|\n|t:|1771243719\n|switch|p2a: Kyurem|Kyurem|100/100\n|-ability|p2a: Kyurem|Pressure\n|move|p1a: Greninja|Surf|p2a: Kyurem\n|-resisted|p2a: Kyurem\n|-damage|p2a: Kyurem|79/100\n|\n|-weather|Sandstorm|[upkeep]\n|-damage|p2a: Kyurem|73/100|[from] Sandstorm\n|-damage|p1a: Greninja|68/100|[from] Sandstorm\n|upkeep\n|turn|7\n|\n|t:|1771243726\n|switch|p1a: Ting-Lu|Ting-Lu|71/100 tox\n|-ability|p1a: Ting-Lu|Vessel of Ruin\n|move|p2a: Kyurem|Freeze-Dry|p1a: Ting-Lu\n|-supereffective|p1a: Ting-Lu\n|-damage|p1a: Ting-Lu|42/100 tox\n|\n|-weather|Sandstorm|[upkeep]\n|-damage|p2a: Kyurem|67/100|[from] Sandstorm\n|-heal|p1a: Ting-Lu|48/100 tox|[from] item: Leftovers\n|-damage|p1a: Ting-Lu|42/100 tox|[from] psn\n|upkeep\n|turn|8\n|\n|t:|1771243732\n|switch|p2a: Alomomola|Alomomola, M|100/100\n|move|p1a: Ting-Lu|Earthquake|p2a: Alomomola\n|-damage|p2a: Alomomola|80/100\n|\n|-weather|none\n|-heal|p1a: Ting-Lu|48/100 tox|[from] item: Leftovers\n|-damage|p1a: Ting-Lu|36/100 tox|[from] psn\n|upkeep\n|turn|9\n|\n|t:|1771243736\n|switch|p1a: Alomomola|Alomomola, F|100/100\n|move|p2a: Alomomola|Wish|p2a: Alomomola\n|\n|upkeep\n|turn|10\n|\n|t:|1771243742\n|move|p1a: Alomomola|Wish|p1a: Alomomola\n|move|p2a: Alomomola|Flip Turn|p1a: Alomomola\n|-resisted|p1a: Alomomola\n|-damage|p1a: Alomomola|96/100\n|\n|t:|1771243756\n|switch|p2a: Urshifu|Urshifu-Rapid-Strike, F|100/100|[from] Flip Turn\n|\n|-heal|p1a: Alomomola|100/100|[from] item: Leftovers\n|upkeep\n|turn|11\n|\n|t:|1771243759\n|move|p2a: Urshifu|Substitute|p2a: Urshifu\n|-start|p2a: Urshifu|Substitute\n|-damage|p2a: Urshifu|76/100\n|move|p1a: Alomomola|Flip Turn|p2a: Urshifu\n|-resisted|p2a: Urshifu\n|-activate|p2a: Urshifu|move: Substitute|[damage]\n|\n|t:|1771243762\n|switch|p1a: Ting-Lu|Ting-Lu|36/100 tox|[from] Flip Turn\n|-ability|p1a: Ting-Lu|Vessel of Ruin\n|\n|-heal|p1a: Ting-Lu|88/100 tox|[from] move: Wish|[wisher] Alomomola\n|-heal|p2a: Urshifu|82/100|[from] item: Leftovers\n|-heal|p1a: Ting-Lu|94/100 tox|[from] item: Leftovers\n|-damage|p1a: Ting-Lu|88/100 tox|[from] psn\n|upkeep\n|turn|12\n|\n|t:|1771243767\n|move|p2a: Urshifu|Surging Strikes|p1a: Ting-Lu\n|-supereffective|p1a: Ting-Lu\n|-crit|p1a: Ting-Lu\n|-damage|p1a: Ting-Lu|66/100 tox\n|-supereffective|p1a: Ting-Lu\n|-crit|p1a: Ting-Lu\n|-damage|p1a: Ting-Lu|45/100 tox\n|-supereffective|p1a: Ting-Lu\n|-crit|p1a: Ting-Lu\n|-damage|p1a: Ting-Lu|23/100 tox\n|-hitcount|p1a: Ting-Lu|3\n|move|p1a: Ting-Lu|Whirlwind|p2a: Urshifu\n|drag|p2a: Kyurem|Kyurem|67/100\n|-ability|p2a: Kyurem|Pressure\n|\n|-heal|p1a: Ting-Lu|29/100 tox|[from] item: Leftovers\n|-damage|p1a: Ting-Lu|17/100 tox|[from] psn\n|upkeep\n|turn|13\n|\n|t:|1771243782\n|move|p2a: Kyurem|Freeze-Dry|p1a: Ting-Lu\n|-supereffective|p1a: Ting-Lu\n|-damage|p1a: Ting-Lu|0 fnt\n|faint|p1a: Ting-Lu\n|\n|upkeep\n|\n|t:|1771243799\n|switch|p1a: Charizard|Charizard, F|100/100\n|turn|14\n|\n|t:|1771243821\n|detailschange|p1a: Charizard|Charizard-Mega-Y, F\n|-mega|p1a: Charizard|Charizard|Charizardite Y\n|-weather|SunnyDay|[from] ability: Drought|[of] p1a: Charizard\n|move|p2a: Kyurem|Freeze-Dry|p1a: Charizard\n|-damage|p1a: Charizard|60/100\n|move|p1a: Charizard|Scorching Sands|p2a: Kyurem\n|-damage|p2a: Kyurem|39/100\n|\n|-weather|SunnyDay|[upkeep]\n|upkeep\n|turn|15\n|\n|t:|1771243829\n|move|p2a: Kyurem|Freeze-Dry|p1a: Charizard\n|-damage|p1a: Charizard|19/100\n|move|p1a: Charizard|Weather Ball|p2a: Kyurem\n|-damage|p2a: Kyurem|0 fnt\n|faint|p2a: Kyurem\n|\n|-weather|SunnyDay|[upkeep]\n|upkeep\n|\n|t:|1771243833\n|switch|p2a: Diancie|Diancie|100/100\n|turn|16\n|\n|t:|1771243839\n|detailschange|p2a: Diancie|Diancie-Mega\n|-mega|p2a: Diancie|Diancie|Diancite\n|move|p2a: Diancie|Diamond Storm|p1a: Charizard\n|-supereffective|p1a: Charizard\n|-damage|p1a: Charizard|0 fnt\n|faint|p1a: Charizard\n|detailschange|p1: Charizard|Charizard, F|[silent]\n|\n|-weather|SunnyDay|[upkeep]\n|upkeep\n|\n|t:|1771243845\n|switch|p1a: Morpeko|Morpeko, F|100/100\n|turn|17\n|\n|t:|1771243853\n|move|p2a: Diancie|Moonblast|p1a: Morpeko\n|-supereffective|p1a: Morpeko\n|-enditem|p1a: Morpeko|Focus Sash\n|-damage|p1a: Morpeko|1/100\n|-unboost|p1a: Morpeko|spa|1\n|move|p1a: Morpeko|Aura Wheel|p2a: Diancie\n|-damage|p2a: Diancie|28/100\n|-boost|p1a: Morpeko|spe|1\n|\n|-weather|SunnyDay|[upkeep]\n|-formechange|p1a: Morpeko|Morpeko-Hangry||[from] ability: Hunger Switch\n|upkeep\n|turn|18\n|\n|t:|1771243859\n|move|p1a: Morpeko|Aura Wheel|p2a: Diancie\n|-resisted|p2a: Diancie\n|-damage|p2a: Diancie|0 fnt\n|-boost|p1a: Morpeko|spe|1\n|faint|p2a: Diancie\n|detailschange|p2: Diancie|Diancie|[silent]\n|\n|-weather|none\n|-formechange|p1a: Morpeko|Morpeko||[from] ability: Hunger Switch\n|upkeep\n|\n|t:|1771243867\n|switch|p2a: Gliscor|Gliscor, M|100/100 tox\n|turn|19\n|\n|t:|1771243870\n|move|p1a: Morpeko|Endeavor|p2a: Gliscor\n|-damage|p2a: Gliscor|1/100 tox\n|move|p2a: Gliscor|U-turn|p1a: Morpeko\n|-supereffective|p1a: Morpeko\n|-damage|p1a: Morpeko|0 fnt\n|faint|p1a: Morpeko\n|\n|t:|1771243880\n|switch|p2a: Alomomola|Alomomola, M|100/100|[from] U-turn\n|\n|upkeep\n|\n|t:|1771243883\n|switch|p1a: Greninja|Greninja, M|68/100\n|turn|20\n|\n|t:|1771243886\n|move|p1a: Greninja|Dark Pulse|p2a: Alomomola\n|-damage|p2a: Alomomola|52/100\n|cant|p2a: Alomomola|flinch\n|\n|upkeep\n|turn|21\n|\n|t:|1771243892\n|move|p1a: Greninja|Dark Pulse|p2a: Alomomola\n|-damage|p2a: Alomomola|5/100\n|cant|p2a: Alomomola|flinch\n|\n|upkeep\n|turn|22\n|\n|t:|1771243898\n|switch|p2a: Gliscor|Gliscor, M|1/100 tox\n|move|p1a: Greninja|Surf|p2a: Gliscor\n|-supereffective|p2a: Gliscor\n|-damage|p2a: Gliscor|0 fnt\n|faint|p2a: Gliscor\n|-ability|p1a: Greninja|Battle Bond|boost\n|-boost|p1a: Greninja|atk|1\n|-boost|p1a: Greninja|spa|1\n|-boost|p1a: Greninja|spe|1\n|-activate|p1a: Greninja|ability: Battle Bond\n|\n|upkeep\n|\n|t:|1771243901\n|switch|p2a: Urshifu|Urshifu-Rapid-Strike, F|82/100\n|turn|23\n|\n|t:|1771243906\n|move|p1a: Greninja|Extrasensory|p2a: Urshifu\n|-supereffective|p2a: Urshifu\n|-damage|p2a: Urshifu|0 fnt\n|faint|p2a: Urshifu\n|\n|upkeep\n|c|☆ffuy|你拿命玩的游戏吗？\n|-message|ffuy forfeited.\n|\n|win|lh09\n|raw|lh09's rating: 1485 &rarr; <strong>1513</strong><br />(+28 for winning)\n|raw|ffuy's rating: 1638 &rarr; <strong>1610</strong><br />(-28 for losing)\n|l|☆lh09\n|player|p1|\n|l|☆ffuy\n|player|p2|\n", "uploadtime": 1771244257, "views": 5, "formatid": "gen9nationaldex", "rating": 1513, "private": 0, "password": null}