{"id": "gen9nationaldex-2540664603", "format": "[Gen 9] National Dex", "players": ["ChoomahD", "feebaccs"], "log": "|j|☆ChoomahD\n|j|☆feebaccs\n|t:|1771236603\n|gametype|singles\n|player|p1|ChoomahD|101|1715\n|player|p2|feebaccs|morty|1601\n|gen|9\n|tier|[Gen 9] National Dex\n|rated|\n|rule|HP Percentage Mod: HP is shown in percentages\n|rule|Endless Battle Clause: Forcing endless battles is banned\n|rule|Species Clause: Limit one of each Pokémon\n|rule|OHKO Clause: OHKO moves are banned\n|rule|Evasion Clause: Evasion abilities, items, and moves are banned\n|rule|Evasion Abilities Clause: Evasion abilities are banned\n|rule|Evasion Items Clause: Evasion items are banned\n|rule|Evasion Moves Clause: Evasion moves are banned\n|rule|Sleep Clause Mod: Limit one foe put to sleep\n|rule|Terastal Clause: You cannot Terastallize\n|clearpoke\n|poke|p1|Kingambit, F|\n|poke|p1|Altaria, M|\n|poke|p1|Gholdengo|\n|poke|p1|Great Tusk|\n|poke|p1|Meowscarada, M|\n|poke|p1|Alomomola, F|\n|poke|p2|Beedrill, M|\n|poke|p2|Tapu Lele|\n|poke|p2|Terapagos, M|\n|poke|p2|Landorus-Therian, M|\n|poke|p2|Alomomola, F|\n|poke|p2|Ferrothorn, F|\n|teampreview\n|inactive|Battle timer is ON: inactive players will automatically lose when time's up. (requested by feebaccs)\n|\n|t:|1771236617\n|teamsize|p1|6\n|teamsize|p2|6\n|start\n|switch|p1a: Meowscarada|Meowscarada, M|100/100\n|switch|p2a: Tapu Lele|Tapu Lele|100/100\n|-fieldstart|move: Psychic Terrain|[from] ability: Psychic Surge|[of] p2a: Tapu Lele\n|turn|1\n|\n|t:|1771236625\n|switch|p2a: Ferrothorn|Ferrothorn, F|100/100\n|move|p1a: Meowscarada|U-turn|p2a: Ferrothorn\n|-start|p1a: Meowscarada|typechange|Bug|[from] ability: Protean\n|-damage|p2a: Ferrothorn|83/100\n|-damage|p1a: Meowscarada|88/100|[from] ability: Iron Barbs|[of] p2a: Ferrothorn\n|\n|t:|1771236631\n|switch|p1a: Gholdengo|Gholdengo|100/100|[from] U-turn\n|\n|-heal|p2a: Ferrothorn|89/100|[from] item: Leftovers\n|upkeep\n|turn|2\n|\n|t:|1771236639\n|switch|p2a: Alomomola|Alomomola, F|100/100\n|move|p1a: Gholdengo|Nasty Plot|p1a: Gholdengo\n|-boost|p1a: Gholdengo|spa|2\n|\n|upkeep\n|turn|3\n|\n|t:|1771236643\n|-zpower|p1a: Gholdengo\n|move|p1a: Gholdengo|Never-Ending Nightmare|p2a: Alomomola|[zeffect]\n|-damage|p2a: Alomomola|4/100\n|move|p2a: Alomomola|Flip Turn|p1a: Gholdengo\n|-damage|p1a: Gholdengo|84/100\n|\n|t:|1771236650\n|switch|p2a: Landorus|Landorus-Therian, M|100/100|[from] Flip Turn\n|-ability|p2a: Landorus|Intimidate|boost\n|-unboost|p1a: Gholdengo|atk|1\n|\n|upkeep\n|turn|4\n|\n|t:|1771236656\n|switch|p1a: Alomomola|Alomomola, F|100/100\n|move|p2a: Landorus|Earthquake|p1a: Alomomola\n|-damage|p1a: Alomomola|60/100\n|\n|upkeep\n|turn|5\n|\n|t:|1771236664\n|switch|p2a: Ferrothorn|Ferrothorn, F|89/100\n|move|p1a: Alomomola|Flip Turn|p2a: Ferrothorn\n|-resisted|p2a: Ferrothorn\n|-damage|p2a: Ferrothorn|85/100\n|-damage|p1a: Alomomola|47/100|[from] ability: Iron Barbs|[of] p2a: Ferrothorn\n|\n|t:|1771236668\n|switch|p1a: Gholdengo|Gholdengo|84/100|[from] Flip Turn\n|\n|-heal|p2a: Ferrothorn|91/100|[from] item: Leftovers\n|-fieldend|move: Psychic Terrain\n|upkeep\n|turn|6\n|\n|t:|1771236673\n|switch|p2a: Landorus|Landorus-Therian, M|100/100\n|-ability|p2a: Landorus|Intimidate|boost\n|-unboost|p1a: Gholdengo|atk|1\n|move|p1a: Gholdengo|Shadow Ball|p2a: Landorus\n|-damage|p2a: Landorus|37/100\n|-unboost|p2a: Landorus|spd|1\n|\n|upkeep\n|turn|7\n|\n|t:|1771236679\n|switch|p1a: Altaria|Altaria, M|100/100\n|move|p2a: Landorus|Earthquake|p1a: Altaria\n|-immune|p1a: Altaria\n|\n|upkeep\n|turn|8\n|\n|t:|1771236684\n|switch|p2a: Ferrothorn|Ferrothorn, F|91/100\n|detailschange|p1a: Altaria|Altaria-Mega, M\n|-mega|p1a: Altaria|Altaria|Altarianite\n|move|p1a: Altaria|Flamethrower|p2a: Ferrothorn\n|-supereffective|p2a: Ferrothorn\n|-damage|p2a: Ferrothorn|10/100\n|\n|-heal|p2a: Ferrothorn|16/100|[from] item: Leftovers\n|upkeep\n|turn|9\n|\n|t:|1771236694\n|switch|p2a: Alomomola|Alomomola, F|37/100\n|move|p1a: Altaria|Hyper Voice|p2a: Alomomola\n|-damage|p2a: Alomomola|16/100\n|\n|upkeep\n|turn|10\n|\n|t:|1771236698\n|switch|p2a: Ferrothorn|Ferrothorn, F|16/100\n|move|p1a: Altaria|Hyper Voice|p2a: Ferrothorn\n|-resisted|p2a: Ferrothorn\n|-damage|p2a: Ferrothorn|0 fnt\n|faint|p2a: Ferrothorn\n|\n|upkeep\n|\n|t:|1771236703\n|switch|p2a: Beedrill|Beedrill, M|100/100\n|turn|11\n|\n|t:|1771236710\n|detailschange|p2a: Beedrill|Beedrill-Mega, M\n|-mega|p2a: Beedrill|Beedrill|Beedrillite\n|move|p2a: Beedrill|U-turn|p1a: Altaria\n|-resisted|p1a: Altaria\n|-damage|p1a: Altaria|84/100\n|-message|feebaccs forfeited.\n|\n|win|ChoomahD\n|raw|ChoomahD's rating: 1715 &rarr; <strong>1729</strong><br />(+14 for winning)\n|raw|feebaccs's rating: 1601 &rarr; <strong>1587</strong><br />(-14 for losing)\n|l|☆feebaccs\n|player|p2|\n|c|☆ChoomahD|Gg\n|l|☆ChoomahD\n|player|p1|\n", "uploadtime": 1771237041, "views": 9, "formatid": "gen9nationaldex", "rating": 1587, "private": 0, "password": null}