{"id": "gen9nationaldex-2540529165", "format": "[Gen 9] National Dex", "players": ["wuerling", "banmuvgc"], "log": "|j|☆wuerling\n|j|☆banmuvgc\n|t:|1771213591\n|gametype|singles\n|player|p1|wuerling|266|1573\n|player|p2|banmuvgc|giovanni|1497\n|gen|9\n|tier|[Gen 9] National Dex\n|rated|\n|rule|HP Percentage Mod: HP is shown in percentages\n|rule|Endless Battle Clause: Forcing endless battles is banned\n|rule|Species Clause: Limit one of each Pokémon\n|rule|OHKO Clause: OHKO moves are banned\n|rule|Evasion Clause: Evasion abilities, items, and moves are banned\n|rule|Evasion Abilities Clause: Evasion abilities are banned\n|rule|Evasion Items Clause: Evasion items are banned\n|rule|Evasion Moves Clause: Evasion moves are banned\n|rule|Sleep Clause Mod: Limit one foe put to sleep\n|rule|Terastal Clause: You cannot Terastallize\n|clearpoke\n|poke|p1|Terapagos, M|\n|poke|p1|Ogerpon-Wellspring, F|\n|poke|p1|Volcarona, M|\n|poke|p1|Zamazenta-*|\n|poke|p1|Hatterene, F|\n|poke|p1|Dragonite, F|\n|poke|p2|Ninetales-Alola, M|\n|poke|p2|Altaria, M|\n|poke|p2|Weavile, F|\n|poke|p2|Cobalion|\n|poke|p2|Rapidash-Galar, F|\n|poke|p2|Incineroar, M|\n|teampreview\n|\n|t:|1771213612\n|teamsize|p1|6\n|teamsize|p2|6\n|start\n|switch|p1a: Hatterene|Hatterene, F|100/100\n|switch|p2a: Ninetales|Ninetales-Alola, M|100/100\n|-weather|Snowscape|[from] ability: Snow Warning|[of] p2a: Ninetales\n|turn|1\n|\n|t:|1771213618\n|move|p2a: Ninetales|Aurora Veil|p2a: Ninetales\n|-sidestart|p2: banmuvgc|move: Aurora Veil\n|move|p1a: Hatterene|Calm Mind|p1a: Hatterene\n|-boost|p1a: Hatterene|spa|1\n|-boost|p1a: Hatterene|spd|1\n|\n|-weather|Snowscape|[upkeep]\n|upkeep\n|turn|2\n|\n|t:|1771213627\n|switch|p2a: Weavile|Weavile, F|100/100\n|-ability|p2a: Weavile|Pressure\n|move|p1a: Hatterene|Calm Mind|p1a: Hatterene\n|-boost|p1a: Hatterene|spa|1\n|-boost|p1a: Hatterene|spd|1\n|\n|-weather|Snowscape|[upkeep]\n|upkeep\n|turn|3\n|\n|t:|1771213634\n|move|p2a: Weavile|Swords Dance|p2a: Weavile\n|-boost|p2a: Weavile|atk|2\n|move|p1a: Hatterene|Draining Kiss|p2a: Weavile\n|-supereffective|p2a: Weavile\n|-damage|p2a: Weavile|25/100\n|\n|-weather|Snowscape|[upkeep]\n|upkeep\n|turn|4\n|\n|t:|1771213642\n|move|p2a: Weavile|Triple Axel|p1a: Hatterene\n|-damage|p1a: Hatterene|81/100\n|-damage|p1a: Hatterene|40/100\n|-damage|p1a: Hatterene|0 fnt\n|faint|p1a: Hatterene\n|-hitcount|p1: Hatterene|3\n|\n|-weather|Snowscape|[upkeep]\n|upkeep\n|j| Drinkcokeking\n|\n|t:|1771213660\n|switch|p1a: Terapagos|Terapagos, M|100/100\n|-activate|p1a: Terapagos|ability: Tera Shift\n|detailschange|p1a: Terapagos|Terapagos-Terastal, M\n|-heal|p1a: Terapagos|100/100|[silent]\n|turn|5\n|\n|t:|1771213673\n|move|p2a: Weavile|Knock Off|p1a: Terapagos\n|-activate|p1a: Terapagos|ability: Tera Shell\n|-resisted|p1a: Terapagos\n|-damage|p1a: Terapagos|59/100\n|-enditem|p1a: Terapagos|Leftovers|[from] move: Knock Off|[of] p2a: Weavile\n|move|p1a: Terapagos|Rapid Spin|p2a: Weavile\n|-damage|p2a: Weavile|16/100\n|-boost|p1a: Terapagos|spe|1\n|\n|-weather|none\n|upkeep\n|turn|6\n|\n|t:|1771213681\n|move|p2a: Weavile|Ice Shard|p1a: Terapagos\n|-damage|p1a: Terapagos|18/100\n|move|p1a: Terapagos|Tera Starstorm|p2a: Weavile\n|-damage|p2a: Weavile|0 fnt\n|faint|p2a: Weavile\n|\n|upkeep\n|\n|t:|1771213689\n|switch|p2a: Rapidash|Rapidash-Galar, F|100/100\n|turn|7\n|\n|t:|1771213701\n|move|p1a: Terapagos|Tera Starstorm|p2a: Rapidash\n|-crit|p2a: Rapidash\n|-damage|p2a: Rapidash|11/100\n|move|p2a: Rapidash|Agility|p2a: Rapidash\n|-boost|p2a: Rapidash|spe|2\n|\n|-heal|p2a: Rapidash|17/100|[from] item: Leftovers\n|upkeep\n|turn|8\n|\n|t:|1771213706\n|move|p2a: Rapidash|Dazzling Gleam|p1a: Terapagos\n|-damage|p1a: Terapagos|0 fnt\n|faint|p1a: Terapagos\n|\n|-heal|p2a: Rapidash|23/100|[from] item: Leftovers\n|-sideend|p2: banmuvgc|move: Aurora Veil\n|upkeep\n|\n|t:|1771213715\n|switch|p1a: Dragonite|Dragonite, F|100/100\n|turn|9\n|\n|t:|1771213720\n|move|p2a: Rapidash|Dazzling Gleam|p1a: Dragonite\n|-supereffective|p1a: Dragonite\n|-damage|p1a: Dragonite|77/100\n|move|p1a: Dragonite|Earthquake|p2a: Rapidash\n|-damage|p2a: Rapidash|0 fnt\n|faint|p2a: Rapidash\n|\n|upkeep\n|\n|t:|1771213723\n|switch|p2a: Ninetales|Ninetales-Alola, M|100/100\n|-weather|Snowscape|[from] ability: Snow Warning|[of] p2a: Ninetales\n|turn|10\n|\n|t:|1771213727\n|move|p2a: Ninetales|Aurora Veil|p2a: Ninetales\n|-sidestart|p2: banmuvgc|move: Aurora Veil\n|-zpower|p1a: Dragonite\n|move|p1a: Dragonite|Supersonic Skystrike|p2a: Ninetales|[zeffect]\n|-damage|p2a: Ninetales|49/100\n|\n|-weather|Snowscape|[upkeep]\n|upkeep\n|turn|11\n|\n|t:|1771213736\n|move|p2a: Ninetales|Blizzard|p1a: Dragonite\n|-supereffective|p1a: Dragonite\n|-damage|p1a: Dragonite|0 fnt\n|faint|p1a: Dragonite\n|\n|-weather|Snowscape|[upkeep]\n|upkeep\n|\n|t:|1771213747\n|switch|p1a: Ogerpon|Ogerpon-Wellspring, F|100/100\n|turn|12\n|\n|t:|1771213759\n|move|p1a: Ogerpon|Ivy Cudgel|p2a: Ninetales|[anim] Ivy Cudgel Water\n|-damage|p2a: Ninetales|20/100\n|move|p2a: Ninetales|Blizzard|p1a: Ogerpon\n|-damage|p1a: Ogerpon|53/100\n|\n|-weather|Snowscape|[upkeep]\n|upkeep\n|turn|13\n|\n|t:|1771213764\n|move|p1a: Ogerpon|Ivy Cudgel|p2a: Ninetales|[anim] Ivy Cudgel Water\n|-damage|p2a: Ninetales|0 fnt\n|faint|p2a: Ninetales\n|\n|-weather|Snowscape|[upkeep]\n|upkeep\n|\n|t:|1771213766\n|switch|p2a: Altaria|Altaria, M|100/100\n|-ability|p2a: Altaria|Cloud Nine\n|turn|14\n|\n|t:|1771213771\n|move|p1a: Ogerpon|Play Rough|p2a: Altaria\n|-supereffective|p2a: Altaria\n|-damage|p2a: Altaria|67/100\n|move|p2a: Altaria|Dragon Dance|p2a: Altaria\n|-boost|p2a: Altaria|atk|1\n|-boost|p2a: Altaria|spe|1\n|\n|-weather|none\n|upkeep\n|turn|15\n|\n|t:|1771213776\n|detailschange|p2a: Altaria|Altaria-Mega, M\n|-mega|p2a: Altaria|Altaria|Altarianite\n|move|p2a: Altaria|Dragon Dance|p2a: Altaria\n|-boost|p2a: Altaria|atk|1\n|-boost|p2a: Altaria|spe|1\n|move|p1a: Ogerpon|Play Rough|p2a: Altaria\n|-supereffective|p2a: Altaria\n|-damage|p2a: Altaria|35/100\n|\n|upkeep\n|turn|16\n|\n|t:|1771213785\n|move|p2a: Altaria|Return|p1a: Ogerpon\n|-damage|p1a: Ogerpon|0 fnt\n|faint|p1a: Ogerpon\n|\n|upkeep\n|\n|t:|1771213789\n|switch|p1a: Volcarona|Volcarona, M|100/100\n|turn|17\n|\n|t:|1771213794\n|move|p2a: Altaria|Earthquake|p1a: Volcarona\n|-damage|p1a: Volcarona|35/100\n|move|p1a: Volcarona|Roost|p1a: Volcarona\n|-heal|p1a: Volcarona|85/100\n|-singleturn|p1a: Volcarona|move: Roost\n|\n|-heal|p1a: Volcarona|91/100|[from] item: Leftovers\n|-sideend|p2: banmuvgc|move: Aurora Veil\n|upkeep\n|turn|18\n|\n|t:|1771213800\n|move|p2a: Altaria|Earthquake|p1a: Volcarona\n|-damage|p1a: Volcarona|19/100\n|move|p1a: Volcarona|Fiery Dance|p2a: Altaria\n|-resisted|p2a: Altaria\n|-damage|p2a: Altaria|17/100\n|\n|-heal|p1a: Volcarona|26/100|[from] item: Leftovers\n|upkeep\n|turn|19\n|\n|t:|1771213808\n|move|p2a: Altaria|Earthquake|p1a: Volcarona\n|-damage|p1a: Volcarona|0 fnt\n|faint|p1a: Volcarona\n|\n|upkeep\n|\n|t:|1771213810\n|switch|p1a: Zamazenta|Zamazenta|100/100\n|-ability|p1a: Zamazenta|Dauntless Shield|boost\n|-boost|p1a: Zamazenta|def|1\n|turn|20\n|\n|t:|1771213816\n|move|p2a: Altaria|Return|p1a: Zamazenta\n|-supereffective|p1a: Zamazenta\n|-damage|p1a: Zamazenta|2/100\n|move|p1a: Zamazenta|Body Press|p2a: Altaria\n|-resisted|p2a: Altaria\n|-damage|p2a: Altaria|0 fnt\n|faint|p2a: Altaria\n|detailschange|p2: Altaria|Altaria, M|[silent]\n|\n|-heal|p1a: Zamazenta|8/100|[from] item: Leftovers\n|upkeep\n|\n|t:|1771213820\n|switch|p2a: Incineroar|Incineroar, M|100/100\n|-ability|p2a: Incineroar|Intimidate|boost\n|-unboost|p1a: Zamazenta|atk|1\n|turn|21\n|\n|t:|1771213822\n|move|p2a: Incineroar|Fake Out|p1a: Zamazenta\n|-damage|p1a: Zamazenta|3/100\n|cant|p1a: Zamazenta|flinch\n|\n|-heal|p1a: Zamazenta|9/100|[from] item: Leftovers\n|upkeep\n|turn|22\n|\n|t:|1771213826\n|switch|p2a: Cobalion|Cobalion|100/100\n|move|p1a: Zamazenta|Iron Defense|p1a: Zamazenta\n|-boost|p1a: Zamazenta|def|2\n|\n|-heal|p1a: Zamazenta|15/100|[from] item: Leftovers\n|upkeep\n|turn|23\n|\n|t:|1771213829\n|move|p1a: Zamazenta|Body Press|p2a: Cobalion\n|-supereffective|p2a: Cobalion\n|-damage|p2a: Cobalion|0 fnt\n|-damage|p1a: Zamazenta|0 fnt|[from] item: Rocky Helmet|[of] p2a: Cobalion\n|faint|p2a: Cobalion\n|faint|p1a: Zamazenta\n|\n|win|banmuvgc\n|raw|wuerling's rating: 1573 &rarr; <strong>1549</strong><br />(-24 for losing)\n|raw|banmuvgc's rating: 1497 &rarr; <strong>1521</strong><br />(+24 for winning)\n|l|☆banmuvgc\n|player|p2|\n|l|☆wuerling\n|player|p1|\n|l| Drinkcokeking\n", "uploadtime": 1771214022, "views": 6, "formatid": "gen9nationaldex", "rating": 1521, "private": 0, "password": null}