{"id": "gen9nationaldex-2540950227", "format": "[Gen 9] National Dex", "players": ["CanaryKill", "Covenant Phantom"], "log": "|j|☆CanaryKill\n|j|☆Covenant Phantom\n|t:|1771270103\n|gametype|singles\n|player|p1|CanaryKill|266|1687\n|player|p2|Covenant Phantom|medium-gen2jp|1583\n|gen|9\n|tier|[Gen 9] National Dex\n|rated|\n|rule|HP Percentage Mod: HP is shown in percentages\n|rule|Endless Battle Clause: Forcing endless battles is banned\n|rule|Species Clause: Limit one of each Pokémon\n|rule|OHKO Clause: OHKO moves are banned\n|rule|Evasion Clause: Evasion abilities, items, and moves are banned\n|rule|Evasion Abilities Clause: Evasion abilities are banned\n|rule|Evasion Items Clause: Evasion items are banned\n|rule|Evasion Moves Clause: Evasion moves are banned\n|rule|Sleep Clause Mod: Limit one foe put to sleep\n|rule|Terastal Clause: You cannot Terastallize\n|clearpoke\n|poke|p1|Iron Leaves|\n|poke|p1|Tapu Koko|\n|poke|p1|Great Tusk|\n|poke|p1|Charizard, M|\n|poke|p1|Iron Hands|\n|poke|p1|Iron Crown|\n|poke|p2|Houndoom, M|\n|poke|p2|Raging Bolt|\n|poke|p2|Torkoal, M|\n|poke|p2|Great Tusk|\n|poke|p2|Corviknight, F|\n|poke|p2|Rillaboom, M|\n|teampreview\n|inactive|Battle timer is ON: inactive players will automatically lose when time's up. (requested by CanaryKill)\n|\n|t:|1771270121\n|teamsize|p1|6\n|teamsize|p2|6\n|start\n|switch|p1a: Charizard|Charizard, M|100/100\n|switch|p2a: Houndoom|Houndoom, M|100/100\n|turn|1\n|\n|t:|1771270126\n|switch|p1a: Great Tusk|Great Tusk|100/100\n|detailschange|p2a: Houndoom|Houndoom-Mega, M\n|-mega|p2a: Houndoom|Houndoom|Houndoominite\n|move|p2a: Houndoom|Dark Pulse|p1a: Great Tusk\n|-resisted|p1a: Great Tusk\n|-damage|p1a: Great Tusk|69/100\n|\n|upkeep\n|turn|2\n|\n|t:|1771270133\n|switch|p2a: Corviknight|Corviknight, F|100/100\n|-ability|p2a: Corviknight|Pressure\n|move|p1a: Great Tusk|Stealth Rock|p2a: Corviknight\n|-sidestart|p2: Covenant Phantom|move: Stealth Rock\n|\n|upkeep\n|turn|3\n|\n|t:|1771270136\n|-end|p1a: Great Tusk|Protosynthesis|[silent]\n|switch|p1a: Charizard|Charizard, M|100/100\n|move|p2a: Corviknight|Defog|p1a: Charizard\n|-unboost|p1a: Charizard|evasion|1\n|-sideend|p2: Covenant Phantom|Stealth Rock|[from] move: Defog|[of] p2a: Corviknight\n|\n|upkeep\n|turn|4\n|\n|t:|1771270142\n|switch|p2a: Torkoal|Torkoal, M|100/100\n|-weather|SunnyDay|[from] ability: Drought|[of] p2a: Torkoal\n|detailschange|p1a: Charizard|Charizard-Mega-Y, M\n|-mega|p1a: Charizard|Charizard|Charizardite Y\n|move|p1a: Charizard|Overheat|p2a: Torkoal\n|-resisted|p2a: Torkoal\n|-damage|p2a: Torkoal|35/100\n|-unboost|p1a: Charizard|spa|2\n|\n|-weather|SunnyDay|[upkeep]\n|upkeep\n|turn|5\n|\n|t:|1771270146\n|switch|p2a: Houndoom|Houndoom-Mega, M|100/100\n|move|p1a: Charizard|Overheat|p2a: Houndoom\n|-resisted|p2a: Houndoom\n|-damage|p2a: Houndoom|66/100\n|-unboost|p1a: Charizard|spa|2\n|\n|-weather|SunnyDay|[upkeep]\n|-damage|p2a: Houndoom|53/100|[from] ability: Solar Power|[of] p2a: Houndoom\n|upkeep\n|turn|6\n|\n|t:|1771270159\n|switch|p1a: Great Tusk|Great Tusk|69/100\n|-activate|p1a: Great Tusk|ability: Protosynthesis\n|-start|p1a: Great Tusk|protosynthesisspe\n|move|p2a: Houndoom|Flamethrower|p1a: Great Tusk\n|-damage|p1a: Great Tusk|0 fnt\n|faint|p1a: Great Tusk\n|-end|p1a: Great Tusk|Protosynthesis|[silent]\n|\n|-weather|SunnyDay|[upkeep]\n|-damage|p2a: Houndoom|41/100|[from] ability: Solar Power|[of] p2a: Houndoom\n|upkeep\n|\n|t:|1771270161\n|switch|p1a: Tapu Koko|Tapu Koko|100/100\n|-fieldstart|move: Electric Terrain|[from] ability: Electric Surge|[of] p1a: Tapu Koko\n|turn|7\n|\n|t:|1771270170\n|switch|p2a: Rillaboom|Rillaboom, M|100/100\n|-fieldstart|move: Grassy Terrain|[from] ability: Grassy Surge|[of] p2a: Rillaboom\n|move|p1a: Tapu Koko|Volt Switch|p2a: Rillaboom\n|-resisted|p2a: Rillaboom\n|-damage|p2a: Rillaboom|72/100\n|\n|t:|1771270173\n|switch|p1a: Charizard|Charizard-Mega-Y, M|100/100|[from] Volt Switch\n|\n|-weather|SunnyDay|[upkeep]\n|-heal|p2a: Rillaboom|78/100|[from] Grassy Terrain\n|upkeep\n|turn|8\n|\n|t:|1771270182\n|switch|p2a: Torkoal|Torkoal, M|35/100\n|move|p1a: Charizard|Weather Ball|p2a: Torkoal\n|-resisted|p2a: Torkoal\n|-damage|p2a: Torkoal|0 fnt\n|faint|p2a: Torkoal\n|\n|-weather|SunnyDay|[upkeep]\n|upkeep\n|\n|t:|1771270187\n|switch|p2a: Raging Bolt|Raging Bolt|100/100\n|-activate|p2a: Raging Bolt|ability: Protosynthesis\n|-start|p2a: Raging Bolt|protosynthesisspa\n|turn|9\n|\n|t:|1771270191\n|switch|p1a: Iron Leaves|Iron Leaves|100/100\n|move|p2a: Raging Bolt|Thunderbolt|p1a: Iron Leaves\n|-resisted|p1a: Iron Leaves\n|-damage|p1a: Iron Leaves|66/100\n|\n|-weather|SunnyDay|[upkeep]\n|-heal|p1a: Iron Leaves|72/100|[from] Grassy Terrain\n|upkeep\n|turn|10\n|\n|t:|1771270195\n|-end|p1a: Iron Leaves|Quark Drive|[silent]\n|switch|p1a: Tapu Koko|Tapu Koko|100/100\n|-fieldstart|move: Electric Terrain|[from] ability: Electric Surge|[of] p1a: Tapu Koko\n|-zpower|p2a: Raging Bolt\n|move|p2a: Raging Bolt|Devastating Drake|p1a: Tapu Koko|[zeffect]\n|-immune|p1a: Tapu Koko\n|\n|-weather|SunnyDay|[upkeep]\n|upkeep\n|turn|11\n|\n|t:|1771270200\n|move|p1a: Tapu Koko|Volt Switch|p2a: Raging Bolt\n|-resisted|p2a: Raging Bolt\n|-damage|p2a: Raging Bolt|88/100\n|\n|t:|1771270202\n|switch|p1a: Iron Leaves|Iron Leaves|72/100|[from] Volt Switch\n|-activate|p1a: Iron Leaves|ability: Quark Drive\n|-start|p1a: Iron Leaves|quarkdriveatk\n|move|p2a: Raging Bolt|Weather Ball|p1a: Iron Leaves\n|-supereffective|p1a: Iron Leaves\n|-damage|p1a: Iron Leaves|0 fnt\n|faint|p1a: Iron Leaves\n|-end|p1a: Iron Leaves|Quark Drive|[silent]\n|\n|-weather|none\n|-end|p2a: Raging Bolt|Protosynthesis\n|upkeep\n|\n|t:|1771270207\n|switch|p1a: Iron Hands|Iron Hands|100/100\n|-activate|p1a: Iron Hands|ability: Quark Drive\n|-start|p1a: Iron Hands|quarkdriveatk\n|turn|12\n|\n|t:|1771270211\n|move|p2a: Raging Bolt|Draco Meteor|p1a: Iron Hands\n|-crit|p1a: Iron Hands\n|-damage|p1a: Iron Hands|29/100\n|-unboost|p2a: Raging Bolt|spa|2\n|move|p1a: Iron Hands|Ice Punch|p2a: Raging Bolt\n|-supereffective|p2a: Raging Bolt\n|-damage|p2a: Raging Bolt|20/100\n|-status|p2a: Raging Bolt|frz\n|\n|upkeep\n|turn|13\n|\n|t:|1771270221\n|-end|p2a: Raging Bolt|Protosynthesis|[silent]\n|switch|p2a: Great Tusk|Great Tusk|100/100\n|move|p1a: Iron Hands|Close Combat|p2a: Great Tusk\n|-damage|p2a: Great Tusk|36/100\n|-unboost|p1a: Iron Hands|def|1\n|-unboost|p1a: Iron Hands|spd|1\n|-damage|p1a: Iron Hands|13/100|[from] item: Rocky Helmet|[of] p2a: Great Tusk\n|\n|upkeep\n|turn|14\n|\n|t:|1771270228\n|move|p2a: Great Tusk|Rapid Spin|p1a: Iron Hands\n|-damage|p1a: Iron Hands|0 fnt\n|-boost|p2a: Great Tusk|spe|1\n|faint|p1a: Iron Hands\n|-end|p1a: Iron Hands|Quark Drive|[silent]\n|\n|-fieldend|move: Electric Terrain\n|upkeep\n|\n|t:|1771270231\n|switch|p1a: Iron Crown|Iron Crown|100/100\n|turn|15\n|\n|t:|1771270234\n|move|p1a: Iron Crown|Tachyon Cutter|p2a: Great Tusk\n|-damage|p2a: Great Tusk|0 fnt\n|faint|p2a: Great Tusk\n|-end|p2a: Great Tusk|Protosynthesis|[silent]\n|-hitcount|p2: Great Tusk|1\n|\n|upkeep\n|\n|t:|1771270242\n|switch|p2a: Corviknight|Corviknight, F|100/100\n|-ability|p2a: Corviknight|Pressure\n|turn|16\n|\n|t:|1771270249\n|-end|p1a: Iron Crown|Quark Drive|[silent]\n|switch|p1a: Tapu Koko|Tapu Koko|100/100\n|-fieldstart|move: Electric Terrain|[from] ability: Electric Surge|[of] p1a: Tapu Koko\n|move|p2a: Corviknight|U-turn|p1a: Tapu Koko\n|-resisted|p1a: Tapu Koko\n|-damage|p1a: Tapu Koko|90/100\n|\n|t:|1771270253\n|switch|p2a: Rillaboom|Rillaboom, M|78/100|[from] U-turn\n|-fieldstart|move: Grassy Terrain|[from] ability: Grassy Surge|[of] p2a: Rillaboom\n|\n|-heal|p1a: Tapu Koko|96/100|[from] Grassy Terrain\n|-heal|p2a: Rillaboom|85/100|[from] Grassy Terrain\n|upkeep\n|turn|17\n|\n|t:|1771270256\n|move|p1a: Tapu Koko|Volt Switch|p2a: Rillaboom\n|-resisted|p2a: Rillaboom\n|-damage|p2a: Rillaboom|56/100\n|\n|t:|1771270259\n|switch|p1a: Charizard|Charizard-Mega-Y, M|100/100|[from] Volt Switch\n|-weather|SunnyDay|[from] ability: Drought|[of] p1a: Charizard\n|move|p2a: Rillaboom|U-turn|p1a: Charizard\n|-resisted|p1a: Charizard\n|-damage|p1a: Charizard|86/100\n|\n|t:|1771270263\n|switch|p2a: Houndoom|Houndoom-Mega, M|41/100|[from] U-turn\n|\n|-weather|SunnyDay|[upkeep]\n|-damage|p2a: Houndoom|29/100|[from] ability: Solar Power|[of] p2a: Houndoom\n|-heal|p2a: Houndoom|35/100|[from] Grassy Terrain\n|upkeep\n|turn|18\n|\n|t:|1771270268\n|move|p2a: Houndoom|Dark Pulse|p1a: Charizard\n|-damage|p1a: Charizard|15/100\n|move|p1a: Charizard|Weather Ball|p2a: Houndoom\n|-resisted|p2a: Houndoom\n|-damage|p2a: Houndoom|0 fnt\n|faint|p2a: Houndoom\n|detailschange|p2: Houndoom|Houndoom, M|[silent]\n|\n|-weather|SunnyDay|[upkeep]\n|upkeep\n|\n|t:|1771270274\n|switch|p2a: Rillaboom|Rillaboom, M|56/100\n|turn|19\n|\n|t:|1771270280\n|move|p2a: Rillaboom|Grassy Glide|p1a: Charizard\n|-resisted|p1a: Charizard\n|-damage|p1a: Charizard|0 fnt\n|faint|p1a: Charizard\n|detailschange|p1: Charizard|Charizard, M|[silent]\n|\n|-weather|SunnyDay|[upkeep]\n|-heal|p2a: Rillaboom|62/100|[from] Grassy Terrain\n|upkeep\n|\n|t:|1771270284\n|switch|p1a: Tapu Koko|Tapu Koko|96/100\n|-fieldstart|move: Electric Terrain|[from] ability: Electric Surge|[of] p1a: Tapu Koko\n|turn|20\n|\n|t:|1771270288\n|switch|p2a: Raging Bolt|Raging Bolt|20/100 frz\n|-activate|p2a: Raging Bolt|ability: Protosynthesis\n|-start|p2a: Raging Bolt|protosynthesisspa\n|move|p1a: Tapu Koko|Volt Switch|p2a: Raging Bolt\n|-resisted|p2a: Raging Bolt\n|-damage|p2a: Raging Bolt|7/100 frz\n|\n|t:|1771270290\n|switch|p1a: Iron Crown|Iron Crown|100/100|[from] Volt Switch\n|-activate|p1a: Iron Crown|ability: Quark Drive\n|-start|p1a: Iron Crown|quarkdrivespa\n|\n|-weather|SunnyDay|[upkeep]\n|upkeep\n|turn|21\n|\n|t:|1771270296\n|cant|p2a: Raging Bolt|frz\n|move|p1a: Iron Crown|Volt Switch|p2a: Raging Bolt\n|-resisted|p2a: Raging Bolt\n|-damage|p2a: Raging Bolt|0 fnt\n|faint|p2a: Raging Bolt\n|-end|p2a: Raging Bolt|Protosynthesis|[silent]\n|\n|t:|1771270298\n|-end|p1a: Iron Crown|Quark Drive|[silent]\n|switch|p1a: Tapu Koko|Tapu Koko|96/100|[from] Volt Switch\n|\n|-weather|none\n|upkeep\n|\n|t:|1771270299\n|switch|p2a: Rillaboom|Rillaboom, M|62/100\n|-fieldstart|move: Grassy Terrain|[from] ability: Grassy Surge|[of] p2a: Rillaboom\n|turn|22\n|\n|t:|1771270302\n|move|p1a: Tapu Koko|Volt Switch|p2a: Rillaboom\n|-resisted|p2a: Rillaboom\n|-damage|p2a: Rillaboom|33/100\n|\n|t:|1771270304\n|switch|p1a: Iron Crown|Iron Crown|100/100|[from] Volt Switch\n|move|p2a: Rillaboom|High Horsepower|p1a: Iron Crown\n|-supereffective|p1a: Iron Crown\n|-damage|p1a: Iron Crown|0 fnt\n|faint|p1a: Iron Crown\n|-end|p1a: Iron Crown|Quark Drive|[silent]\n|\n|-heal|p2a: Rillaboom|39/100|[from] Grassy Terrain\n|upkeep\n|\n|t:|1771270305\n|switch|p1a: Tapu Koko|Tapu Koko|96/100\n|-fieldstart|move: Electric Terrain|[from] ability: Electric Surge|[of] p1a: Tapu Koko\n|turn|23\n|\n|t:|1771270312\n|switch|p2a: Corviknight|Corviknight, F|100/100\n|-ability|p2a: Corviknight|Pressure\n|move|p1a: Tapu Koko|Thunderbolt|p2a: Corviknight\n|-supereffective|p2a: Corviknight\n|-damage|p2a: Corviknight|2/100\n|\n|upkeep\n|turn|24\n|\n|t:|1771270314\n|move|p1a: Tapu Koko|Thunderbolt|p2a: Corviknight\n|-supereffective|p2a: Corviknight\n|-damage|p2a: Corviknight|0 fnt\n|faint|p2a: Corviknight\n|\n|upkeep\n|\n|t:|1771270315\n|switch|p2a: Rillaboom|Rillaboom, M|39/100\n|-fieldstart|move: Grassy Terrain|[from] ability: Grassy Surge|[of] p2a: Rillaboom\n|turn|25\n|\n|t:|1771270316\n|move|p2a: Rillaboom|Grassy Glide|p1a: Tapu Koko\n|-damage|p1a: Tapu Koko|9/100\n|move|p1a: Tapu Koko|Thunderbolt|p2a: Rillaboom\n|-resisted|p2a: Rillaboom\n|-damage|p2a: Rillaboom|6/100\n|\n|-heal|p1a: Tapu Koko|15/100|[from] Grassy Terrain\n|-heal|p2a: Rillaboom|13/100|[from] Grassy Terrain\n|upkeep\n|turn|26\n|j| Reyanek\n|\n|t:|1771270323\n|move|p2a: Rillaboom|Grassy Glide|p1a: Tapu Koko\n|-damage|p1a: Tapu Koko|0 fnt\n|faint|p1a: Tapu Koko\n|\n|win|Covenant Phantom\n|raw|CanaryKill's rating: 1687 &rarr; <strong>1661</strong><br />(-26 for losing)\n|raw|Covenant Phantom's rating: 1583 &rarr; <strong>1609</strong><br />(+26 for winning)\n|l|☆CanaryKill\n|player|p1|\n|l| Reyanek\n|l|☆Covenant Phantom\n|player|p2|\n", "uploadtime": 1771270331, "views": 0, "formatid": "gen9nationaldex", "rating": 1609, "private": 0, "password": null}