{"id": "gen9nationaldex-2540250330", "format": "[Gen 9] National Dex", "players": ["TheHouseFell", "Cerberus 17"], "log": "|j|☆TheHouseFell\n|j|☆Cerberus 17\n|t:|1771180706\n|gametype|singles\n|player|p1|TheHouseFell|ingo|1642\n|player|p2|Cerberus 17|cynthia-gen4|1753\n|gen|9\n|tier|[Gen 9] National Dex\n|rated|\n|rule|HP Percentage Mod: HP is shown in percentages\n|rule|Endless Battle Clause: Forcing endless battles is banned\n|rule|Species Clause: Limit one of each Pokémon\n|rule|OHKO Clause: OHKO moves are banned\n|rule|Evasion Clause: Evasion abilities, items, and moves are banned\n|rule|Evasion Abilities Clause: Evasion abilities are banned\n|rule|Evasion Items Clause: Evasion items are banned\n|rule|Evasion Moves Clause: Evasion moves are banned\n|rule|Sleep Clause Mod: Limit one foe put to sleep\n|rule|Terastal Clause: You cannot Terastallize\n|clearpoke\n|poke|p1|Greninja-*, M|\n|poke|p1|Gardevoir, M|\n|poke|p1|Landorus-Therian, M|\n|poke|p1|Zapdos|\n|poke|p1|Heatran, M|\n|poke|p1|Pecharunt|\n|poke|p2|Tyranitar, F|\n|poke|p2|Kartana|\n|poke|p2|Diancie|\n|poke|p2|Excadrill, M|\n|poke|p2|Sinistcha-Masterpiece|\n|poke|p2|Kommo-o, M|\n|teampreview\n|inactive|Battle timer is ON: inactive players will automatically lose when time's up. (requested by Cerberus 17)\n|\n|t:|1771180728\n|teamsize|p1|6\n|teamsize|p2|6\n|start\n|switch|p1a: Greninja|Greninja, M|100/100\n|switch|p2a: Sinistcha|Sinistcha-Masterpiece|100/100\n|turn|1\n|\n|t:|1771180733\n|switch|p2a: Tyranitar|Tyranitar, F|100/100\n|-weather|Sandstorm|[from] ability: Sand Stream|[of] p2a: Tyranitar\n|move|p1a: Greninja|Dark Pulse|p2a: Tyranitar\n|-start|p1a: Greninja|typechange|Dark|[from] ability: Protean\n|-resisted|p2a: Tyranitar\n|-damage|p2a: Tyranitar|84/100\n|\n|-weather|Sandstorm|[upkeep]\n|-damage|p1a: Greninja|95/100|[from] Sandstorm\n|upkeep\n|turn|2\n|\n|t:|1771180742\n|switch|p1a: Landorus|Landorus-Therian, M|100/100\n|-ability|p1a: Landorus|Intimidate|boost\n|-unboost|p2a: Tyranitar|atk|1\n|move|p2a: Tyranitar|Knock Off|p1a: Landorus\n|-damage|p1a: Landorus|54/100\n|-enditem|p1a: Landorus|Choice Scarf|[from] move: Knock Off|[of] p2a: Tyranitar\n|\n|-weather|Sandstorm|[upkeep]\n|upkeep\n|turn|3\n|\n|t:|1771180750\n|move|p1a: Landorus|U-turn|p2a: Tyranitar\n|-supereffective|p2a: Tyranitar\n|-damage|p2a: Tyranitar|43/100\n|\n|t:|1771180767\n|switch|p1a: Heatran|Heatran, M|100/100|[from] U-turn\n|move|p2a: Tyranitar|Avalanche|p1a: Heatran\n|-resisted|p1a: Heatran\n|-damage|p1a: Heatran|97/100\n|\n|-weather|Sandstorm|[upkeep]\n|-heal|p1a: Heatran|100/100|[from] item: Leftovers\n|upkeep\n|turn|4\n|\n|t:|1771180787\n|switch|p2a: Sinistcha|Sinistcha-Masterpiece|100/100\n|move|p1a: Heatran|Stealth Rock|p2a: Sinistcha\n|-sidestart|p2: Cerberus 17|move: Stealth Rock\n|\n|-weather|Sandstorm|[upkeep]\n|-damage|p2a: Sinistcha|94/100|[from] Sandstorm\n|-heal|p2a: Sinistcha|100/100|[from] item: Leftovers\n|upkeep\n|turn|5\n|\n|t:|1771180791\n|move|p1a: Heatran|Magma Storm|p2a: Sinistcha\n|-supereffective|p2a: Sinistcha\n|-damage|p2a: Sinistcha|46/100\n|-activate|p2a: Sinistcha|move: Magma Storm|[of] p1a: Heatran\n|move|p2a: Sinistcha|Scald|p1a: Heatran\n|-supereffective|p1a: Heatran\n|-damage|p1a: Heatran|70/100\n|\n|-weather|Sandstorm|[upkeep]\n|-damage|p2a: Sinistcha|40/100|[from] Sandstorm\n|-heal|p1a: Heatran|77/100|[from] item: Leftovers\n|-heal|p2a: Sinistcha|46/100|[from] item: Leftovers\n|-damage|p2a: Sinistcha|34/100|[from] move: Magma Storm|[partiallytrapped]\n|upkeep\n|turn|6\n|\n|t:|1771180798\n|move|p1a: Heatran|Toxic|p2a: Sinistcha\n|-status|p2a: Sinistcha|tox\n|move|p2a: Sinistcha|Strength Sap|p1a: Heatran\n|-unboost|p1a: Heatran|atk|1\n|-heal|p2a: Sinistcha|82/100 tox\n|\n|-weather|Sandstorm|[upkeep]\n|-damage|p2a: Sinistcha|76/100 tox|[from] Sandstorm\n|-heal|p1a: Heatran|83/100|[from] item: Leftovers\n|-heal|p2a: Sinistcha|82/100 tox|[from] item: Leftovers\n|-damage|p2a: Sinistcha|76/100 tox|[from] psn\n|-damage|p2a: Sinistcha|63/100 tox|[from] move: Magma Storm|[partiallytrapped]\n|upkeep\n|turn|7\n|\n|t:|1771180804\n|move|p1a: Heatran|Magma Storm|p2a: Sinistcha\n|-supereffective|p2a: Sinistcha\n|-damage|p2a: Sinistcha|14/100 tox\n|move|p2a: Sinistcha|Scald|p1a: Heatran\n|-supereffective|p1a: Heatran\n|-damage|p1a: Heatran|56/100\n|\n|-weather|Sandstorm|[upkeep]\n|-damage|p2a: Sinistcha|8/100 tox|[from] Sandstorm\n|-heal|p1a: Heatran|63/100|[from] item: Leftovers\n|-heal|p2a: Sinistcha|14/100 tox|[from] item: Leftovers\n|-damage|p2a: Sinistcha|2/100 tox|[from] psn\n|-damage|p2a: Sinistcha|0 fnt|[from] move: Magma Storm|[partiallytrapped]\n|faint|p2a: Sinistcha\n|upkeep\n|\n|t:|1771180819\n|switch|p2a: Kommo-o|Kommo-o, M|100/100\n|-damage|p2a: Kommo-o|94/100|[from] Stealth Rock\n|turn|8\n|\n|t:|1771180824\n|switch|p1a: Gardevoir|Gardevoir, M|100/100\n|-ability|p1a: Gardevoir|Soundproof|Trace|[from] ability: Trace|[of] p2a: Kommo-o\n|move|p2a: Kommo-o|Poison Jab|p1a: Gardevoir\n|-supereffective|p1a: Gardevoir\n|-crit|p1a: Gardevoir\n|-damage|p1a: Gardevoir|0 fnt\n|faint|p1a: Gardevoir\n|\n|-weather|none\n|upkeep\n|\n|t:|1771180830\n|switch|p1a: Greninja|Greninja, M|95/100\n|turn|9\n|\n|t:|1771180837\n|switch|p2a: Tyranitar|Tyranitar, F|43/100\n|-damage|p2a: Tyranitar|31/100|[from] Stealth Rock\n|-weather|Sandstorm|[from] ability: Sand Stream|[of] p2a: Tyranitar\n|move|p1a: Greninja|Ice Beam|p2a: Tyranitar\n|-start|p1a: Greninja|typechange|Ice|[from] ability: Protean\n|-damage|p2a: Tyranitar|0 fnt\n|faint|p2a: Tyranitar\n|\n|-weather|Sandstorm|[upkeep]\n|-damage|p1a: Greninja|89/100|[from] Sandstorm\n|upkeep\n|\n|t:|1771180853\n|switch|p2a: Diancie|Diancie|100/100\n|-damage|p2a: Diancie|88/100|[from] Stealth Rock\n|turn|10\n|\n|t:|1771180879\n|switch|p1a: Heatran|Heatran, M|63/100\n|detailschange|p2a: Diancie|Diancie-Mega\n|-mega|p2a: Diancie|Diancie|Diancite\n|move|p2a: Diancie|Diamond Storm|p1a: Heatran\n|-damage|p1a: Heatran|19/100\n|\n|-weather|Sandstorm|[upkeep]\n|-heal|p1a: Heatran|25/100|[from] item: Leftovers\n|upkeep\n|turn|11\n|\n|t:|1771180894\n|move|p2a: Diancie|Diamond Storm|p1a: Heatran\n|-damage|p1a: Heatran|0 fnt\n|-boost|p2a: Diancie|def|2\n|faint|p1a: Heatran\n|\n|-weather|Sandstorm|[upkeep]\n|upkeep\n|\n|t:|1771180897\n|switch|p1a: Greninja|Greninja, M|89/100\n|turn|12\n|\n|t:|1771180913\n|move|p1a: Greninja|Hydro Pump|p2a: Diancie\n|-start|p1a: Greninja|typechange|Water|[from] ability: Protean\n|-supereffective|p2a: Diancie\n|-damage|p2a: Diancie|0 fnt\n|faint|p2a: Diancie\n|detailschange|p2: Diancie|Diancie|[silent]\n|\n|-weather|Sandstorm|[upkeep]\n|-damage|p1a: Greninja|83/100|[from] Sandstorm\n|upkeep\n|\n|t:|1771180920\n|switch|p2a: Kommo-o|Kommo-o, M|94/100\n|-damage|p2a: Kommo-o|88/100|[from] Stealth Rock\n|turn|13\n|\n|t:|1771180928\n|switch|p1a: Landorus|Landorus-Therian, M|54/100\n|-ability|p1a: Landorus|Intimidate|boost\n|-unboost|p2a: Kommo-o|atk|1\n|-zpower|p2a: Kommo-o\n|move|p2a: Kommo-o|Clangorous Soulblaze|p1a: Landorus|[zeffect]\n|-damage|p1a: Landorus|0 fnt\n|faint|p1a: Landorus\n|-boost|p2a: Kommo-o|atk|1\n|-boost|p2a: Kommo-o|def|1\n|-boost|p2a: Kommo-o|spa|1\n|-boost|p2a: Kommo-o|spd|1\n|-boost|p2a: Kommo-o|spe|1\n|\n|-weather|Sandstorm|[upkeep]\n|-damage|p2a: Kommo-o|82/100|[from] Sandstorm\n|upkeep\n|\n|t:|1771180931\n|switch|p1a: Zapdos|Zapdos|100/100\n|turn|14\n|\n|t:|1771180935\n|move|p2a: Kommo-o|Clanging Scales|p1a: Zapdos\n|-damage|p1a: Zapdos|32/100\n|-unboost|p2a: Kommo-o|def|1\n|move|p1a: Zapdos|Hurricane|p2a: Kommo-o\n|-supereffective|p2a: Kommo-o\n|-damage|p2a: Kommo-o|5/100\n|\n|-weather|Sandstorm|[upkeep]\n|-damage|p2a: Kommo-o|0 fnt|[from] Sandstorm\n|-damage|p1a: Zapdos|26/100|[from] Sandstorm\n|faint|p2a: Kommo-o\n|upkeep\n|\n|t:|1771180941\n|switch|p2a: Excadrill|Excadrill, M|100/100\n|-damage|p2a: Excadrill|97/100|[from] Stealth Rock\n|turn|15\n|\n|t:|1771180945\n|move|p2a: Excadrill|Rock Slide|p1a: Zapdos\n|-supereffective|p1a: Zapdos\n|-damage|p1a: Zapdos|0 fnt\n|faint|p1a: Zapdos\n|\n|-weather|Sandstorm|[upkeep]\n|upkeep\n|\n|t:|1771180949\n|switch|p1a: Pecharunt|Pecharunt|100/100\n|turn|16\n|\n|t:|1771180957\n|move|p2a: Excadrill|Rock Slide|p1a: Pecharunt\n|-damage|p1a: Pecharunt|74/100\n|cant|p1a: Pecharunt|flinch\n|\n|-weather|none\n|upkeep\n|turn|17\n|\n|t:|1771180964\n|move|p2a: Excadrill|Rock Slide|p1a: Pecharunt\n|-damage|p1a: Pecharunt|45/100\n|-zpower|p1a: Pecharunt\n|move|p1a: Pecharunt|Never-Ending Nightmare|p2a: Excadrill|[zeffect]\n|-damage|p2a: Excadrill|0 fnt\n|faint|p2a: Excadrill\n|\n|upkeep\n|\n|t:|1771180984\n|switch|p2a: Kartana|Kartana|100/100\n|-damage|p2a: Kartana|94/100|[from] Stealth Rock\n|turn|18\n|\n|t:|1771180998\n|move|p2a: Kartana|Leaf Blade|p1a: Pecharunt\n|-resisted|p1a: Pecharunt\n|-damage|p1a: Pecharunt|21/100\n|move|p1a: Pecharunt|Recover|p1a: Pecharunt\n|-heal|p1a: Pecharunt|71/100\n|\n|upkeep\n|turn|19\n|\n|t:|1771181004\n|move|p2a: Kartana|Leaf Blade|p1a: Pecharunt\n|-resisted|p1a: Pecharunt\n|-damage|p1a: Pecharunt|50/100\n|move|p1a: Pecharunt|Recover|p1a: Pecharunt\n|-heal|p1a: Pecharunt|99/100\n|\n|upkeep\n|turn|20\n|\n|t:|1771181007\n|move|p2a: Kartana|Leaf Blade|p1a: Pecharunt\n|-resisted|p1a: Pecharunt\n|-damage|p1a: Pecharunt|78/100\n|move|p1a: Pecharunt|Nasty Plot|p1a: Pecharunt\n|-boost|p1a: Pecharunt|spa|2\n|\n|upkeep\n|turn|21\n|\n|t:|1771181011\n|move|p2a: Kartana|Leaf Blade|p1a: Pecharunt\n|-resisted|p1a: Pecharunt\n|-damage|p1a: Pecharunt|58/100\n|move|p1a: Pecharunt|Shadow Ball|p2a: Kartana\n|-damage|p2a: Kartana|0 fnt\n|faint|p2a: Kartana\n|\n|win|TheHouseFell\n|raw|TheHouseFell's rating: 1642 &rarr; <strong>1668</strong><br />(+26 for winning)\n|raw|Cerberus 17's rating: 1753 &rarr; <strong>1727</strong><br />(-26 for losing)\n|l|☆Cerberus 17\n|player|p2|\n|l|☆TheHouseFell\n|player|p1|\n", "uploadtime": 1771181222, "views": 10, "formatid": "gen9nationaldex", "rating": 1668, "private": 0, "password": null}