{"id": "gen9nationaldex-2540568760", "format": "[Gen 9] National Dex", "players": ["hhxh镜花水月", "ky40"], "log": "|j|☆hhxh镜花水月\n|j|☆ky40\n|t:|1771219442\n|gametype|singles\n|player|p1|hhxh镜花水月|miku-ghost|1504\n|player|p2|ky40|170|1525\n|gen|9\n|tier|[Gen 9] National Dex\n|rated|\n|rule|HP Percentage Mod: HP is shown in percentages\n|rule|Endless Battle Clause: Forcing endless battles is banned\n|rule|Species Clause: Limit one of each Pokémon\n|rule|OHKO Clause: OHKO moves are banned\n|rule|Evasion Clause: Evasion abilities, items, and moves are banned\n|rule|Evasion Abilities Clause: Evasion abilities are banned\n|rule|Evasion Items Clause: Evasion items are banned\n|rule|Evasion Moves Clause: Evasion moves are banned\n|rule|Sleep Clause Mod: Limit one foe put to sleep\n|rule|Terastal Clause: You cannot Terastallize\n|clearpoke\n|poke|p1|Melmetal|\n|poke|p1|Kingambit, M|\n|poke|p1|Alomomola, F|\n|poke|p1|Hatterene, F|\n|poke|p1|Landorus-Therian, M|\n|poke|p1|Latios, M|\n|poke|p2|Kommo-o, F|\n|poke|p2|Urshifu-*, F|\n|poke|p2|Gardevoir, M|\n|poke|p2|Iron Treads|\n|poke|p2|Amoonguss, M|\n|poke|p2|Blacephalon|\n|teampreview\n|\n|t:|1771219453\n|teamsize|p1|6\n|teamsize|p2|6\n|start\n|switch|p1a: Alomomola|Alomomola, F, shiny|100/100\n|switch|p2a: Blacephalon|Blacephalon|100/100\n|turn|1\n|\n|t:|1771219462\n|move|p1a: Alomomola|Protect|p1a: Alomomola\n|-singleturn|p1a: Alomomola|Protect\n|move|p2a: Blacephalon|Trick|p1a: Alomomola\n|-activate|p1a: Alomomola|move: Protect\n|\n|upkeep\n|turn|2\n|\n|t:|1771219468\n|switch|p2a: Amoonguss|Amoonguss, M|100/100\n|switch|p1a: Latios|Latios, M, shiny|100/100\n|\n|upkeep\n|turn|3\n|\n|t:|1771219475\n|switch|p2a: Iron Treads|Iron Treads|100/100\n|detailschange|p1a: Latios|Latios-Mega, M, shiny\n|-mega|p1a: Latios|Latios|Latiosite\n|move|p1a: Latios|Luster Purge|p2a: Iron Treads\n|-resisted|p2a: Iron Treads\n|-damage|p2a: Iron Treads|73/100\n|\n|-heal|p2a: Iron Treads|79/100|[from] item: Leftovers\n|upkeep\n|turn|4\n|\n|t:|1771219485\n|switch|p1a: Alomomola|Alomomola, F, shiny|100/100\n|move|p2a: Iron Treads|Knock Off|p1a: Alomomola\n|-damage|p1a: Alomomola|88/100\n|-damage|p2a: Iron Treads|63/100|[from] item: Rocky Helmet|[of] p1a: Alomomola\n|-enditem|p1a: Alomomola|Rocky Helmet|[from] move: Knock Off|[of] p2a: Iron Treads\n|\n|-heal|p2a: Iron Treads|69/100|[from] item: Leftovers\n|upkeep\n|turn|5\n|\n|t:|1771219494\n|move|p2a: Iron Treads|Volt Switch|p1a: Alomomola\n|-supereffective|p1a: Alomomola\n|-damage|p1a: Alomomola|62/100\n|\n|t:|1771219499\n|-end|p2a: Iron Treads|Quark Drive|[silent]\n|switch|p2a: Gardevoir|Gardevoir, M|100/100|[from] Volt Switch\n|-ability|p2a: Gardevoir|Regenerator|Trace|[from] ability: Trace|[of] p1a: Alomomola\n|move|p1a: Alomomola|Flip Turn|p2a: Gardevoir\n|-damage|p2a: Gardevoir|78/100\n|\n|t:|1771219504\n|switch|p1a: Melmetal|Melmetal, shiny|100/100|[from] Flip Turn\n|\n|upkeep\n|turn|6\n|\n|t:|1771219510\n|switch|p2a: Amoonguss|Amoonguss, M|100/100\n|move|p1a: Melmetal|Double Iron Bash|p2a: Amoonguss\n|-damage|p2a: Amoonguss|68/100\n|-damage|p1a: Melmetal|84/100|[from] item: Rocky Helmet|[of] p2a: Amoonguss\n|-damage|p2a: Amoonguss|36/100\n|-damage|p1a: Melmetal|67/100|[from] item: Rocky Helmet|[of] p2a: Amoonguss\n|-hitcount|p2a: Amoonguss|2\n|\n|upkeep\n|turn|7\n|\n|t:|1771219522\n|switch|p2a: Iron Treads|Iron Treads|69/100\n|move|p1a: Melmetal|Ice Punch|p2a: Iron Treads\n|-damage|p2a: Iron Treads|36/100\n|\n|-heal|p2a: Iron Treads|42/100|[from] item: Leftovers\n|upkeep\n|turn|8\n|\n|t:|1771219529\n|switch|p1a: Alomomola|Alomomola, F, shiny|95/100\n|move|p2a: Iron Treads|Knock Off|p1a: Alomomola\n|-damage|p1a: Alomomola|87/100\n|\n|-heal|p2a: Iron Treads|48/100|[from] item: Leftovers\n|upkeep\n|turn|9\n|\n|t:|1771219538\n|-end|p2a: Iron Treads|Quark Drive|[silent]\n|switch|p2a: Amoonguss|Amoonguss, M|69/100\n|move|p1a: Alomomola|Mirror Coat||[still]\n|-fail|p1a: Alomomola\n|\n|upkeep\n|turn|10\n|\n|t:|1771219545\n|move|p1a: Alomomola|Flip Turn|p2a: Amoonguss\n|-resisted|p2a: Amoonguss\n|-crit|p2a: Amoonguss\n|-damage|p2a: Amoonguss|60/100\n|-damage|p1a: Alomomola|70/100|[from] item: Rocky Helmet|[of] p2a: Amoonguss\n|\n|t:|1771219547\n|switch|p1a: OK女仆|Hatterene, F, shiny|100/100|[from] Flip Turn\n|move|p2a: Amoonguss|Spore|p1a: OK女仆\n|move|p1a: OK女仆|Spore|p2a: Amoonguss|[from] ability: Magic Bounce\n|-immune|p2a: Amoonguss\n|\n|upkeep\n|turn|11\n|\n|t:|1771219559\n|switch|p2a: Iron Treads|Iron Treads|48/100\n|move|p1a: OK女仆|Psychic Noise|p2a: Iron Treads\n|-resisted|p2a: Iron Treads\n|-damage|p2a: Iron Treads|27/100\n|-start|p2a: Iron Treads|move: Heal Block\n|\n|upkeep\n|turn|12\n|\n|t:|1771219566\n|switch|p1a: Alomomola|Alomomola, F, shiny|100/100\n|move|p2a: Iron Treads|Volt Switch|p1a: Alomomola\n|-supereffective|p1a: Alomomola\n|-damage|p1a: Alomomola|74/100\n|\n|t:|1771219586\n|-end|p2a: Iron Treads|Quark Drive|[silent]\n|switch|p2a: Amoonguss|Amoonguss, M|93/100|[from] Volt Switch\n|\n|upkeep\n|turn|13\n|\n|t:|1771219589\n|move|p1a: Alomomola|Flip Turn|p2a: Amoonguss\n|-resisted|p2a: Amoonguss\n|-damage|p2a: Amoonguss|87/100\n|-damage|p1a: Alomomola|57/100|[from] item: Rocky Helmet|[of] p2a: Amoonguss\n|\n|t:|1771219599\n|switch|p1a: Latios|Latios-Mega, M, shiny|100/100|[from] Flip Turn\n|move|p2a: Amoonguss|Sludge Bomb|p1a: Latios\n|-damage|p1a: Latios|69/100\n|\n|upkeep\n|turn|14\n|\n|t:|1771219608\n|switch|p2a: Gardevoir|Gardevoir, M|100/100\n|-ability|p2a: Gardevoir|Levitate|Trace|[from] ability: Trace|[of] p1a: Latios\n|move|p1a: Latios|Luster Purge|p2a: Gardevoir\n|-resisted|p2a: Gardevoir\n|-damage|p2a: Gardevoir|73/100\n|\n|upkeep\n|turn|15\n|\n|t:|1771219615\n|switch|p1a: Melmetal|Melmetal, shiny|67/100\n|move|p2a: Gardevoir|Draining Kiss|p1a: Melmetal\n|-resisted|p1a: Melmetal\n|-damage|p1a: Melmetal|60/100\n|-heal|p2a: Gardevoir|80/100|[from] drain|[of] p1a: Melmetal\n|\n|upkeep\n|turn|16\n|\n|t:|1771219623\n|switch|p2a: Amoonguss|Amoonguss, M|100/100\n|switch|p1a: Landorus|Landorus-Therian, M|100/100\n|-ability|p1a: Landorus|Intimidate|boost\n|-unboost|p2a: Amoonguss|atk|1\n|\n|upkeep\n|turn|17\n|\n|t:|1771219629\n|-zpower|p1a: Landorus\n|move|p1a: Landorus|Supersonic Skystrike|p2a: Amoonguss|[zeffect]\n|-supereffective|p2a: Amoonguss\n|-damage|p2a: Amoonguss|0 fnt\n|faint|p2a: Amoonguss\n|\n|upkeep\n|\n|t:|1771219640\n|switch|p2a: Kommo-o|Kommo-o, F|100/100\n|turn|18\n|\n|t:|1771219644\n|move|p1a: Landorus|Fly||[still]\n|-prepare|p1a: Landorus|Fly\n|move|p2a: Kommo-o|Clangorous Soul|p2a: Kommo-o\n|-boost|p2a: Kommo-o|atk|1\n|-boost|p2a: Kommo-o|def|1\n|-boost|p2a: Kommo-o|spa|1\n|-boost|p2a: Kommo-o|spd|1\n|-boost|p2a: Kommo-o|spe|1\n|-damage|p2a: Kommo-o|68/100\n|\n|upkeep\n|turn|19\n|\n|t:|1771219653\n|move|p2a: Kommo-o|Clangorous Soul|p2a: Kommo-o\n|-boost|p2a: Kommo-o|atk|1\n|-boost|p2a: Kommo-o|def|1\n|-boost|p2a: Kommo-o|spa|1\n|-boost|p2a: Kommo-o|spd|1\n|-boost|p2a: Kommo-o|spe|1\n|-damage|p2a: Kommo-o|35/100\n|move|p1a: Landorus|Fly|p2a: Kommo-o|[from] lockedmove\n|-supereffective|p2a: Kommo-o\n|-damage|p2a: Kommo-o|0 fnt\n|faint|p2a: Kommo-o\n|\n|upkeep\n|\n|t:|1771219668\n|switch|p2a: Blacephalon|Blacephalon|100/100\n|turn|20\n|\n|t:|1771219684\n|move|p2a: Blacephalon|Shadow Ball|p1a: Landorus\n|-damage|p1a: Landorus|32/100\n|move|p1a: Landorus|Rock Polish|p1a: Landorus\n|-boost|p1a: Landorus|spe|2\n|\n|upkeep\n|turn|21\n|c|☆hhxh镜花水月|gg\n|\n|t:|1771219691\n|switch|p2a: Gardevoir|Gardevoir, M|80/100\n|-ability|p2a: Gardevoir|Intimidate|Trace|[from] ability: Trace|[of] p1a: Landorus\n|-ability|p2a: Gardevoir|Intimidate|boost\n|-unboost|p1a: Landorus|atk|1\n|move|p1a: Landorus|Earthquake|p2a: Gardevoir\n|-damage|p2a: Gardevoir|24/100\n|\n|upkeep\n|turn|22\n|\n|t:|1771219700\n|switch|p2a: Urshifu|Urshifu-Rapid-Strike, F|100/100\n|move|p1a: Landorus|Earthquake|p2a: Urshifu\n|-damage|p2a: Urshifu|60/100\n|\n|upkeep\n|turn|23\n|\n|t:|1771219710\n|switch|p1a: Alomomola|Alomomola, F, shiny|91/100\n|switch|p2a: Blacephalon|Blacephalon|100/100\n|\n|upkeep\n|turn|24\n|\n|t:|1771219716\n|switch|p2a: Gardevoir|Gardevoir, M|24/100\n|-ability|p2a: Gardevoir|Regenerator|Trace|[from] ability: Trace|[of] p1a: Alomomola\n|move|p1a: Alomomola|Protect||[still]\n|-fail|p1a: Alomomola\n|\n|upkeep\n|turn|25\n|\n|t:|1771219724\n|switch|p2a: Urshifu|Urshifu-Rapid-Strike, F|60/100\n|move|p1a: Alomomola|Mirror Coat||[still]\n|-fail|p1a: Alomomola\n|\n|upkeep\n|turn|26\n|\n|t:|1771219730\n|move|p2a: Urshifu|U-turn|p1a: Alomomola\n|-damage|p1a: Alomomola|70/100\n|\n|t:|1771219734\n|switch|p2a: Gardevoir|Gardevoir, M|57/100|[from] U-turn\n|-ability|p2a: Gardevoir|Regenerator|Trace|[from] ability: Trace|[of] p1a: Alomomola\n|move|p1a: Alomomola|Wish|p1a: Alomomola\n|\n|upkeep\n|turn|27\n|\n|t:|1771219741\n|switch|p1a: Melmetal|Melmetal, shiny|60/100\n|move|p2a: Gardevoir|Encore||[still]\n|-fail|p2a: Gardevoir\n|\n|-heal|p1a: Melmetal|100/100|[from] move: Wish|[wisher] Alomomola\n|upkeep\n|turn|28\n|-message|ky40 forfeited.\n|\n|win|hhxh镜花水月\n|raw|hhxh镜花水月's rating: 1504 &rarr; <strong>1525</strong><br />(+21 for winning)\n|raw|ky40's rating: 1525 &rarr; <strong>1504</strong><br />(-21 for losing)\n|l|☆ky40\n|player|p2|\n|l|☆hhxh镜花水月\n|player|p1|\n", "uploadtime": 1771220072, "views": 8, "formatid": "gen9nationaldex", "rating": 1504, "private": 0, "password": null}