{"id": "gen9nationaldex-2540507896", "format": "[Gen 9] National Dex", "players": ["roninakahito", "xyyyyyz"], "log": "|j|☆roninakahito\n|j|☆xyyyyyz\n|t:|1771210757\n|gametype|singles\n|player|p1|roninakahito|caitlin|1646\n|player|p2|xyyyyyz|miku-fire|1564\n|gen|9\n|tier|[Gen 9] National Dex\n|rated|\n|rule|HP Percentage Mod: HP is shown in percentages\n|rule|Endless Battle Clause: Forcing endless battles is banned\n|rule|Species Clause: Limit one of each Pokémon\n|rule|OHKO Clause: OHKO moves are banned\n|rule|Evasion Clause: Evasion abilities, items, and moves are banned\n|rule|Evasion Abilities Clause: Evasion abilities are banned\n|rule|Evasion Items Clause: Evasion items are banned\n|rule|Evasion Moves Clause: Evasion moves are banned\n|rule|Sleep Clause Mod: Limit one foe put to sleep\n|rule|Terastal Clause: You cannot Terastallize\n|clearpoke\n|poke|p1|Rillaboom, M|\n|poke|p1|Great Tusk|\n|poke|p1|Suicune|\n|poke|p1|Iron Crown|\n|poke|p1|Tyranitar, F|\n|poke|p1|Volcarona, F|\n|poke|p2|Zapdos|\n|poke|p2|Hoopa-Unbound|\n|poke|p2|Glimmora, F|\n|poke|p2|Gholdengo|\n|poke|p2|Lopunny, F|\n|poke|p2|Alomomola, F|\n|teampreview\n|inactive|Battle timer is ON: inactive players will automatically lose when time's up. (requested by roninakahito)\n|inactive|xyyyyyz also wants the timer to be on.\n|\n|t:|1771210763\n|teamsize|p1|6\n|teamsize|p2|6\n|start\n|switch|p1a: Suicune|Suicune|100/100\n|switch|p2a: Lopunny|Lopunny, F, shiny|100/100\n|-ability|p1a: Suicune|Pressure\n|turn|1\n|\n|t:|1771210766\n|detailschange|p2a: Lopunny|Lopunny-Mega, F, shiny\n|-mega|p2a: Lopunny|Lopunny|Lopunnite\n|move|p1a: Suicune|Protect|p1a: Suicune\n|-singleturn|p1a: Suicune|Protect\n|move|p2a: Lopunny|Fake Out|p1a: Suicune\n|-activate|p1a: Suicune|move: Protect\n|\n|upkeep\n|turn|2\n|\n|t:|1771210773\n|switch|p2a: Alomomola|Alomomola, F|100/100\n|move|p1a: Suicune|Calm Mind|p1a: Suicune\n|-boost|p1a: Suicune|spa|1\n|-boost|p1a: Suicune|spd|1\n|\n|upkeep\n|turn|3\n|\n|t:|1771210781\n|move|p1a: Suicune|Substitute|p1a: Suicune\n|-start|p1a: Suicune|Substitute\n|-damage|p1a: Suicune|75/100\n|move|p2a: Alomomola|Body Slam|p1a: Suicune\n|-activate|p1a: Suicune|move: Substitute|[damage]\n|\n|-heal|p1a: Suicune|82/100|[from] item: Leftovers\n|upkeep\n|turn|4\n|\n|t:|1771210784\n|move|p1a: Suicune|Calm Mind|p1a: Suicune\n|-boost|p1a: Suicune|spa|1\n|-boost|p1a: Suicune|spd|1\n|move|p2a: Alomomola|Flip Turn|p1a: Suicune\n|-resisted|p1a: Suicune\n|-activate|p1a: Suicune|move: Substitute|[damage]\n|\n|t:|1771210791\n|switch|p2a: Zapdos|Zapdos|100/100|[from] Flip Turn\n|\n|-heal|p1a: Suicune|88/100|[from] item: Leftovers\n|upkeep\n|turn|5\n|\n|t:|1771210793\n|move|p1a: Suicune|Protect|p1a: Suicune\n|-singleturn|p1a: Suicune|Protect\n|move|p2a: Zapdos|Volt Switch|p1a: Suicune\n|-activate|p1a: Suicune|move: Protect\n|\n|-heal|p1a: Suicune|94/100|[from] item: Leftovers\n|upkeep\n|turn|6\n|\n|t:|1771210800\n|move|p2a: Zapdos|Volt Switch|p1a: Suicune\n|-supereffective|p1a: Suicune\n|-end|p1a: Suicune|Substitute\n|\n|t:|1771210807\n|switch|p2a: Lopunny|Lopunny-Mega, F, shiny|100/100|[from] Volt Switch\n|move|p1a: Suicune|Substitute|p1a: Suicune\n|-start|p1a: Suicune|Substitute\n|-damage|p1a: Suicune|69/100\n|\n|-heal|p1a: Suicune|75/100|[from] item: Leftovers\n|upkeep\n|turn|7\n|\n|t:|1771210812\n|move|p1a: Suicune|Protect|p1a: Suicune\n|-singleturn|p1a: Suicune|Protect\n|move|p2a: Lopunny|Triple Axel|p1a: Suicune\n|-activate|p1a: Suicune|move: Protect\n|\n|-heal|p1a: Suicune|81/100|[from] item: Leftovers\n|upkeep\n|turn|8\n|\n|t:|1771210814\n|move|p2a: Lopunny|Frustration|p1a: Suicune\n|-end|p1a: Suicune|Substitute\n|move|p1a: Suicune|Scald|p2a: Lopunny\n|-damage|p2a: Lopunny|34/100\n|\n|-heal|p1a: Suicune|88/100|[from] item: Leftovers\n|upkeep\n|turn|9\n|\n|t:|1771210818\n|move|p1a: Suicune|Protect|p1a: Suicune\n|-singleturn|p1a: Suicune|Protect\n|move|p2a: Lopunny|Frustration|p1a: Suicune\n|-activate|p1a: Suicune|move: Protect\n|\n|-heal|p1a: Suicune|94/100|[from] item: Leftovers\n|upkeep\n|turn|10\n|\n|t:|1771210820\n|move|p2a: Lopunny|Frustration|p1a: Suicune\n|-damage|p1a: Suicune|50/100\n|move|p1a: Suicune|Scald|p2a: Lopunny\n|-damage|p2a: Lopunny|0 fnt\n|faint|p2a: Lopunny\n|detailschange|p2: Lopunny|Lopunny, F, shiny|[silent]\n|\n|-heal|p1a: Suicune|57/100|[from] item: Leftovers\n|upkeep\n|\n|t:|1771210826\n|switch|p2a: Zapdos|Zapdos|100/100\n|turn|11\n|\n|t:|1771210828\n|move|p1a: Suicune|Protect|p1a: Suicune\n|-singleturn|p1a: Suicune|Protect\n|move|p2a: Zapdos|Hurricane|p1a: Suicune\n|-activate|p1a: Suicune|move: Protect\n|\n|-heal|p1a: Suicune|63/100|[from] item: Leftovers\n|upkeep\n|turn|12\n|\n|t:|1771210830\n|move|p2a: Zapdos|Volt Switch|p1a: Suicune\n|-supereffective|p1a: Suicune\n|-damage|p1a: Suicune|45/100\n|\n|t:|1771210834\n|switch|p2a: Hoopa|Hoopa-Unbound|100/100|[from] Volt Switch\n|move|p1a: Suicune|Calm Mind|p1a: Suicune\n|-boost|p1a: Suicune|spa|1\n|-boost|p1a: Suicune|spd|1\n|\n|-heal|p1a: Suicune|51/100|[from] item: Leftovers\n|upkeep\n|turn|13\n|\n|t:|1771210836\n|move|p2a: Hoopa|Hyperspace Fury|p1a: Suicune\n|-damage|p1a: Suicune|0 fnt\n|-unboost|p2a: Hoopa|def|1\n|faint|p1a: Suicune\n|\n|upkeep\n|\n|t:|1771210839\n|switch|p1a: Rillaboom|Rillaboom, M|100/100\n|-fieldstart|move: Grassy Terrain|[from] ability: Grassy Surge|[of] p1a: Rillaboom\n|turn|14\n|\n|t:|1771210844\n|switch|p2a: Glimmora|Glimmora, F|100/100\n|move|p1a: Rillaboom|Swords Dance|p1a: Rillaboom\n|-boost|p1a: Rillaboom|atk|2\n|\n|upkeep\n|turn|15\n|\n|t:|1771210848\n|move|p2a: Glimmora|Sludge Wave|p1a: Rillaboom\n|-supereffective|p1a: Rillaboom\n|-damage|p1a: Rillaboom|0 fnt\n|faint|p1a: Rillaboom\n|\n|upkeep\n|\n|t:|1771210853\n|switch|p1a: Tyranitar|Tyranitar, F|100/100\n|-weather|Sandstorm|[from] ability: Sand Stream|[of] p1a: Tyranitar\n|turn|16\n|\n|t:|1771210855\n|move|p2a: Glimmora|Earth Power|p1a: Tyranitar\n|-supereffective|p1a: Tyranitar\n|-damage|p1a: Tyranitar|61/100\n|move|p1a: Tyranitar|Dragon Dance|p1a: Tyranitar\n|-boost|p1a: Tyranitar|atk|1\n|-boost|p1a: Tyranitar|spe|1\n|\n|-weather|Sandstorm|[upkeep]\n|-heal|p1a: Tyranitar|67/100|[from] Grassy Terrain\n|upkeep\n|turn|17\n|\n|t:|1771210860\n|detailschange|p1a: Tyranitar|Tyranitar-Mega, F\n|-mega|p1a: Tyranitar|Tyranitar|Tyranitarite\n|move|p1a: Tyranitar|Dragon Dance|p1a: Tyranitar\n|-boost|p1a: Tyranitar|atk|1\n|-boost|p1a: Tyranitar|spe|1\n|move|p2a: Glimmora|Mortal Spin|p1a: Tyranitar\n|-resisted|p1a: Tyranitar\n|-damage|p1a: Tyranitar|66/100\n|-status|p1a: Tyranitar|psn\n|\n|-weather|Sandstorm|[upkeep]\n|-heal|p1a: Tyranitar|72/100 psn|[from] Grassy Terrain\n|-damage|p1a: Tyranitar|59/100 psn|[from] psn\n|upkeep\n|turn|18\n|\n|t:|1771210866\n|move|p1a: Tyranitar|Knock Off|p2a: Glimmora\n|-enditem|p2a: Glimmora|Focus Sash\n|-damage|p2a: Glimmora|1/100\n|-activate|p2a: Glimmora|ability: Toxic Debris\n|-sidestart|p1: roninakahito|move: Toxic Spikes\n|move|p2a: Glimmora|Earth Power|p1a: Tyranitar\n|-supereffective|p1a: Tyranitar\n|-damage|p1a: Tyranitar|21/100 psn\n|\n|-weather|Sandstorm|[upkeep]\n|-heal|p1a: Tyranitar|27/100 psn|[from] Grassy Terrain\n|-heal|p2a: Glimmora|7/100|[from] Grassy Terrain\n|-damage|p1a: Tyranitar|15/100 psn|[from] psn\n|-fieldend|move: Grassy Terrain\n|upkeep\n|turn|19\n|\n|t:|1771210868\n|move|p1a: Tyranitar|Knock Off|p2a: Glimmora\n|-damage|p2a: Glimmora|0 fnt\n|-activate|p2a: Glimmora|ability: Toxic Debris\n|-sidestart|p1: roninakahito|move: Toxic Spikes\n|faint|p2a: Glimmora\n|\n|-weather|Sandstorm|[upkeep]\n|-damage|p1a: Tyranitar|2/100 psn|[from] psn\n|upkeep\n|\n|t:|1771210872\n|switch|p2a: Alomomola|Alomomola, F|100/100\n|turn|20\n|\n|t:|1771210874\n|move|p2a: Alomomola|Aqua Jet|p1a: Tyranitar\n|-supereffective|p1a: Tyranitar\n|-damage|p1a: Tyranitar|0 fnt\n|faint|p1a: Tyranitar\n|detailschange|p1: Tyranitar|Tyranitar, F|[silent]\n|\n|-weather|none\n|upkeep\n|\n|t:|1771210876\n|switch|p1a: Great Tusk|Great Tusk|100/100\n|-status|p1a: Great Tusk|tox\n|turn|21\n|\n|t:|1771210878\n|switch|p2a: Gholdengo|Gholdengo|100/100\n|-item|p2a: Gholdengo|Air Balloon\n|move|p1a: Great Tusk|Headlong Rush|p2a: Gholdengo\n|-immune|p2a: Gholdengo\n|\n|-damage|p1a: Great Tusk|94/100 tox|[from] psn\n|upkeep\n|turn|22\n|\n|t:|1771210882\n|move|p1a: Great Tusk|Stone Edge|p2a: Gholdengo\n|-resisted|p2a: Gholdengo\n|-damage|p2a: Gholdengo|87/100\n|-enditem|p2a: Gholdengo|Air Balloon\n|move|p2a: Gholdengo|Shadow Ball|p1a: Great Tusk\n|-damage|p1a: Great Tusk|39/100 tox\n|\n|-heal|p1a: Great Tusk|45/100 tox|[from] item: Leftovers\n|-damage|p1a: Great Tusk|33/100 tox|[from] psn\n|upkeep\n|turn|23\n|\n|t:|1771210889\n|switch|p2a: Alomomola|Alomomola, F|100/100\n|move|p1a: Great Tusk|Headlong Rush|p2a: Alomomola\n|-damage|p2a: Alomomola|53/100\n|-unboost|p1a: Great Tusk|def|1\n|-unboost|p1a: Great Tusk|spd|1\n|\n|-heal|p1a: Great Tusk|39/100 tox|[from] item: Leftovers\n|-damage|p1a: Great Tusk|20/100 tox|[from] psn\n|upkeep\n|turn|24\n|\n|t:|1771210896\n|move|p2a: Alomomola|Aqua Jet|p1a: Great Tusk\n|-supereffective|p1a: Great Tusk\n|-damage|p1a: Great Tusk|0 fnt\n|faint|p1a: Great Tusk\n|-end|p1a: Great Tusk|Protosynthesis|[silent]\n|\n|upkeep\n|\n|t:|1771210898\n|switch|p1a: Volcarona|Volcarona, F|100/100\n|-status|p1a: Volcarona|tox\n|turn|25\n|\n|t:|1771210901\n|switch|p2a: Zapdos|Zapdos|100/100\n|move|p1a: Volcarona|Quiver Dance|p1a: Volcarona\n|-boost|p1a: Volcarona|spa|1\n|-boost|p1a: Volcarona|spd|1\n|-boost|p1a: Volcarona|spe|1\n|\n|-damage|p1a: Volcarona|94/100 tox|[from] psn\n|upkeep\n|turn|26\n|\n|t:|1771210903\n|move|p1a: Volcarona|Fiery Dance|p2a: Zapdos\n|-damage|p2a: Zapdos|34/100\n|move|p2a: Zapdos|Volt Switch|p1a: Volcarona\n|-damage|p1a: Volcarona|73/100 tox\n|\n|t:|1771210906\n|switch|p2a: Alomomola|Alomomola, F|86/100|[from] Volt Switch\n|\n|-heal|p1a: Volcarona|79/100 tox|[from] item: Leftovers\n|-damage|p1a: Volcarona|67/100 tox|[from] psn\n|upkeep\n|turn|27\n|\n|t:|1771210908\n|move|p1a: Volcarona|Giga Drain|p2a: Alomomola\n|-supereffective|p2a: Alomomola\n|-damage|p2a: Alomomola|44/100\n|-heal|p1a: Volcarona|100/100 tox|[from] drain|[of] p2a: Alomomola\n|move|p2a: Alomomola|Mirror Coat|p1a: Volcarona\n|-damage|p1a: Volcarona|0 fnt\n|faint|p1a: Volcarona\n|\n|upkeep\n|\n|t:|1771210910\n|switch|p1a: Iron Crown|Iron Crown|100/100\n|turn|28\n|-message|roninakahito forfeited.\n|\n|win|xyyyyyz\n|raw|roninakahito's rating: 1646 &rarr; <strong>1621</strong><br />(-25 for losing)\n|raw|xyyyyyz's rating: 1564 &rarr; <strong>1589</strong><br />(+25 for winning)\n|l|☆roninakahito\n|player|p1|\n|l|☆xyyyyyz\n|player|p2|\n", "uploadtime": 1771211048, "views": 11, "formatid": "gen9nationaldex", "rating": 1589, "private": 0, "password": null}