{"id": "gen9nationaldex-2540479787", "format": "[Gen 9] National Dex", "players": ["Drinkcokeking", "Crsiu"], "log": "|j|☆Drinkcokeking\n|j|☆Crsiu\n|t:|1771207217\n|gametype|singles\n|player|p1|Drinkcokeking|miku-flying|1585\n|player|p2|Crsiu|n|1691\n|gen|9\n|tier|[Gen 9] National Dex\n|rated|\n|rule|HP Percentage Mod: HP is shown in percentages\n|rule|Endless Battle Clause: Forcing endless battles is banned\n|rule|Species Clause: Limit one of each Pokémon\n|rule|OHKO Clause: OHKO moves are banned\n|rule|Evasion Clause: Evasion abilities, items, and moves are banned\n|rule|Evasion Abilities Clause: Evasion abilities are banned\n|rule|Evasion Items Clause: Evasion items are banned\n|rule|Evasion Moves Clause: Evasion moves are banned\n|rule|Sleep Clause Mod: Limit one foe put to sleep\n|rule|Terastal Clause: You cannot Terastallize\n|clearpoke\n|poke|p1|Hydreigon, M|\n|poke|p1|Tapu Lele|\n|poke|p1|Urshifu-*, M|\n|poke|p1|Gholdengo|\n|poke|p1|Toxapex, F|\n|poke|p1|Landorus-Therian, M|\n|poke|p2|Blaziken, M|\n|poke|p2|Tapu Lele|\n|poke|p2|Iron Treads|\n|poke|p2|Ninetales-Alola, M|\n|poke|p2|Raging Bolt|\n|poke|p2|Ursaluna, M|\n|teampreview\n|inactive|Battle timer is ON: inactive players will automatically lose when time's up. (requested by Crsiu)\n|\n|t:|1771207235\n|teamsize|p1|6\n|teamsize|p2|6\n|start\n|switch|p1a: Tapu Lele|Tapu Lele, shiny|100/100\n|switch|p2a: Raging Bolt|Raging Bolt|100/100\n|-fieldstart|move: Psychic Terrain|[from] ability: Psychic Surge|[of] p1a: Tapu Lele\n|turn|1\n|\n|t:|1771207247\n|-end|p2a: Raging Bolt|Protosynthesis|[silent]\n|switch|p2a: Iron Treads|Iron Treads|100/100\n|move|p1a: Tapu Lele|Moonblast|p2a: Iron Treads\n|-resisted|p2a: Iron Treads\n|-damage|p2a: Iron Treads|65/100\n|\n|upkeep\n|turn|2\n|\n|t:|1771207258\n|switch|p1a: Toxapex|Toxapex, F, shiny|100/100\n|move|p2a: Iron Treads|Knock Off|p1a: Toxapex\n|-damage|p1a: Toxapex|80/100\n|-damage|p2a: Iron Treads|48/100|[from] item: Rocky Helmet|[of] p1a: Toxapex\n|-enditem|p1a: Toxapex|Rocky Helmet|[from] move: Knock Off|[of] p2a: Iron Treads\n|\n|upkeep\n|turn|3\n|\n|t:|1771207265\n|switch|p1a: Landorus|Landorus-Therian, M|100/100\n|-ability|p1a: Landorus|Intimidate|boost\n|-unboost|p2a: Iron Treads|atk|1\n|move|p2a: Iron Treads|Stealth Rock|p1a: Landorus\n|-sidestart|p1: Drinkcokeking|move: Stealth Rock\n|\n|upkeep\n|turn|4\n|\n|t:|1771207271\n|-end|p2a: Iron Treads|Quark Drive|[silent]\n|switch|p2a: Ninetales|Ninetales-Alola, M|100/100\n|-weather|Snowscape|[from] ability: Snow Warning|[of] p2a: Ninetales\n|move|p1a: Landorus|Earthquake|p2a: Ninetales\n|-damage|p2a: Ninetales|61/100\n|\n|-weather|Snowscape|[upkeep]\n|upkeep\n|turn|5\n|\n|t:|1771207280\n|move|p2a: Ninetales|Aurora Veil|p2a: Ninetales\n|-sidestart|p2: Crsiu|move: Aurora Veil\n|move|p1a: Landorus|Defog|p2a: Ninetales\n|-unboost|p2a: Ninetales|evasion|1\n|-sideend|p2: Crsiu|move: Aurora Veil\n|-sideend|p1: Drinkcokeking|Stealth Rock|[from] move: Defog|[of] p1a: Landorus\n|-fieldend|move: Psychic Terrain\n|\n|-weather|Snowscape|[upkeep]\n|upkeep\n|turn|6\n|\n|t:|1771207288\n|switch|p1a: Tapu Lele|Tapu Lele, shiny|100/100\n|-fieldstart|move: Psychic Terrain|[from] ability: Psychic Surge|[of] p1a: Tapu Lele\n|move|p2a: Ninetales|Aurora Veil|p2a: Ninetales\n|-sidestart|p2: Crsiu|move: Aurora Veil\n|\n|-weather|Snowscape|[upkeep]\n|upkeep\n|turn|7\n|\n|t:|1771207294\n|switch|p2a: Tapu Lele|Tapu Lele|100/100\n|move|p1a: Tapu Lele|Psychic|p2a: Tapu Lele\n|-resisted|p2a: Tapu Lele\n|-damage|p2a: Tapu Lele|83/100\n|\n|-weather|Snowscape|[upkeep]\n|upkeep\n|turn|8\n|\n|t:|1771207303\n|switch|p1a: Toxapex|Toxapex, F, shiny|100/100\n|switch|p2a: Ursaluna|Ursaluna, M|100/100\n|\n|-weather|none\n|-status|p2a: Ursaluna|brn|[from] item: Flame Orb\n|upkeep\n|turn|9\n|\n|t:|1771207315\n|switch|p1a: Gholdengo|Gholdengo|100/100\n|-item|p1a: Gholdengo|Air Balloon\n|move|p2a: Ursaluna|Swords Dance|p2a: Ursaluna\n|-boost|p2a: Ursaluna|atk|2\n|\n|-damage|p2a: Ursaluna|94/100 brn|[from] brn\n|upkeep\n|turn|10\n|\n|t:|1771207324\n|move|p1a: Gholdengo|Focus Blast|p2a: Ursaluna\n|-supereffective|p2a: Ursaluna\n|-damage|p2a: Ursaluna|55/100 brn\n|move|p2a: Ursaluna|Fire Punch|p1a: Gholdengo\n|-supereffective|p1a: Gholdengo\n|-damage|p1a: Gholdengo|0 fnt\n|-enditem|p1a: Gholdengo|Air Balloon\n|faint|p1a: Gholdengo\n|\n|-damage|p2a: Ursaluna|49/100 brn|[from] brn\n|-fieldend|move: Psychic Terrain\n|upkeep\n|\n|t:|1771207331\n|switch|p1a: Urshifu|Urshifu-Rapid-Strike, M|100/100\n|turn|11\n|\n|t:|1771207335\n|switch|p2a: Raging Bolt|Raging Bolt|100/100\n|move|p1a: Urshifu|Surging Strikes|p2a: Raging Bolt\n|-resisted|p2a: Raging Bolt\n|-crit|p2a: Raging Bolt\n|-damage|p2a: Raging Bolt|91/100\n|-resisted|p2a: Raging Bolt\n|-crit|p2a: Raging Bolt\n|-damage|p2a: Raging Bolt|82/100\n|-resisted|p2a: Raging Bolt\n|-crit|p2a: Raging Bolt\n|-damage|p2a: Raging Bolt|72/100\n|-hitcount|p2a: Raging Bolt|3\n|\n|upkeep\n|turn|12\n|\n|t:|1771207346\n|switch|p1a: Tapu Lele|Tapu Lele, shiny|100/100\n|-fieldstart|move: Psychic Terrain|[from] ability: Psychic Surge|[of] p1a: Tapu Lele\n|move|p2a: Raging Bolt|Draco Meteor|p1a: Tapu Lele\n|-immune|p1a: Tapu Lele\n|\n|upkeep\n|turn|13\n|\n|t:|1771207349\n|-end|p2a: Raging Bolt|Protosynthesis|[silent]\n|switch|p2a: Iron Treads|Iron Treads|48/100\n|move|p1a: Tapu Lele|Moonblast|p2a: Iron Treads\n|-resisted|p2a: Iron Treads\n|-damage|p2a: Iron Treads|29/100\n|\n|-sideend|p2: Crsiu|move: Aurora Veil\n|upkeep\n|turn|14\n|\n|t:|1771207358\n|move|p1a: Tapu Lele|Moonblast|p2a: Iron Treads\n|-resisted|p2a: Iron Treads\n|-damage|p2a: Iron Treads|0 fnt\n|faint|p2a: Iron Treads\n|-end|p2a: Iron Treads|Quark Drive|[silent]\n|\n|upkeep\n|\n|t:|1771207365\n|switch|p2a: Tapu Lele|Tapu Lele|83/100\n|turn|15\n|\n|t:|1771207369\n|move|p1a: Tapu Lele|Moonblast|p2a: Tapu Lele\n|-damage|p2a: Tapu Lele|29/100\n|move|p2a: Tapu Lele|Psychic|p1a: Tapu Lele\n|-resisted|p1a: Tapu Lele\n|-damage|p1a: Tapu Lele|67/100\n|\n|upkeep\n|turn|16\n|\n|t:|1771207376\n|switch|p2a: Ursaluna|Ursaluna, M|49/100 brn\n|move|p1a: Tapu Lele|Moonblast|p2a: Ursaluna\n|-damage|p2a: Ursaluna|3/100 brn\n|\n|-damage|p2a: Ursaluna|0 fnt|[from] brn\n|faint|p2a: Ursaluna\n|-fieldend|move: Psychic Terrain\n|upkeep\n|\n|t:|1771207378\n|switch|p2a: Ninetales|Ninetales-Alola, M|61/100\n|-weather|Snowscape|[from] ability: Snow Warning|[of] p2a: Ninetales\n|turn|17\n|\n|t:|1771207380\n|move|p1a: Tapu Lele|Moonblast|p2a: Ninetales\n|-damage|p2a: Ninetales|8/100\n|-unboost|p2a: Ninetales|spa|1\n|move|p2a: Ninetales|Aurora Veil|p2a: Ninetales\n|-sidestart|p2: Crsiu|move: Aurora Veil\n|\n|-weather|Snowscape|[upkeep]\n|upkeep\n|turn|18\n|\n|t:|1771207384\n|move|p1a: Tapu Lele|Moonblast|p2a: Ninetales\n|-damage|p2a: Ninetales|0 fnt\n|faint|p2a: Ninetales\n|\n|-weather|Snowscape|[upkeep]\n|upkeep\n|\n|t:|1771207389\n|switch|p2a: Tapu Lele|Tapu Lele|29/100\n|-fieldstart|move: Psychic Terrain|[from] ability: Psychic Surge|[of] p2a: Tapu Lele\n|turn|19\n|\n|t:|1771207394\n|move|p1a: Tapu Lele|Moonblast|p2a: Tapu Lele\n|-damage|p2a: Tapu Lele|0 fnt\n|faint|p2a: Tapu Lele\n|\n|-weather|Snowscape|[upkeep]\n|upkeep\n|\n|t:|1771207398\n|switch|p2a: Blaziken|Blaziken, M, shiny|100/100\n|turn|20\n|\n|t:|1771207402\n|switch|p1a: Toxapex|Toxapex, F, shiny|100/100\n|move|p2a: Blaziken|Swords Dance|p2a: Blaziken\n|-boost|p2a: Blaziken|atk|2\n|\n|-weather|Snowscape|[upkeep]\n|-ability|p2a: Blaziken|Speed Boost|boost\n|-boost|p2a: Blaziken|spe|1\n|upkeep\n|turn|21\n|\n|t:|1771207407\n|switch|p2a: Raging Bolt|Raging Bolt|72/100\n|move|p1a: Toxapex|Haze|p1a: Toxapex\n|-clearallboost\n|\n|-weather|none\n|upkeep\n|turn|22\n|\n|t:|1771207412\n|switch|p1a: Landorus|Landorus-Therian, M|100/100\n|-ability|p1a: Landorus|Intimidate|boost\n|-unboost|p2a: Raging Bolt|atk|1\n|move|p2a: Raging Bolt|Draco Meteor|p1a: Landorus\n|-damage|p1a: Landorus|11/100\n|-unboost|p2a: Raging Bolt|spa|2\n|\n|upkeep\n|turn|23\n|\n|t:|1771207420\n|move|p1a: Landorus|Earthquake|p2a: Raging Bolt\n|-supereffective|p2a: Raging Bolt\n|-damage|p2a: Raging Bolt|30/100\n|move|p2a: Raging Bolt|Draco Meteor|p1a: Landorus\n|-damage|p1a: Landorus|0 fnt\n|-unboost|p2a: Raging Bolt|spa|2\n|faint|p1a: Landorus\n|\n|-fieldend|move: Psychic Terrain\n|upkeep\n|\n|t:|1771207426\n|switch|p1a: Hydreigon|Hydreigon, M|100/100\n|turn|24\n|\n|t:|1771207431\n|-end|p2a: Raging Bolt|Protosynthesis|[silent]\n|switch|p2a: Blaziken|Blaziken, M, shiny|100/100\n|move|p1a: Hydreigon|Earth Power|p2a: Blaziken\n|-supereffective|p2a: Blaziken\n|-damage|p2a: Blaziken|33/100\n|\n|-sideend|p2: Crsiu|move: Aurora Veil\n|upkeep\n|turn|25\n|\n|t:|1771207440\n|move|p2a: Blaziken|Endure|p2a: Blaziken\n|-singleturn|p2a: Blaziken|move: Endure\n|move|p1a: Hydreigon|Earth Power|p2a: Blaziken\n|-supereffective|p2a: Blaziken\n|-activate|p2a: Blaziken|move: Endure\n|-damage|p2a: Blaziken|1/100\n|\n|-ability|p2a: Blaziken|Speed Boost|boost\n|-boost|p2a: Blaziken|spe|1\n|upkeep\n|turn|26\n|\n|t:|1771207443\n|move|p2a: Blaziken|Reversal|p1a: Hydreigon\n|-supereffective|p1a: Hydreigon\n|-damage|p1a: Hydreigon|0 fnt\n|faint|p1a: Hydreigon\n|\n|-ability|p2a: Blaziken|Speed Boost|boost\n|-boost|p2a: Blaziken|spe|1\n|upkeep\n|\n|t:|1771207446\n|switch|p1a: Toxapex|Toxapex, F, shiny|100/100\n|turn|27\n|\n|t:|1771207448\n|switch|p2a: Raging Bolt|Raging Bolt|30/100\n|move|p1a: Toxapex|Toxic|p2a: Raging Bolt\n|-status|p2a: Raging Bolt|tox\n|\n|-damage|p2a: Raging Bolt|24/100 tox|[from] psn\n|upkeep\n|turn|28\n|\n|t:|1771207455\n|switch|p1a: Urshifu|Urshifu-Rapid-Strike, M|100/100\n|move|p2a: Raging Bolt|Volt Switch|p1a: Urshifu\n|-supereffective|p1a: Urshifu\n|-damage|p1a: Urshifu|0 fnt\n|faint|p1a: Urshifu\n|\n|t:|1771207458\n|-end|p2a: Raging Bolt|Protosynthesis|[silent]\n|switch|p2a: Blaziken|Blaziken, M, shiny|1/100|[from] Volt Switch\n|\n|upkeep\n|\n|t:|1771207463\n|switch|p1a: Toxapex|Toxapex, F, shiny|100/100\n|turn|29\n|\n|t:|1771207466\n|switch|p2a: Raging Bolt|Raging Bolt|24/100 tox\n|move|p1a: Toxapex|Scald|p2a: Raging Bolt\n|-resisted|p2a: Raging Bolt\n|-crit|p2a: Raging Bolt\n|-damage|p2a: Raging Bolt|14/100 tox\n|\n|-damage|p2a: Raging Bolt|8/100 tox|[from] psn\n|upkeep\n|turn|30\n|\n|t:|1771207473\n|move|p2a: Raging Bolt|Thunderbolt|p1a: Toxapex\n|-supereffective|p1a: Toxapex\n|-damage|p1a: Toxapex|0 fnt\n|faint|p1a: Toxapex\n|\n|-damage|p2a: Raging Bolt|0 fnt|[from] psn\n|faint|p2a: Raging Bolt\n|-end|p2a: Raging Bolt|Protosynthesis|[silent]\n|upkeep\n|\n|t:|1771207476\n|switch|p2a: Blaziken|Blaziken, M, shiny|1/100\n|switch|p1a: Tapu Lele|Tapu Lele, shiny|67/100\n|-fieldstart|move: Psychic Terrain|[from] ability: Psychic Surge|[of] p1a: Tapu Lele\n|turn|31\n|\n|t:|1771207478\n|move|p2a: Blaziken|Endure|p2a: Blaziken\n|-singleturn|p2a: Blaziken|move: Endure\n|move|p1a: Tapu Lele|Moonblast|p2a: Blaziken\n|-activate|p2a: Blaziken|move: Endure\n|-damage|p2a: Blaziken|1/100\n|\n|-ability|p2a: Blaziken|Speed Boost|boost\n|-boost|p2a: Blaziken|spe|1\n|upkeep\n|turn|32\n|\n|t:|1771207484\n|move|p2a: Blaziken|Endure||[still]\n|-fail|p2a: Blaziken\n|move|p1a: Tapu Lele|Moonblast|p2a: Blaziken\n|-damage|p2a: Blaziken|0 fnt\n|faint|p2a: Blaziken\n|\n|win|Drinkcokeking\n|raw|Drinkcokeking's rating: 1585 &rarr; <strong>1611</strong><br />(+26 for winning)\n|raw|Crsiu's rating: 1691 &rarr; <strong>1665</strong><br />(-26 for losing)\n|l|☆Crsiu\n|player|p2|\n|l|☆Drinkcokeking\n|player|p1|\n", "uploadtime": 1771207670, "views": 7, "formatid": "gen9nationaldex", "rating": 1611, "private": 0, "password": null}