{"id": "gen9nationaldex-2540518218", "format": "[Gen 9] National Dex", "players": ["fuguier", "Crsiu"], "log": "|j|☆fuguier\n|j|☆Crsiu\n|t:|1771212124\n|gametype|singles\n|player|p1|fuguier|102|1515\n|player|p2|Crsiu|n|1618\n|gen|9\n|tier|[Gen 9] National Dex\n|rated|\n|rule|HP Percentage Mod: HP is shown in percentages\n|rule|Endless Battle Clause: Forcing endless battles is banned\n|rule|Species Clause: Limit one of each Pokémon\n|rule|OHKO Clause: OHKO moves are banned\n|rule|Evasion Clause: Evasion abilities, items, and moves are banned\n|rule|Evasion Abilities Clause: Evasion abilities are banned\n|rule|Evasion Items Clause: Evasion items are banned\n|rule|Evasion Moves Clause: Evasion moves are banned\n|rule|Sleep Clause Mod: Limit one foe put to sleep\n|rule|Terastal Clause: You cannot Terastallize\n|clearpoke\n|poke|p1|Iron Treads|\n|poke|p1|Kommo-o, M|\n|poke|p1|Venusaur, M|\n|poke|p1|Keldeo|\n|poke|p1|Landorus-Therian, M|\n|poke|p1|Weavile, M|\n|poke|p2|Blaziken, F|\n|poke|p2|Tapu Lele|\n|poke|p2|Iron Treads|\n|poke|p2|Ninetales-Alola, M|\n|poke|p2|Raging Bolt|\n|poke|p2|Ursaluna, M|\n|teampreview\n|inactive|Battle timer is ON: inactive players will automatically lose when time's up. (requested by Crsiu)\n|\n|t:|1771212145\n|teamsize|p1|6\n|teamsize|p2|6\n|start\n|switch|p1a: 铁大象|Iron Treads, shiny|100/100\n|switch|p2a: Ursaluna|Ursaluna, M|100/100\n|turn|1\n|\n|t:|1771212165\n|move|p1a: 铁大象|Stealth Rock|p2a: Ursaluna\n|-sidestart|p2: Crsiu|move: Stealth Rock\n|move|p2a: Ursaluna|Swords Dance|p2a: Ursaluna\n|-boost|p2a: Ursaluna|atk|2\n|\n|-status|p2a: Ursaluna|brn|[from] item: Flame Orb\n|upkeep\n|turn|2\n|\n|t:|1771212173\n|-end|p1a: 铁大象|Quark Drive|[silent]\n|switch|p1a: I HATE CHARIZARD|Landorus-Therian, M|100/100\n|-ability|p1a: I HATE CHARIZARD|Intimidate|boost\n|-unboost|p2a: Ursaluna|atk|1\n|move|p2a: Ursaluna|Fire Punch|p1a: I HATE CHARIZARD\n|-damage|p1a: I HATE CHARIZARD|28/100\n|\n|-damage|p2a: Ursaluna|94/100 brn|[from] brn\n|upkeep\n|turn|3\n|\n|t:|1771212187\n|move|p1a: I HATE CHARIZARD|U-turn|p2a: Ursaluna\n|-damage|p2a: Ursaluna|75/100 brn\n|\n|t:|1771212197\n|switch|p1a: STALL BREAKER|Keldeo|100/100|[from] U-turn\n|move|p2a: Ursaluna|Facade|p1a: STALL BREAKER\n|-damage|p1a: STALL BREAKER|0 fnt\n|faint|p1a: STALL BREAKER\n|\n|-damage|p2a: Ursaluna|69/100 brn|[from] brn\n|upkeep\n|\n|t:|1771212207\n|switch|p1a: I HATE FAIRY|Kommo-o, M|100/100\n|turn|4\n|\n|t:|1771212211\n|switch|p2a: Tapu Lele|Tapu Lele|100/100\n|-damage|p2a: Tapu Lele|88/100|[from] Stealth Rock\n|-fieldstart|move: Psychic Terrain|[from] ability: Psychic Surge|[of] p2a: Tapu Lele\n|-zpower|p1a: I HATE FAIRY\n|move|p1a: I HATE FAIRY|Clangorous Soulblaze|p2a: Tapu Lele|[zeffect]\n|-immune|p2a: Tapu Lele\n|\n|upkeep\n|turn|5\n|j| mak7xz\n|\n|t:|1771212224\n|switch|p2a: Ursaluna|Ursaluna, M|69/100 brn\n|-damage|p2a: Ursaluna|62/100 brn|[from] Stealth Rock\n|switch|p1a: 铁大象|Iron Treads, shiny|100/100\n|\n|-damage|p2a: Ursaluna|56/100 brn|[from] brn\n|upkeep\n|turn|6\n|\n|t:|1771212234\n|-end|p1a: 铁大象|Quark Drive|[silent]\n|switch|p1a: I HATE FAIRY|Kommo-o, M|100/100\n|move|p2a: Ursaluna|Headlong Rush|p1a: I HATE FAIRY\n|-damage|p1a: I HATE FAIRY|0 fnt\n|-unboost|p2a: Ursaluna|def|1\n|-unboost|p2a: Ursaluna|spd|1\n|faint|p1a: I HATE FAIRY\n|\n|-damage|p2a: Ursaluna|50/100 brn|[from] brn\n|upkeep\n|-message|fuguier forfeited.\n|\n|win|Crsiu\n|raw|fuguier's rating: 1515 &rarr; <strong>1501</strong><br />(-14 for losing)\n|raw|Crsiu's rating: 1618 &rarr; <strong>1632</strong><br />(+14 for winning)\n|l|☆fuguier\n|player|p1|\n|l| mak7xz\n|l|☆Crsiu\n|player|p2|\n", "uploadtime": 1771212534, "views": 5, "formatid": "gen9nationaldex", "rating": 1501, "private": 0, "password": null}