{"id": "gen9nationaldex-2540396223", "format": "[Gen 9] National Dex", "players": ["iamveeeeeerrrybad", "xorialle"], "log": "|j|☆iamveeeeeerrrybad\n|j|☆xorialle\n|t:|1771196914\n|gametype|singles\n|player|p1|iamveeeeeerrrybad|brycenman|1649\n|player|p2|xorialle|blue|1553\n|gen|9\n|tier|[Gen 9] National Dex\n|rated|\n|rule|HP Percentage Mod: HP is shown in percentages\n|rule|Endless Battle Clause: Forcing endless battles is banned\n|rule|Species Clause: Limit one of each Pokémon\n|rule|OHKO Clause: OHKO moves are banned\n|rule|Evasion Clause: Evasion abilities, items, and moves are banned\n|rule|Evasion Abilities Clause: Evasion abilities are banned\n|rule|Evasion Items Clause: Evasion items are banned\n|rule|Evasion Moves Clause: Evasion moves are banned\n|rule|Sleep Clause Mod: Limit one foe put to sleep\n|rule|Terastal Clause: You cannot Terastallize\n|clearpoke\n|poke|p1|Gyarados, M|\n|poke|p1|Arctozolt|\n|poke|p1|Ninetales-Alola, M|\n|poke|p1|Landorus-Therian, M|\n|poke|p1|Heatran, F|\n|poke|p1|Raging Bolt|\n|poke|p2|Hydreigon, M|\n|poke|p2|Victini|\n|poke|p2|Keldeo-Resolute|\n|poke|p2|Audino, M|\n|poke|p2|Landorus-Therian, M|\n|poke|p2|Amoonguss, F|\n|teampreview\n|c|☆iamveeeeeerrrybad|glhf\n|\n|t:|1771196928\n|teamsize|p1|6\n|teamsize|p2|6\n|start\n|switch|p1a: Landorus|Landorus-Therian, M|100/100\n|switch|p2a: Audino|Audino, M|100/100\n|-ability|p1a: Landorus|Intimidate|boost\n|-unboost|p2a: Audino|atk|1\n|turn|1\n|\n|t:|1771196936\n|switch|p1a: Heatran|Heatran, F|100/100\n|detailschange|p2a: Audino|Audino-Mega, M\n|-mega|p2a: Audino|Audino|Audinite\n|move|p2a: Audino|Ice Beam|p1a: Heatran\n|-resisted|p1a: Heatran\n|-damage|p1a: Heatran|97/100\n|\n|upkeep\n|turn|2\n|\n|t:|1771196945\n|switch|p2a: Hydreigon|Hydreigon, M|100/100\n|move|p1a: Heatran|Flash Cannon|p2a: Hydreigon\n|-damage|p2a: Hydreigon|51/100\n|\n|upkeep\n|turn|3\n|\n|t:|1771196952\n|move|p2a: Hydreigon|U-turn|p1a: Heatran\n|-resisted|p1a: Heatran\n|-damage|p1a: Heatran|94/100\n|\n|t:|1771196955\n|switch|p2a: Keldeo|Keldeo-Resolute|100/100|[from] U-turn\n|move|p1a: Heatran|Flash Cannon|p2a: Keldeo\n|-resisted|p2a: Keldeo\n|-damage|p2a: Keldeo|75/100\n|\n|upkeep\n|turn|4\n|\n|t:|1771196962\n|switch|p1a: Ninetales|Ninetales-Alola, M|100/100\n|-weather|Snowscape|[from] ability: Snow Warning|[of] p1a: Ninetales\n|move|p2a: Keldeo|Scald|p1a: Ninetales\n|-damage|p1a: Ninetales|49/100\n|-status|p1a: Ninetales|brn\n|\n|-weather|Snowscape|[upkeep]\n|-damage|p1a: Ninetales|43/100 brn|[from] brn\n|upkeep\n|turn|5\n|\n|t:|1771196973\n|move|p2a: Keldeo|Scald|p1a: Ninetales\n|-damage|p1a: Ninetales|0 fnt\n|faint|p1a: Ninetales\n|\n|-weather|Snowscape|[upkeep]\n|upkeep\n|\n|t:|1771196975\n|switch|p1a: Arctozolt|Arctozolt|100/100\n|turn|6\n|\n|t:|1771196987\n|switch|p2a: Landorus|Landorus-Therian, M|100/100\n|-ability|p2a: Landorus|Intimidate|boost\n|-unboost|p1a: Arctozolt|atk|1\n|move|p1a: Arctozolt|Icicle Crash|p2a: Landorus\n|-supereffective|p2a: Landorus\n|-crit|p2a: Landorus\n|-damage|p2a: Landorus|0 fnt\n|faint|p2a: Landorus\n|-damage|p1a: Arctozolt|91/100|[from] item: Life Orb\n|\n|-weather|Snowscape|[upkeep]\n|upkeep\n|\n|t:|1771196999\n|switch|p2a: Victini|Victini|100/100\n|turn|7\n|\n|t:|1771197005\n|move|p1a: Arctozolt|Bolt Beak|p2a: Victini\n|-damage|p2a: Victini|23/100\n|-damage|p1a: Arctozolt|81/100|[from] item: Life Orb\n|move|p2a: Victini|Thunder Wave|p1a: Arctozolt\n|-immune|p1a: Arctozolt\n|\n|-weather|Snowscape|[upkeep]\n|upkeep\n|turn|8\n|\n|t:|1771197014\n|switch|p2a: Amoonguss|Amoonguss, F|100/100\n|move|p1a: Arctozolt|Bolt Beak|p2a: Amoonguss\n|-resisted|p2a: Amoonguss\n|-damage|p2a: Amoonguss|75/100\n|-damage|p1a: Arctozolt|64/100|[from] item: Rocky Helmet|[of] p2a: Amoonguss\n|-damage|p1a: Arctozolt|54/100|[from] item: Life Orb\n|\n|-weather|Snowscape|[upkeep]\n|upkeep\n|turn|9\n|\n|t:|1771197031\n|move|p1a: Arctozolt|Icicle Crash|p2a: Amoonguss\n|-supereffective|p2a: Amoonguss\n|-damage|p2a: Amoonguss|24/100\n|-damage|p1a: Arctozolt|44/100|[from] item: Life Orb\n|move|p2a: Amoonguss|Hidden Power|p1a: Arctozolt\n|-supereffective|p1a: Arctozolt\n|-damage|p1a: Arctozolt|12/100\n|\n|-weather|Snowscape|[upkeep]\n|upkeep\n|turn|10\n|\n|t:|1771197042\n|move|p1a: Arctozolt|Bolt Beak|p2a: Amoonguss\n|-resisted|p2a: Amoonguss\n|-damage|p2a: Amoonguss|0 fnt\n|-damage|p1a: Arctozolt|0 fnt|[from] item: Rocky Helmet|[of] p2a: Amoonguss\n|faint|p2a: Amoonguss\n|faint|p1a: Arctozolt\n|\n|-weather|Snowscape|[upkeep]\n|upkeep\n|\n|t:|1771197051\n|switch|p1a: Raging Bolt|Raging Bolt|100/100\n|switch|p2a: Keldeo|Keldeo-Resolute|75/100\n|turn|11\n|\n|t:|1771197059\n|switch|p2a: Hydreigon|Hydreigon, M|51/100\n|move|p1a: Raging Bolt|Thunderbolt|p2a: Hydreigon\n|-resisted|p2a: Hydreigon\n|-damage|p2a: Hydreigon|19/100\n|\n|-weather|none\n|upkeep\n|turn|12\n|\n|t:|1771197068\n|move|p1a: Raging Bolt|Thunderclap|p2a: Hydreigon\n|-resisted|p2a: Hydreigon\n|-damage|p2a: Hydreigon|0 fnt\n|faint|p2a: Hydreigon\n|\n|upkeep\n|\n|t:|1771197073\n|switch|p2a: Audino|Audino-Mega, M|100/100\n|turn|13\n|\n|t:|1771197077\n|-end|p1a: Raging Bolt|Protosynthesis|[silent]\n|switch|p1a: Heatran|Heatran, F|94/100\n|move|p2a: Audino|Knock Off|p1a: Heatran\n|-damage|p1a: Heatran|81/100\n|-enditem|p1a: Heatran|Shuca Berry|[from] move: Knock Off|[of] p2a: Audino\n|\n|upkeep\n|turn|14\n|\n|t:|1771197085\n|switch|p2a: Keldeo|Keldeo-Resolute|75/100\n|move|p1a: Heatran|Hidden Power|p2a: Keldeo\n|-supereffective|p2a: Keldeo\n|-damage|p2a: Keldeo|25/100\n|\n|upkeep\n|turn|15\n|\n|t:|1771197091\n|switch|p1a: Raging Bolt|Raging Bolt|100/100\n|move|p2a: Keldeo|Secret Sword|p1a: Raging Bolt\n|-damage|p1a: Raging Bolt|63/100\n|\n|upkeep\n|turn|16\n|\n|t:|1771197098\n|switch|p2a: Audino|Audino-Mega, M|100/100\n|-end|p1a: Raging Bolt|Protosynthesis|[silent]\n|switch|p1a: Heatran|Heatran, F|81/100\n|\n|upkeep\n|turn|17\n|\n|t:|1771197105\n|move|p1a: Heatran|Magma Storm|p2a: Audino\n|-damage|p2a: Audino|66/100\n|-activate|p2a: Audino|move: Magma Storm|[of] p1a: Heatran\n|move|p2a: Audino|Thunder Wave|p1a: Heatran\n|-status|p1a: Heatran|par\n|\n|-damage|p2a: Audino|54/100|[from] move: Magma Storm|[partiallytrapped]\n|upkeep\n|turn|18\n|c|☆iamveeeeeerrrybad|gg wp\n|\n|t:|1771197114\n|move|p2a: Audino|Knock Off|p1a: Heatran\n|-damage|p1a: Heatran|71/100 par\n|move|p1a: Heatran|Flash Cannon|p2a: Audino\n|-supereffective|p2a: Audino\n|-damage|p2a: Audino|6/100\n|\n|-damage|p2a: Audino|0 fnt|[from] move: Magma Storm|[partiallytrapped]\n|faint|p2a: Audino\n|detailschange|p2: Audino|Audino, M|[silent]\n|upkeep\n|\n|t:|1771197123\n|switch|p2a: Keldeo|Keldeo-Resolute|25/100\n|turn|19\n|\n|t:|1771197129\n|move|p2a: Keldeo|Secret Sword|p1a: Heatran\n|-supereffective|p1a: Heatran\n|-damage|p1a: Heatran|1/100 par\n|cant|p1a: Heatran|par\n|\n|upkeep\n|turn|20\n|\n|t:|1771197135\n|move|p2a: Keldeo|Secret Sword|p1a: Heatran\n|-supereffective|p1a: Heatran\n|-damage|p1a: Heatran|0 fnt\n|faint|p1a: Heatran\n|\n|upkeep\n|\n|t:|1771197137\n|switch|p1a: Landorus|Landorus-Therian, M|100/100\n|-ability|p1a: Landorus|Intimidate|boost\n|-unboost|p2a: Keldeo|atk|1\n|turn|21\n|\n|t:|1771197144\n|move|p2a: Keldeo|Secret Sword|p1a: Landorus\n|-resisted|p1a: Landorus\n|-damage|p1a: Landorus|75/100\n|move|p1a: Landorus|Earthquake|p2a: Keldeo\n|-damage|p2a: Keldeo|0 fnt\n|faint|p2a: Keldeo\n|\n|upkeep\n|-message|xorialle forfeited.\n|\n|win|iamveeeeeerrrybad\n|raw|iamveeeeeerrrybad's rating: 1649 &rarr; <strong>1664</strong><br />(+15 for winning)\n|raw|xorialle's rating: 1553 &rarr; <strong>1538</strong><br />(-15 for losing)\n|l|☆xorialle\n|player|p2|\n|c|☆iamveeeeeerrrybad|gg wp\n|l|☆iamveeeeeerrrybad\n|player|p1|\n", "uploadtime": 1771197363, "views": 7, "formatid": "gen9nationaldex", "rating": 1538, "private": 0, "password": null}