{"id": "gen9nationaldex-2540623316", "format": "[Gen 9] National Dex", "players": ["zmdalan", "kyurem african"], "log": "|j|☆zmdalan\n|j|☆kyurem african\n|t:|1771229246\n|gametype|singles\n|player|p1|zmdalan|1|1608\n|player|p2|kyurem african|guitarist-gen4|1604\n|gen|9\n|tier|[Gen 9] National Dex\n|rated|\n|rule|HP Percentage Mod: HP is shown in percentages\n|rule|Endless Battle Clause: Forcing endless battles is banned\n|rule|Species Clause: Limit one of each Pokémon\n|rule|OHKO Clause: OHKO moves are banned\n|rule|Evasion Clause: Evasion abilities, items, and moves are banned\n|rule|Evasion Abilities Clause: Evasion abilities are banned\n|rule|Evasion Items Clause: Evasion items are banned\n|rule|Evasion Moves Clause: Evasion moves are banned\n|rule|Sleep Clause Mod: Limit one foe put to sleep\n|rule|Terastal Clause: You cannot Terastallize\n|clearpoke\n|poke|p1|Tapu Koko|\n|poke|p1|Raging Bolt|\n|poke|p1|Regieleki|\n|poke|p1|Charizard, M|\n|poke|p1|Iron Crown|\n|poke|p1|Ditto|\n|poke|p2|Samurott-Hisui, F|\n|poke|p2|Walrein, M|\n|poke|p2|Clefable, F|\n|poke|p2|Dragonite, F|\n|poke|p2|Scizor, M|\n|poke|p2|Sandslash, M|\n|teampreview\n|inactive|Battle timer is ON: inactive players will automatically lose when time's up. (requested by zmdalan)\n|\n|t:|1771229253\n|teamsize|p1|6\n|teamsize|p2|6\n|start\n|switch|p1a: Tapu Koko|Tapu Koko|100/100\n|switch|p2a: Sandslash|Sandslash, M|100/100\n|-fieldstart|move: Electric Terrain|[from] ability: Electric Surge|[of] p1a: Tapu Koko\n|turn|1\n|\n|t:|1771229257\n|move|p1a: Tapu Koko|Taunt|p2a: Sandslash\n|-start|p2a: Sandslash|move: Taunt\n|cant|p2a: Sandslash|move: Taunt|Stealth Rock\n|\n|upkeep\n|turn|2\n|\n|t:|1771229261\n|move|p1a: Tapu Koko|U-turn|p2a: Sandslash\n|-damage|p2a: Sandslash|86/100\n|-damage|p1a: Tapu Koko|84/100|[from] item: Rocky Helmet|[of] p2a: Sandslash\n|\n|t:|1771229264\n|switch|p1a: Charizard|Charizard, M|100/100|[from] U-turn\n|move|p2a: Sandslash|Earthquake|p1a: Charizard\n|-immune|p1a: Charizard\n|\n|upkeep\n|turn|3\n|\n|t:|1771229269\n|detailschange|p1a: Charizard|Charizard-Mega-Y, M\n|-mega|p1a: Charizard|Charizard|Charizardite Y\n|-weather|SunnyDay|[from] ability: Drought|[of] p1a: Charizard\n|move|p1a: Charizard|Solar Beam||[still]\n|-prepare|p1a: Charizard|Solar Beam\n|-anim|p1a: Charizard|Solar Beam|p2a: Sandslash\n|-supereffective|p2a: Sandslash\n|-damage|p2a: Sandslash|0 fnt\n|faint|p2a: Sandslash\n|\n|-weather|SunnyDay|[upkeep]\n|upkeep\n|\n|t:|1771229274\n|switch|p2a: Dragonite|Dragonite, F|100/100\n|turn|4\n|\n|t:|1771229277\n|move|p1a: Charizard|Weather Ball|p2a: Dragonite\n|-resisted|p2a: Dragonite\n|-damage|p2a: Dragonite|77/100\n|move|p2a: Dragonite|Dragon Dance|p2a: Dragonite\n|-boost|p2a: Dragonite|atk|1\n|-boost|p2a: Dragonite|spe|1\n|\n|-weather|SunnyDay|[upkeep]\n|upkeep\n|turn|5\n|\n|t:|1771229283\n|move|p2a: Dragonite|Extreme Speed|p1a: Charizard\n|-damage|p1a: Charizard|32/100\n|move|p1a: Charizard|Dragon Pulse|p2a: Dragonite\n|-supereffective|p2a: Dragonite\n|-damage|p2a: Dragonite|4/100\n|\n|-weather|SunnyDay|[upkeep]\n|upkeep\n|turn|6\n|\n|t:|1771229289\n|switch|p1a: Iron Crown|Iron Crown|100/100\n|-activate|p1a: Iron Crown|ability: Quark Drive\n|-start|p1a: Iron Crown|quarkdrivespe\n|move|p2a: Dragonite|Fire Punch|p1a: Iron Crown\n|-supereffective|p1a: Iron Crown\n|-damage|p1a: Iron Crown|0 fnt\n|faint|p1a: Iron Crown\n|-end|p1a: Iron Crown|Quark Drive|[silent]\n|\n|-weather|SunnyDay|[upkeep]\n|upkeep\n|\n|t:|1771229298\n|switch|p1a: Regieleki|Regieleki|100/100\n|turn|7\n|\n|t:|1771229303\n|move|p2a: Dragonite|Extreme Speed|p1a: Regieleki\n|-damage|p1a: Regieleki|15/100\n|move|p1a: Regieleki|Volt Switch|p2a: Dragonite\n|-damage|p2a: Dragonite|0 fnt\n|faint|p2a: Dragonite\n|\n|t:|1771229306\n|switch|p1a: Tapu Koko|Tapu Koko|84/100|[from] Volt Switch\n|\n|-weather|none\n|upkeep\n|\n|t:|1771229310\n|switch|p2a: Walrein|Walrein, M|100/100\n|turn|8\n|\n|t:|1771229314\n|move|p1a: Tapu Koko|U-turn|p2a: Walrein\n|-damage|p2a: Walrein|85/100\n|\n|t:|1771229316\n|switch|p1a: Raging Bolt|Raging Bolt|100/100|[from] U-turn\n|move|p2a: Walrein|Ice Beam|p1a: Raging Bolt\n|-supereffective|p1a: Raging Bolt\n|-damage|p1a: Raging Bolt|39/100\n|\n|-fieldend|move: Electric Terrain\n|upkeep\n|turn|9\n|\n|t:|1771229323\n|-end|p1a: Raging Bolt|Protosynthesis|[silent]\n|switch|p1a: Tapu Koko|Tapu Koko|84/100\n|-fieldstart|move: Electric Terrain|[from] ability: Electric Surge|[of] p1a: Tapu Koko\n|move|p2a: Walrein|Ice Beam|p1a: Tapu Koko\n|-damage|p1a: Tapu Koko|40/100\n|\n|upkeep\n|turn|10\n|\n|t:|1771229326\n|move|p1a: Tapu Koko|Thunderbolt|p2a: Walrein\n|-supereffective|p2a: Walrein\n|-damage|p2a: Walrein|43/100\n|move|p2a: Walrein|Ice Beam|p1a: Tapu Koko\n|-damage|p1a: Tapu Koko|0 fnt\n|faint|p1a: Tapu Koko\n|\n|upkeep\n|\n|t:|1771229328\n|switch|p1a: Regieleki|Regieleki|15/100\n|turn|11\n|\n|t:|1771229331\n|move|p1a: Regieleki|Rising Voltage|p2a: Walrein\n|-hint|Rising Voltage's BP doubled on grounded target.\n|-supereffective|p2a: Walrein\n|-damage|p2a: Walrein|0 fnt\n|faint|p2a: Walrein\n|\n|upkeep\n|\n|t:|1771229335\n|switch|p2a: Scizor|Scizor, M|100/100\n|turn|12\n|\n|t:|1771229340\n|switch|p1a: Raging Bolt|Raging Bolt|39/100\n|detailschange|p2a: Scizor|Scizor-Mega, M\n|-mega|p2a: Scizor|Scizor|Scizorite\n|move|p2a: Scizor|Bullet Punch|p1a: Raging Bolt\n|-resisted|p1a: Raging Bolt\n|-damage|p1a: Raging Bolt|25/100\n|\n|upkeep\n|turn|13\n|\n|t:|1771229347\n|switch|p2a: Clefable|Clefable, F|100/100\n|move|p1a: Raging Bolt|Rising Voltage|p2a: Clefable\n|-hint|Rising Voltage's BP doubled on grounded target.\n|-damage|p2a: Clefable|11/100\n|\n|-heal|p2a: Clefable|17/100|[from] item: Leftovers\n|upkeep\n|turn|14\n|\n|t:|1771229349\n|move|p1a: Raging Bolt|Rising Voltage|p2a: Clefable\n|-hint|Rising Voltage's BP doubled on grounded target.\n|-crit|p2a: Clefable\n|-damage|p2a: Clefable|0 fnt\n|faint|p2a: Clefable\n|\n|upkeep\n|\n|t:|1771229351\n|switch|p2a: Samurott|Samurott-Hisui, F|100/100\n|turn|15\n|\n|t:|1771229353\n|move|p1a: Raging Bolt|Thunderclap|p2a: Samurott\n|-supereffective|p2a: Samurott\n|-damage|p2a: Samurott|0 fnt\n|faint|p2a: Samurott\n|\n|upkeep\n|\n|t:|1771229356\n|switch|p2a: Scizor|Scizor-Mega, M|100/100\n|turn|16\n|\n|t:|1771229359\n|move|p1a: Raging Bolt|Rising Voltage|p2a: Scizor\n|-hint|Rising Voltage's BP doubled on grounded target.\n|-damage|p2a: Scizor|6/100\n|move|p2a: Scizor|Swords Dance|p2a: Scizor\n|-boost|p2a: Scizor|atk|2\n|\n|-fieldend|move: Electric Terrain\n|upkeep\n|turn|17\n|\n|t:|1771229363\n|move|p1a: Raging Bolt|Rising Voltage|p2a: Scizor\n|-damage|p2a: Scizor|0 fnt\n|faint|p2a: Scizor\n|detailschange|p2: Scizor|Scizor, M|[silent]\n|\n|win|zmdalan\n|raw|zmdalan's rating: 1608 &rarr; <strong>1628</strong><br />(+20 for winning)\n|raw|kyurem african's rating: 1604 &rarr; <strong>1584</strong><br />(-20 for losing)\n|l|☆kyurem african\n|player|p2|\n|l|☆zmdalan\n|player|p1|\n", "uploadtime": 1771229731, "views": 10, "formatid": "gen9nationaldex", "rating": 1584, "private": 0, "password": null}