{"id": "gen9nationaldex-2540579509", "format": "[Gen 9] National Dex", "players": ["hhxh镜花水月", "yuxia233"], "log": "|j|☆hhxh镜花水月\n|j|☆yuxia233\n|t:|1771221171\n|gametype|singles\n|player|p1|hhxh镜花水月|miku-ghost|1553\n|player|p2|yuxia233|dawn|1560\n|gen|9\n|tier|[Gen 9] National Dex\n|rated|\n|rule|HP Percentage Mod: HP is shown in percentages\n|rule|Endless Battle Clause: Forcing endless battles is banned\n|rule|Species Clause: Limit one of each Pokémon\n|rule|OHKO Clause: OHKO moves are banned\n|rule|Evasion Clause: Evasion abilities, items, and moves are banned\n|rule|Evasion Abilities Clause: Evasion abilities are banned\n|rule|Evasion Items Clause: Evasion items are banned\n|rule|Evasion Moves Clause: Evasion moves are banned\n|rule|Sleep Clause Mod: Limit one foe put to sleep\n|rule|Terastal Clause: You cannot Terastallize\n|clearpoke\n|poke|p1|Melmetal|\n|poke|p1|Alomomola, M|\n|poke|p1|Hatterene, F|\n|poke|p1|Landorus-Therian, M|\n|poke|p1|Latios, M|\n|poke|p1|Zamazenta-*|\n|poke|p2|Kingambit, M|\n|poke|p2|Zamazenta-*|\n|poke|p2|Diancie|\n|poke|p2|Alomomola, M|\n|poke|p2|Slowking-Galar, M|\n|poke|p2|Landorus-Therian, M|\n|teampreview\n|inactive|Battle timer is ON: inactive players will automatically lose when time's up. (requested by yuxia233)\n|\n|t:|1771221179\n|teamsize|p1|6\n|teamsize|p2|6\n|start\n|switch|p1a: Alomomola|Alomomola, M, shiny|100/100\n|switch|p2a: Landorus|Landorus-Therian, M|100/100\n|-ability|p2a: Landorus|Intimidate|boost\n|-unboost|p1a: Alomomola|atk|1\n|turn|1\n|\n|t:|1771221187\n|move|p2a: Landorus|U-turn|p1a: Alomomola\n|-damage|p1a: Alomomola|87/100\n|-damage|p2a: Landorus|84/100|[from] item: Rocky Helmet|[of] p1a: Alomomola\n|\n|t:|1771221189\n|switch|p2a: Alomomola|Alomomola, M|100/100|[from] U-turn\n|move|p1a: Alomomola|Flip Turn|p2a: Alomomola\n|-resisted|p2a: Alomomola\n|-damage|p2a: Alomomola|97/100\n|-damage|p1a: Alomomola|70/100|[from] item: Rocky Helmet|[of] p2a: Alomomola\n|\n|t:|1771221193\n|switch|p1a: Latios|Latios, M, shiny|100/100|[from] Flip Turn\n|\n|upkeep\n|turn|2\n|\n|t:|1771221200\n|switch|p2a: Kingambit|Kingambit, M|100/100\n|detailschange|p1a: Latios|Latios-Mega, M, shiny\n|-mega|p1a: Latios|Latios|Latiosite\n|move|p1a: Latios|Luster Purge|p2a: Kingambit\n|-immune|p2a: Kingambit\n|\n|upkeep\n|turn|3\n|\n|t:|1771221210\n|switch|p1a: Alomomola|Alomomola, M, shiny|100/100\n|-end|p2a: Kingambit|fallenundefined|[silent]\n|switch|p2a: Diancie|Diancie|100/100\n|\n|upkeep\n|turn|4\n|\n|t:|1771221212\n|detailschange|p2a: Diancie|Diancie-Mega\n|-mega|p2a: Diancie|Diancie|Diancite\n|move|p2a: Diancie|Moonblast|p1a: Alomomola\n|-damage|p1a: Alomomola|33/100\n|move|p1a: Alomomola|Flip Turn|p2a: Diancie\n|-supereffective|p2a: Diancie\n|-damage|p2a: Diancie|61/100\n|\n|t:|1771221216\n|switch|p1a: Melmetal|Melmetal, shiny|100/100|[from] Flip Turn\n|\n|upkeep\n|turn|5\n|\n|t:|1771221222\n|switch|p2a: Alomomola|Alomomola, M|100/100\n|switch|p1a: Alomomola|Alomomola, M, shiny|66/100\n|\n|upkeep\n|turn|6\n|\n|t:|1771221225\n|move|p2a: Alomomola|Wish|p2a: Alomomola\n|move|p1a: Alomomola|Flip Turn|p2a: Alomomola\n|-resisted|p2a: Alomomola\n|-damage|p2a: Alomomola|96/100\n|-damage|p1a: Alomomola|50/100|[from] item: Rocky Helmet|[of] p2a: Alomomola\n|\n|t:|1771221233\n|switch|p1a: Latios|Latios-Mega, M, shiny|100/100|[from] Flip Turn\n|\n|upkeep\n|turn|7\n|\n|t:|1771221238\n|switch|p1a: Alomomola|Alomomola, M, shiny|83/100\n|switch|p2a: Kingambit|Kingambit, M|100/100\n|\n|upkeep\n|turn|8\n|\n|t:|1771221242\n|move|p2a: Kingambit|Swords Dance|p2a: Kingambit\n|-boost|p2a: Kingambit|atk|2\n|move|p1a: Alomomola|Flip Turn|p2a: Kingambit\n|-damage|p2a: Kingambit|89/100\n|\n|t:|1771221245\n|switch|p1a: Zamazenta|Zamazenta, shiny|100/100|[from] Flip Turn\n|-ability|p1a: Zamazenta|Dauntless Shield|boost\n|-boost|p1a: Zamazenta|def|1\n|\n|-heal|p2a: Kingambit|95/100|[from] item: Leftovers\n|upkeep\n|turn|9\n|\n|t:|1771221248\n|-end|p2a: Kingambit|fallenundefined|[silent]\n|switch|p2a: Alomomola|Alomomola, M|100/100\n|move|p1a: Zamazenta|Iron Defense|p1a: Zamazenta\n|-boost|p1a: Zamazenta|def|2\n|\n|upkeep\n|turn|10\n|\n|t:|1771221252\n|move|p1a: Zamazenta|Iron Defense|p1a: Zamazenta\n|-boost|p1a: Zamazenta|def|2\n|move|p2a: Alomomola|Flip Turn|p1a: Zamazenta\n|-damage|p1a: Zamazenta|97/100\n|\n|t:|1771221256\n|switch|p2a: Slowking|Slowking-Galar, M|100/100|[from] Flip Turn\n|\n|upkeep\n|turn|11\n|\n|t:|1771221258\n|move|p1a: Zamazenta|Crunch|p2a: Slowking\n|-supereffective|p2a: Slowking\n|-damage|p2a: Slowking|56/100\n|move|p2a: Slowking|Future Sight|p1a: Zamazenta\n|-start|p2a: Slowking|move: Future Sight\n|\n|upkeep\n|turn|12\n|\n|t:|1771221262\n|move|p1a: Zamazenta|Crunch|p2a: Slowking\n|-supereffective|p2a: Slowking\n|-damage|p2a: Slowking|10/100\n|-prepare|p2a: Slowking|Chilly Reception|[premajor]\n|move|p2a: Slowking|Chilly Reception|p2a: Slowking\n|-weather|Snowscape\n|\n|t:|1771221266\n|switch|p2a: Landorus|Landorus-Therian, M|84/100|[from] Chilly Reception\n|-ability|p2a: Landorus|Intimidate|boost\n|-unboost|p1a: Zamazenta|atk|1\n|\n|-weather|Snowscape|[upkeep]\n|-heal|p2a: Landorus|90/100|[from] item: Leftovers\n|upkeep\n|turn|13\n|\n|t:|1771221269\n|move|p1a: Zamazenta|Crunch|p2a: Landorus\n|-damage|p2a: Landorus|73/100\n|move|p2a: Landorus|Defog|p1a: Zamazenta\n|-unboost|p1a: Zamazenta|evasion|1\n|\n|-weather|Snowscape|[upkeep]\n|-end|p1a: Zamazenta|move: Future Sight\n|-supereffective|p1a: Zamazenta\n|-damage|p1a: Zamazenta|27/100\n|-heal|p2a: Landorus|79/100|[from] item: Leftovers\n|upkeep\n|turn|14\n|\n|t:|1771221274\n|switch|p2a: Alomomola|Alomomola, M|100/100\n|move|p1a: Zamazenta|Rest|p1a: Zamazenta\n|-status|p1a: Zamazenta|slp|[from] move: Rest\n|-heal|p1a: Zamazenta|100/100 slp|[silent]\n|-enditem|p1a: Zamazenta|Chesto Berry|[eat]\n|-curestatus|p1a: Zamazenta|slp|[msg]\n|\n|-weather|Snowscape|[upkeep]\n|upkeep\n|turn|15\n|\n|t:|1771221279\n|move|p1a: Zamazenta|Body Press|p2a: Alomomola\n|-damage|p2a: Alomomola|32/100\n|-damage|p1a: Zamazenta|84/100|[from] item: Rocky Helmet|[of] p2a: Alomomola\n|move|p2a: Alomomola|Toxic|p1a: Zamazenta\n|-status|p1a: Zamazenta|tox\n|\n|-weather|Snowscape|[upkeep]\n|-damage|p1a: Zamazenta|78/100 tox|[from] psn\n|upkeep\n|turn|16\n|\n|t:|1771221283\n|switch|p2a: Landorus|Landorus-Therian, M|79/100\n|-ability|p2a: Landorus|Intimidate|boost\n|-unboost|p1a: Zamazenta|atk|1\n|move|p1a: Zamazenta|Body Press|p2a: Landorus\n|-resisted|p2a: Landorus\n|-damage|p2a: Landorus|4/100\n|\n|-weather|none\n|-heal|p2a: Landorus|10/100|[from] item: Leftovers\n|-damage|p1a: Zamazenta|66/100 tox|[from] psn\n|upkeep\n|turn|17\n|\n|t:|1771221286\n|move|p1a: Zamazenta|Body Press|p2a: Landorus\n|-resisted|p2a: Landorus\n|-damage|p2a: Landorus|0 fnt\n|faint|p2a: Landorus\n|\n|-damage|p1a: Zamazenta|47/100 tox|[from] psn\n|upkeep\n|\n|t:|1771221294\n|switch|p2a: Alomomola|Alomomola, M|66/100\n|turn|18\n|\n|t:|1771221299\n|move|p1a: Zamazenta|Rest|p1a: Zamazenta\n|-status|p1a: Zamazenta|slp|[from] move: Rest\n|-heal|p1a: Zamazenta|100/100 slp|[silent]\n|move|p2a: Alomomola|Wish|p2a: Alomomola\n|\n|upkeep\n|turn|19\n|\n|t:|1771221304\n|switch|p2a: Diancie|Diancie-Mega|61/100\n|cant|p1a: Zamazenta|slp\n|\n|-heal|p2a: Diancie|100/100|[from] move: Wish|[wisher] Alomomola\n|upkeep\n|turn|20\n|\n|t:|1771221308\n|switch|p1a: Melmetal|Melmetal, shiny|100/100\n|move|p2a: Diancie|Moonblast|p1a: Melmetal\n|-resisted|p1a: Melmetal\n|-damage|p1a: Melmetal|80/100\n|\n|upkeep\n|turn|21\n|\n|t:|1771221314\n|switch|p2a: Alomomola|Alomomola, M|99/100\n|switch|p1a: Latios|Latios-Mega, M, shiny|100/100\n|\n|upkeep\n|turn|22\n|\n|t:|1771221320\n|move|p1a: Latios|Draco Meteor|p2a: Alomomola\n|-damage|p2a: Alomomola|0 fnt\n|-unboost|p1a: Latios|spa|2\n|faint|p2a: Alomomola\n|\n|upkeep\n|\n|t:|1771221324\n|switch|p2a: Diancie|Diancie-Mega|100/100\n|turn|23\n|\n|t:|1771221330\n|switch|p1a: Melmetal|Melmetal, shiny|80/100\n|move|p2a: Diancie|Mystical Fire|p1a: Melmetal\n|-supereffective|p1a: Melmetal\n|-damage|p1a: Melmetal|39/100\n|-unboost|p1a: Melmetal|spa|1\n|\n|upkeep\n|turn|24\n|\n|t:|1771221333\n|switch|p1a: Alomomola|Alomomola, M, shiny|100/100\n|move|p2a: Diancie|Earth Power|p1a: Alomomola\n|-damage|p1a: Alomomola|57/100\n|\n|upkeep\n|turn|25\n|\n|t:|1771221340\n|switch|p1a: Melmetal|Melmetal, shiny|39/100\n|move|p2a: Diancie|Moonblast|p1a: Melmetal\n|-resisted|p1a: Melmetal\n|-damage|p1a: Melmetal|20/100\n|\n|upkeep\n|turn|26\n|\n|t:|1771221347\n|move|p2a: Diancie|Mystical Fire|p1a: Melmetal\n|-supereffective|p1a: Melmetal\n|-damage|p1a: Melmetal|0 fnt\n|faint|p1a: Melmetal\n|\n|upkeep\n|\n|t:|1771221356\n|switch|p1a: Alomomola|Alomomola, M, shiny|90/100\n|turn|27\n|\n|t:|1771221360\n|move|p2a: Diancie|Moonblast|p1a: Alomomola\n|-damage|p1a: Alomomola|23/100\n|move|p1a: Alomomola|Mirror Coat|p2a: Diancie\n|-damage|p2a: Diancie|0 fnt\n|faint|p2a: Diancie\n|detailschange|p2: Diancie|Diancie|[silent]\n|\n|upkeep\n|\n|t:|1771221372\n|switch|p2a: Kingambit|Kingambit, M|95/100\n|-activate|p2a: Kingambit|ability: Supreme Overlord\n|-start|p2a: Kingambit|fallen3|[silent]\n|turn|28\n|\n|t:|1771221375\n|switch|p1a: Zamazenta|Zamazenta, shiny|100/100 slp\n|move|p2a: Kingambit|Swords Dance|p2a: Kingambit\n|-boost|p2a: Kingambit|atk|2\n|\n|-heal|p2a: Kingambit|100/100|[from] item: Leftovers\n|upkeep\n|turn|29\n|\n|t:|1771221381\n|cant|p1a: Zamazenta|slp\n|move|p2a: Kingambit|Low Kick|p1a: Zamazenta\n|-damage|p1a: Zamazenta|17/100 slp\n|\n|upkeep\n|turn|30\n|\n|t:|1771221387\n|switch|p1a: Landorus|Landorus-Therian, M|100/100\n|-ability|p1a: Landorus|Intimidate|boost\n|-unboost|p2a: Kingambit|atk|1\n|move|p2a: Kingambit|Sucker Punch||[still]\n|-fail|p2a: Kingambit\n|\n|upkeep\n|turn|31\n|\n|t:|1771221395\n|move|p2a: Kingambit|Sucker Punch|p1a: Landorus\n|-damage|p1a: Landorus|0 fnt\n|faint|p1a: Landorus\n|\n|upkeep\n|\n|t:|1771221402\n|switch|p1a: Alomomola|Alomomola, M, shiny|57/100\n|turn|32\n|\n|t:|1771221404\n|move|p2a: Kingambit|Swords Dance|p2a: Kingambit\n|-boost|p2a: Kingambit|atk|2\n|move|p1a: Alomomola|Flip Turn|p2a: Kingambit\n|-damage|p2a: Kingambit|89/100\n|\n|t:|1771221407\n|switch|p1a: Zamazenta|Zamazenta, shiny|17/100 slp|[from] Flip Turn\n|\n|-heal|p2a: Kingambit|96/100|[from] item: Leftovers\n|upkeep\n|turn|33\n|\n|t:|1771221410\n|move|p2a: Kingambit|Sucker Punch||[still]\n|-fail|p2a: Kingambit\n|-curestatus|p1a: Zamazenta|slp|[msg]\n|move|p1a: Zamazenta|Iron Defense|p1a: Zamazenta\n|-boost|p1a: Zamazenta|def|2\n|\n|-heal|p2a: Kingambit|100/100|[from] item: Leftovers\n|upkeep\n|turn|34\n|\n|t:|1771221423\n|move|p2a: Kingambit|Sucker Punch||[still]\n|-fail|p2a: Kingambit\n|move|p1a: Zamazenta|Iron Defense|p1a: Zamazenta\n|-boost|p1a: Zamazenta|def|2\n|\n|upkeep\n|turn|35\n|\n|t:|1771221427\n|move|p1a: Zamazenta|Body Press|p2a: Kingambit\n|-supereffective|p2a: Kingambit\n|-damage|p2a: Kingambit|0 fnt\n|faint|p2a: Kingambit\n|-end|p2a: Kingambit|fallen3|[silent]\n|\n|upkeep\n|-message|yuxia233 forfeited.\n|\n|win|hhxh镜花水月\n|raw|hhxh镜花水月's rating: 1553 &rarr; <strong>1573</strong><br />(+20 for winning)\n|raw|yuxia233's rating: 1560 &rarr; <strong>1540</strong><br />(-20 for losing)\n|l|☆yuxia233\n|player|p2|\n|l|☆hhxh镜花水月\n|player|p1|\n", "uploadtime": 1771221724, "views": 5, "formatid": "gen9nationaldex", "rating": 1540, "private": 0, "password": null}