{"id": "gen9nationaldex-2540810677", "format": "[Gen 9] National Dex", "players": ["Ichigxo", "Starscrim"], "log": "|j|☆Ichigxo\n|j|☆Starscrim\n|t:|1771256439\n|gametype|singles\n|player|p1|Ichigxo|cynthia-gen4|1584\n|player|p2|Starscrim|juggler|1557\n|gen|9\n|tier|[Gen 9] National Dex\n|rated|\n|rule|HP Percentage Mod: HP is shown in percentages\n|rule|Endless Battle Clause: Forcing endless battles is banned\n|rule|Species Clause: Limit one of each Pokémon\n|rule|OHKO Clause: OHKO moves are banned\n|rule|Evasion Clause: Evasion abilities, items, and moves are banned\n|rule|Evasion Abilities Clause: Evasion abilities are banned\n|rule|Evasion Items Clause: Evasion items are banned\n|rule|Evasion Moves Clause: Evasion moves are banned\n|rule|Sleep Clause Mod: Limit one foe put to sleep\n|rule|Terastal Clause: You cannot Terastallize\n|clearpoke\n|poke|p1|Lopunny, F|\n|poke|p1|Ting-Lu|\n|poke|p1|Melmetal|\n|poke|p1|Moltres|\n|poke|p1|Latios, M|\n|poke|p1|Iron Valiant|\n|poke|p2|Urshifu-*, F|\n|poke|p2|Garchomp, F|\n|poke|p2|Togekiss, M|\n|poke|p2|Chansey, F|\n|poke|p2|Zapdos|\n|poke|p2|Dondozo, F|\n|teampreview\n|\n|t:|1771256463\n|teamsize|p1|6\n|teamsize|p2|6\n|start\n|switch|p1a: Iron Valiant|Iron Valiant, shiny|100/100\n|switch|p2a: Kissa bb|Togekiss, M|100/100\n|turn|1\n|\n|t:|1771256472\n|switch|p2a: MaMa|Chansey, F|100/100\n|move|p1a: Iron Valiant|Thunderbolt|p2a: MaMa\n|-damage|p2a: MaMa|88/100\n|\n|upkeep\n|turn|2\n|\n|t:|1771256479\n|-end|p1a: Iron Valiant|Quark Drive|[silent]\n|switch|p1a: Melmetal|Melmetal|100/100\n|switch|p2a: 220 Volt|Zapdos|100/100\n|\n|upkeep\n|turn|3\n|\n|t:|1771256486\n|move|p2a: 220 Volt|Hurricane|p1a: Melmetal|[miss]\n|-miss|p2a: 220 Volt|p1a: Melmetal\n|move|p1a: Melmetal|Double Iron Bash|p2a: 220 Volt\n|-resisted|p2a: 220 Volt\n|-damage|p2a: 220 Volt|83/100\n|-resisted|p2a: 220 Volt\n|-damage|p2a: 220 Volt|64/100\n|-hitcount|p2a: 220 Volt|2\n|\n|upkeep\n|turn|4\n|\n|t:|1771256494\n|move|p2a: 220 Volt|Hurricane|p1a: Melmetal\n|-resisted|p1a: Melmetal\n|-damage|p1a: Melmetal|80/100\n|move|p1a: Melmetal|Ice Punch|p2a: 220 Volt\n|-supereffective|p2a: 220 Volt\n|-damage|p2a: 220 Volt|3/100\n|\n|upkeep\n|turn|5\n|\n|t:|1771256505\n|move|p2a: 220 Volt|Roost|p2a: 220 Volt\n|-heal|p2a: 220 Volt|53/100\n|-singleturn|p2a: 220 Volt|move: Roost\n|move|p1a: Melmetal|Ice Punch|p2a: 220 Volt\n|-damage|p2a: 220 Volt|26/100\n|\n|upkeep\n|turn|6\n|\n|t:|1771256516\n|switch|p1a: Latios|Latios, M|100/100\n|move|p2a: 220 Volt|Roost|p2a: 220 Volt\n|-heal|p2a: 220 Volt|76/100\n|-singleturn|p2a: 220 Volt|move: Roost\n|\n|upkeep\n|turn|7\n|\n|t:|1771256523\n|switch|p2a: MaMa|Chansey, F|88/100\n|move|p1a: Latios|Luster Purge|p2a: MaMa\n|-damage|p2a: MaMa|71/100\n|\n|upkeep\n|turn|8\n|\n|t:|1771256530\n|switch|p1a: Melmetal|Melmetal|80/100\n|move|p2a: MaMa|Toxic|p1a: Melmetal\n|-immune|p1a: Melmetal\n|\n|upkeep\n|turn|9\n|\n|t:|1771256543\n|switch|p2a: 220 Volt|Zapdos|76/100\n|move|p1a: Melmetal|Ice Punch|p2a: 220 Volt\n|-supereffective|p2a: 220 Volt\n|-damage|p2a: 220 Volt|13/100\n|\n|upkeep\n|turn|10\n|\n|t:|1771256557\n|move|p2a: 220 Volt|Volt Switch|p1a: Melmetal\n|-damage|p1a: Melmetal|54/100\n|\n|t:|1771256564\n|switch|p2a: Dondozo|Dondozo, F|100/100|[from] Volt Switch\n|move|p1a: Melmetal|Ice Punch|p2a: Dondozo\n|-resisted|p2a: Dondozo\n|-damage|p2a: Dondozo|92/100\n|-status|p2a: Dondozo|frz\n|\n|-heal|p2a: Dondozo|98/100 frz|[from] item: Leftovers\n|upkeep\n|turn|11\n|\n|t:|1771256578\n|switch|p2a: 220 Volt|Zapdos|13/100\n|move|p1a: Melmetal|Thunder Punch|p2a: 220 Volt\n|-damage|p2a: 220 Volt|0 fnt\n|faint|p2a: 220 Volt\n|\n|upkeep\n|\n|t:|1771256591\n|switch|p2a: Urshifu|Urshifu-Rapid-Strike, F|100/100\n|turn|12\n|\n|t:|1771256596\n|switch|p1a: Moltres|Moltres|100/100\n|move|p2a: Urshifu|U-turn|p1a: Moltres\n|-resisted|p1a: Moltres\n|-damage|p1a: Moltres|93/100\n|\n|t:|1771256609\n|switch|p2a: Kissa bb|Togekiss, M|100/100|[from] U-turn\n|\n|upkeep\n|turn|13\n|\n|t:|1771256615\n|move|p2a: Kissa bb|Substitute|p2a: Kissa bb\n|-start|p2a: Kissa bb|Substitute\n|-damage|p2a: Kissa bb|76/100\n|move|p1a: Moltres|Mystical Fire|p2a: Kissa bb\n|-end|p2a: Kissa bb|Substitute\n|\n|-heal|p2a: Kissa bb|82/100|[from] item: Leftovers\n|upkeep\n|turn|14\n|\n|t:|1771256624\n|move|p2a: Kissa bb|Air Slash|p1a: Moltres\n|-damage|p1a: Moltres|56/100\n|move|p1a: Moltres|Mystical Fire|p2a: Kissa bb\n|-damage|p2a: Kissa bb|54/100\n|-unboost|p2a: Kissa bb|spa|1\n|\n|-heal|p2a: Kissa bb|60/100|[from] item: Leftovers\n|upkeep\n|turn|15\n|\n|t:|1771256634\n|move|p2a: Kissa bb|Air Slash|p1a: Moltres\n|-damage|p1a: Moltres|30/100\n|cant|p1a: Moltres|flinch\n|\n|-heal|p2a: Kissa bb|66/100|[from] item: Leftovers\n|upkeep\n|turn|16\n|\n|t:|1771256644\n|move|p2a: Kissa bb|Air Slash|p1a: Moltres|[miss]\n|-miss|p2a: Kissa bb|p1a: Moltres\n|move|p1a: Moltres|Roost|p1a: Moltres\n|-heal|p1a: Moltres|80/100\n|-singleturn|p1a: Moltres|move: Roost\n|\n|-heal|p2a: Kissa bb|72/100|[from] item: Leftovers\n|upkeep\n|turn|17\n|\n|t:|1771256654\n|move|p2a: Kissa bb|Air Slash|p1a: Moltres\n|-damage|p1a: Moltres|52/100\n|move|p1a: Moltres|U-turn|p2a: Kissa bb\n|-resisted|p2a: Kissa bb\n|-damage|p2a: Kissa bb|68/100\n|\n|t:|1771256663\n|switch|p1a: Lopunny|Lopunny, F|100/100|[from] U-turn\n|\n|-heal|p2a: Kissa bb|74/100|[from] item: Leftovers\n|upkeep\n|turn|18\n|\n|t:|1771256671\n|switch|p2a: Dragon hunter|Garchomp, F|100/100\n|detailschange|p1a: Lopunny|Lopunny-Mega, F\n|-mega|p1a: Lopunny|Lopunny|Lopunnite\n|move|p1a: Lopunny|Fake Out|p2a: Dragon hunter\n|-damage|p2a: Dragon hunter|79/100\n|-damage|p1a: Lopunny|88/100|[from] ability: Rough Skin|[of] p2a: Dragon hunter\n|\n|upkeep\n|turn|19\n|\n|t:|1771256684\n|switch|p1a: Moltres|Moltres|52/100\n|move|p2a: Dragon hunter|Stone Edge|p1a: Moltres\n|-supereffective|p1a: Moltres\n|-damage|p1a: Moltres|0 fnt\n|faint|p1a: Moltres\n|\n|upkeep\n|\n|t:|1771256694\n|switch|p1a: Iron Valiant|Iron Valiant, shiny|100/100\n|turn|20\n|\n|t:|1771256701\n|switch|p2a: MaMa|Chansey, F|71/100\n|move|p1a: Iron Valiant|Aura Sphere|p2a: MaMa\n|-supereffective|p2a: MaMa\n|-damage|p2a: MaMa|35/100\n|\n|upkeep\n|turn|21\n|\n|t:|1771256717\n|-end|p1a: Iron Valiant|Quark Drive|[silent]\n|switch|p1a: Lopunny|Lopunny-Mega, F|88/100\n|move|p2a: MaMa|Soft-Boiled|p2a: MaMa\n|-heal|p2a: MaMa|85/100\n|\n|upkeep\n|turn|22\n|\n|t:|1771256731\n|switch|p2a: Dondozo|Dondozo, F|98/100 frz\n|move|p1a: Lopunny|Frustration|p2a: Dondozo\n|-damage|p2a: Dondozo|75/100 frz\n|\n|-heal|p2a: Dondozo|82/100 frz|[from] item: Leftovers\n|upkeep\n|turn|23\n|\n|t:|1771256741\n|switch|p1a: Iron Valiant|Iron Valiant, shiny|100/100\n|cant|p2a: Dondozo|frz\n|\n|-heal|p2a: Dondozo|88/100 frz|[from] item: Leftovers\n|upkeep\n|turn|24\n|\n|t:|1771256751\n|switch|p2a: MaMa|Chansey, F|85/100\n|move|p1a: Iron Valiant|Aura Sphere|p2a: MaMa\n|-supereffective|p2a: MaMa\n|-damage|p2a: MaMa|50/100\n|\n|upkeep\n|turn|25\n|\n|t:|1771256761\n|move|p1a: Iron Valiant|Aura Sphere|p2a: MaMa\n|-supereffective|p2a: MaMa\n|-damage|p2a: MaMa|15/100\n|move|p2a: MaMa|Seismic Toss|p1a: Iron Valiant\n|-damage|p1a: Iron Valiant|66/100\n|\n|upkeep\n|turn|26\n|\n|t:|1771256774\n|move|p1a: Iron Valiant|Aura Sphere|p2a: MaMa\n|-supereffective|p2a: MaMa\n|-damage|p2a: MaMa|0 fnt\n|faint|p2a: MaMa\n|\n|upkeep\n|\n|t:|1771256783\n|switch|p2a: Dragon hunter|Garchomp, F|79/100\n|turn|27\n|\n|t:|1771256791\n|-end|p1a: Iron Valiant|Quark Drive|[silent]\n|switch|p1a: Latios|Latios, M|100/100\n|move|p2a: Dragon hunter|Earthquake|p1a: Latios\n|-immune|p1a: Latios|[from] ability: Levitate\n|\n|upkeep\n|turn|28\n|\n|t:|1771256798\n|switch|p2a: Kissa bb|Togekiss, M|74/100\n|move|p1a: Latios|Luster Purge|p2a: Kissa bb\n|-damage|p2a: Kissa bb|29/100\n|-unboost|p2a: Kissa bb|spd|1\n|\n|-heal|p2a: Kissa bb|36/100|[from] item: Leftovers\n|upkeep\n|turn|29\n|\n|t:|1771256808\n|move|p1a: Latios|Luster Purge|p2a: Kissa bb\n|-damage|p2a: Kissa bb|0 fnt\n|faint|p2a: Kissa bb\n|\n|upkeep\n|\n|t:|1771256813\n|switch|p2a: Urshifu|Urshifu-Rapid-Strike, F|100/100\n|turn|30\n|\n|t:|1771256818\n|move|p1a: Latios|Luster Purge|p2a: Urshifu\n|-supereffective|p2a: Urshifu\n|-damage|p2a: Urshifu|0 fnt\n|faint|p2a: Urshifu\n|\n|upkeep\n|inactive|Battle timer is ON: inactive players will automatically lose when time's up. (requested by Ichigxo)\n|l|☆Starscrim\n|inactive|Starscrim disconnected and has a minute to reconnect!\n|player|p2|\n|inactive|Starscrim has 30 seconds to reconnect!\n|inactive|Starscrim has 20 seconds to reconnect!\n|inactive|Starscrim has 15 seconds to reconnect!\n|inactive|Starscrim has 10 seconds to reconnect!\n|inactive|Starscrim has 5 seconds to reconnect!\n|-message|Starscrim lost due to inactivity.\n|\n|win|Ichigxo\n|raw|Ichigxo's rating: 1584 &rarr; <strong>1602</strong><br />(+18 for winning)\n|raw|Starscrim's rating: 1557 &rarr; <strong>1539</strong><br />(-18 for losing)\n|l|☆Ichigxo\n|player|p1|\n", "uploadtime": 1771257110, "views": 5, "formatid": "gen9nationaldex", "rating": 1539, "private": 0, "password": null}