{"id": "gen9nationaldex-2540610231", "format": "[Gen 9] National Dex", "players": ["lh09", "Starscrim"], "log": "|j|☆lh09\n|j|☆Starscrim\n|t:|1771226778\n|gametype|singles\n|player|p1|lh09|hilbert|1531\n|player|p2|Starscrim|juggler|1510\n|gen|9\n|tier|[Gen 9] National Dex\n|rated|\n|rule|HP Percentage Mod: HP is shown in percentages\n|rule|Endless Battle Clause: Forcing endless battles is banned\n|rule|Species Clause: Limit one of each Pokémon\n|rule|OHKO Clause: OHKO moves are banned\n|rule|Evasion Clause: Evasion abilities, items, and moves are banned\n|rule|Evasion Abilities Clause: Evasion abilities are banned\n|rule|Evasion Items Clause: Evasion items are banned\n|rule|Evasion Moves Clause: Evasion moves are banned\n|rule|Sleep Clause Mod: Limit one foe put to sleep\n|rule|Terastal Clause: You cannot Terastallize\n|clearpoke\n|poke|p1|Morpeko, M|\n|poke|p1|Kommo-o, F|\n|poke|p1|Terapagos, M|\n|poke|p1|Ting-Lu|\n|poke|p1|Charizard, M|\n|poke|p1|Tapu Lele|\n|poke|p2|Urshifu-*, F|\n|poke|p2|Garchomp, M|\n|poke|p2|Togekiss, F|\n|poke|p2|Chansey, F|\n|poke|p2|Zapdos|\n|poke|p2|Dondozo, F|\n|teampreview\n|inactive|Battle timer is ON: inactive players will automatically lose when time's up. (requested by lh09)\n|inactive|Starscrim has 120 seconds left.\n|\n|t:|1771226810\n|teamsize|p1|6\n|teamsize|p2|6\n|start\n|switch|p1a: Morpeko|Morpeko, M|100/100\n|switch|p2a: Urshifu|Urshifu-Rapid-Strike, F|100/100\n|turn|1\n|\n|t:|1771226827\n|switch|p1a: Kommo-o|Kommo-o, F|100/100\n|switch|p2a: Dragon hunter|Garchomp, M|100/100\n|\n|upkeep\n|turn|2\n|\n|t:|1771226836\n|switch|p2a: Kissa bb|Togekiss, F|100/100\n|switch|p1a: Morpeko|Morpeko, M|100/100\n|\n|-formechange|p1a: Morpeko|Morpeko-Hangry||[from] ability: Hunger Switch\n|upkeep\n|turn|3\n|\n|t:|1771226848\n|switch|p2a: Dragon hunter|Garchomp, M|100/100\n|move|p1a: Morpeko|Thunder Wave|p2a: Dragon hunter\n|-immune|p2a: Dragon hunter\n|\n|-formechange|p1a: Morpeko|Morpeko||[from] ability: Hunger Switch\n|upkeep\n|turn|4\n|\n|t:|1771226856\n|move|p2a: Dragon hunter|Earthquake|p1a: Morpeko\n|-supereffective|p1a: Morpeko\n|-enditem|p1a: Morpeko|Focus Sash\n|-damage|p1a: Morpeko|1/100\n|move|p1a: Morpeko|Foul Play|p2a: Dragon hunter\n|-damage|p2a: Dragon hunter|53/100\n|-damage|p1a: Morpeko|0 fnt|[from] ability: Rough Skin|[of] p2a: Dragon hunter\n|faint|p1a: Morpeko\n|\n|upkeep\n|\n|t:|1771226866\n|switch|p1a: Tapu Lele|Tapu Lele|100/100\n|-fieldstart|move: Psychic Terrain|[from] ability: Psychic Surge|[of] p1a: Tapu Lele\n|turn|5\n|\n|t:|1771226871\n|switch|p2a: MaMa|Chansey, F|100/100\n|move|p1a: Tapu Lele|Psychic|p2a: MaMa\n|-damage|p2a: MaMa|80/100\n|\n|upkeep\n|turn|6\n|\n|t:|1771226880\n|switch|p1a: Charizard|Charizard, M|100/100\n|move|p2a: MaMa|Toxic|p1a: Charizard\n|-status|p1a: Charizard|tox\n|\n|-damage|p1a: Charizard|94/100 tox|[from] psn\n|upkeep\n|turn|7\n|\n|t:|1771226888\n|detailschange|p1a: Charizard|Charizard-Mega-Y, M\n|-mega|p1a: Charizard|Charizard|Charizardite Y\n|-weather|SunnyDay|[from] ability: Drought|[of] p1a: Charizard\n|move|p1a: Charizard|Weather Ball|p2a: MaMa\n|-crit|p2a: MaMa\n|-damage|p2a: MaMa|36/100\n|move|p2a: MaMa|Soft-Boiled|p2a: MaMa\n|-heal|p2a: MaMa|86/100\n|\n|-weather|SunnyDay|[upkeep]\n|-damage|p1a: Charizard|82/100 tox|[from] psn\n|upkeep\n|turn|8\n|\n|t:|1771226901\n|switch|p1a: Kommo-o|Kommo-o, F|100/100\n|move|p2a: MaMa|Soft-Boiled|p2a: MaMa\n|-heal|p2a: MaMa|100/100\n|\n|-weather|SunnyDay|[upkeep]\n|upkeep\n|turn|9\n|\n|t:|1771226908\n|switch|p2a: Kissa bb|Togekiss, F|100/100\n|move|p1a: Kommo-o|Clangorous Soul|p1a: Kommo-o\n|-boost|p1a: Kommo-o|atk|1\n|-boost|p1a: Kommo-o|def|1\n|-boost|p1a: Kommo-o|spa|1\n|-boost|p1a: Kommo-o|spd|1\n|-boost|p1a: Kommo-o|spe|1\n|-damage|p1a: Kommo-o|68/100\n|\n|-weather|SunnyDay|[upkeep]\n|-fieldend|move: Psychic Terrain\n|upkeep\n|turn|10\n|\n|t:|1771226920\n|move|p1a: Kommo-o|Flash Cannon|p2a: Kissa bb\n|-supereffective|p2a: Kissa bb\n|-damage|p2a: Kissa bb|29/100\n|move|p2a: Kissa bb|Air Slash|p1a: Kommo-o\n|-supereffective|p1a: Kommo-o\n|-damage|p1a: Kommo-o|16/100\n|\n|-weather|SunnyDay|[upkeep]\n|-heal|p2a: Kissa bb|35/100|[from] item: Leftovers\n|upkeep\n|turn|11\n|\n|t:|1771226935\n|switch|p2a: Dondozo|Dondozo, F|100/100\n|move|p1a: Kommo-o|Flash Cannon|p2a: Dondozo\n|-resisted|p2a: Dondozo\n|-damage|p2a: Dondozo|89/100\n|\n|-weather|none\n|-heal|p2a: Dondozo|95/100|[from] item: Leftovers\n|upkeep\n|turn|12\n|\n|t:|1771226946\n|-zpower|p1a: Kommo-o\n|move|p1a: Kommo-o|Clangorous Soulblaze|p2a: Dondozo|[zeffect]\n|-damage|p2a: Dondozo|12/100\n|-boost|p1a: Kommo-o|atk|1\n|-boost|p1a: Kommo-o|def|1\n|-boost|p1a: Kommo-o|spa|1\n|-boost|p1a: Kommo-o|spd|1\n|-boost|p1a: Kommo-o|spe|1\n|move|p2a: Dondozo|Wave Crash|p1a: Kommo-o\n|-resisted|p1a: Kommo-o\n|-crit|p1a: Kommo-o\n|-damage|p1a: Kommo-o|0 fnt\n|faint|p1a: Kommo-o\n|-damage|p2a: Dondozo|9/100|[from] Recoil\n|\n|-heal|p2a: Dondozo|15/100|[from] item: Leftovers\n|upkeep\n|-message|lh09 forfeited.\n|\n|win|Starscrim\n|raw|lh09's rating: 1531 &rarr; <strong>1510</strong><br />(-21 for losing)\n|raw|Starscrim's rating: 1510 &rarr; <strong>1531</strong><br />(+21 for winning)\n|l|☆lh09\n|player|p1|\n|l|☆Starscrim\n|player|p2|\n", "uploadtime": 1771227236, "views": 10, "formatid": "gen9nationaldex", "rating": 1510, "private": 0, "password": null}