{"id": "gen9ubers-2540902624", "format": "[Gen 9] Ubers", "players": ["rated93", "dolphin dash"], "log": "|j|☆rated93\n|j|☆dolphin dash\n|t:|1771265546\n|gametype|singles\n|player|p1|rated93|blue|1632\n|player|p2|dolphin dash|lucas|1627\n|gen|9\n|tier|[Gen 9] Ubers\n|rated|\n|rule|HP Percentage Mod: HP is shown in percentages\n|rule|Endless Battle Clause: Forcing endless battles is banned\n|rule|Sleep Clause Mod: Limit one foe put to sleep\n|rule|Species Clause: Limit one of each Pokémon\n|rule|OHKO Clause: OHKO moves are banned\n|rule|Evasion Items Clause: Evasion items are banned\n|rule|Evasion Moves Clause: Evasion moves are banned\n|clearpoke\n|poke|p1|Zacian-*|\n|poke|p1|Koraidon|\n|poke|p1|Grimmsnarl, M|\n|poke|p1|Necrozma-Dusk-Mane|\n|poke|p1|Arceus|\n|poke|p1|Kyogre|\n|poke|p2|Mewtwo|\n|poke|p2|Glimmora, M|\n|poke|p2|Kyogre|\n|poke|p2|Zacian-*|\n|poke|p2|Koraidon|\n|poke|p2|Arceus-Ground|\n|teampreview\n|inactive|Battle timer is ON: inactive players will automatically lose when time's up. (requested by dolphin dash)\n|inactive|rated93 also wants the timer to be on.\n|\n|t:|1771265558\n|teamsize|p1|6\n|teamsize|p2|6\n|start\n|switch|p1a: Grimmsnarl|Grimmsnarl, M, shiny|100/100\n|switch|p2a: Glimmora|Glimmora, M|100/100\n|turn|1\n|\n|t:|1771265565\n|move|p1a: Grimmsnarl|Taunt|p2a: Glimmora\n|-start|p2a: Glimmora|move: Taunt\n|move|p2a: Glimmora|Dazzling Gleam|p1a: Grimmsnarl\n|-supereffective|p1a: Grimmsnarl\n|-damage|p1a: Grimmsnarl|57/100\n|\n|upkeep\n|turn|2\n|\n|t:|1771265588\n|switch|p1a: Kyogre|Kyogre|100/100\n|-weather|RainDance|[from] ability: Drizzle|[of] p1a: Kyogre\n|move|p2a: Glimmora|Mortal Spin|p1a: Kyogre\n|-damage|p1a: Kyogre|95/100\n|-status|p1a: Kyogre|psn\n|\n|-weather|RainDance|[upkeep]\n|-heal|p1a: Kyogre|100/100 psn|[from] item: Leftovers\n|-damage|p1a: Kyogre|88/100 psn|[from] psn\n|upkeep\n|turn|3\n|\n|t:|1771265598\n|move|p2a: Glimmora|Mud Shot|p1a: Kyogre\n|-damage|p1a: Kyogre|76/100 psn\n|-unboost|p1a: Kyogre|spe|1\n|move|p1a: Kyogre|Ice Beam|p2a: Glimmora\n|-damage|p2a: Glimmora|54/100\n|\n|-weather|RainDance|[upkeep]\n|-heal|p1a: Kyogre|82/100 psn|[from] item: Leftovers\n|-damage|p1a: Kyogre|69/100 psn|[from] psn\n|-end|p2a: Glimmora|move: Taunt\n|upkeep\n|turn|4\n|\n|t:|1771265613\n|switch|p2a: Koraidon|Koraidon|100/100\n|-weather|SunnyDay|[from] ability: Orichalcum Pulse|[of] p2a: Koraidon\n|-activate|p2a: Koraidon|Orichalcum Pulse|[source]\n|move|p1a: Kyogre|Origin Pulse|p2a: Koraidon|[miss]\n|-miss|p1a: Kyogre|p2a: Koraidon\n|\n|-weather|SunnyDay|[upkeep]\n|-heal|p1a: Kyogre|76/100 psn|[from] item: Leftovers\n|-damage|p1a: Kyogre|63/100 psn|[from] psn\n|upkeep\n|turn|5\n|\n|t:|1771265624\n|switch|p1a: Necrozma|Necrozma-Dusk-Mane, shiny|100/100\n|move|p2a: Koraidon|Scale Shot|p1a: Necrozma\n|-resisted|p1a: Necrozma\n|-damage|p1a: Necrozma|95/100\n|-resisted|p1a: Necrozma\n|-damage|p1a: Necrozma|90/100\n|-resisted|p1a: Necrozma\n|-damage|p1a: Necrozma|85/100\n|-resisted|p1a: Necrozma\n|-damage|p1a: Necrozma|80/100\n|-resisted|p1a: Necrozma\n|-damage|p1a: Necrozma|75/100\n|-hitcount|p1a: Necrozma|5\n|-unboost|p2a: Koraidon|def|1\n|-boost|p2a: Koraidon|spe|1\n|\n|-weather|SunnyDay|[upkeep]\n|-heal|p1a: Necrozma|81/100|[from] item: Leftovers\n|upkeep\n|turn|6\n|\n|t:|1771265644\n|switch|p2a: Glimmora|Glimmora, M|54/100\n|move|p1a: Necrozma|Morning Sun|p1a: Necrozma\n|-heal|p1a: Necrozma|100/100\n|\n|-weather|SunnyDay|[upkeep]\n|upkeep\n|turn|7\n|\n|t:|1771265651\n|move|p2a: Glimmora|Mud Shot|p1a: Necrozma|[miss]\n|-miss|p2a: Glimmora|p1a: Necrozma\n|move|p1a: Necrozma|Iron Defense|p1a: Necrozma\n|-boost|p1a: Necrozma|def|2\n|\n|-weather|SunnyDay|[upkeep]\n|upkeep\n|turn|8\n|\n|t:|1771265663\n|switch|p2a: Mewtwo|Mewtwo|100/100\n|-ability|p2a: Mewtwo|Pressure\n|move|p1a: Necrozma|Calm Mind|p1a: Necrozma\n|-boost|p1a: Necrozma|spa|1\n|-boost|p1a: Necrozma|spd|1\n|\n|-weather|none\n|upkeep\n|turn|9\n|inactive|rated93 has 120 seconds left.\n|\n|t:|1771265698\n|move|p2a: Mewtwo|Taunt|p1a: Necrozma\n|-start|p1a: Necrozma|move: Taunt\n|cant|p1a: Necrozma|move: Taunt|Calm Mind\n|\n|upkeep\n|turn|10\n|\n|t:|1771265702\n|move|p2a: Mewtwo|Bulk Up|p2a: Mewtwo\n|-boost|p2a: Mewtwo|atk|1\n|-boost|p2a: Mewtwo|def|1\n|move|p1a: Necrozma|Stored Power|p2a: Mewtwo\n|-resisted|p2a: Mewtwo\n|-crit|p2a: Mewtwo\n|-damage|p2a: Mewtwo|65/100\n|\n|upkeep\n|turn|11\n|\n|t:|1771265712\n|move|p2a: Mewtwo|Bulk Up|p2a: Mewtwo\n|-boost|p2a: Mewtwo|atk|1\n|-boost|p2a: Mewtwo|def|1\n|move|p1a: Necrozma|Stored Power|p2a: Mewtwo\n|-resisted|p2a: Mewtwo\n|-damage|p2a: Mewtwo|42/100\n|\n|-end|p1a: Necrozma|move: Taunt\n|upkeep\n|turn|12\n|\n|t:|1771265723\n|move|p2a: Mewtwo|Drain Punch|p1a: Necrozma\n|-damage|p1a: Necrozma|87/100\n|-heal|p2a: Mewtwo|48/100|[from] drain|[of] p1a: Necrozma\n|-damage|p2a: Mewtwo|38/100|[from] item: Life Orb\n|move|p1a: Necrozma|Stored Power|p2a: Mewtwo\n|-resisted|p2a: Mewtwo\n|-damage|p2a: Mewtwo|11/100\n|\n|-heal|p1a: Necrozma|93/100|[from] item: Leftovers\n|upkeep\n|turn|13\n|\n|t:|1771265734\n|move|p2a: Mewtwo|Taunt|p1a: Necrozma\n|-start|p1a: Necrozma|move: Taunt\n|cant|p1a: Necrozma|move: Taunt|Calm Mind\n|\n|-heal|p1a: Necrozma|99/100|[from] item: Leftovers\n|upkeep\n|turn|14\n|\n|t:|1771265740\n|move|p2a: Mewtwo|Drain Punch|p1a: Necrozma\n|-damage|p1a: Necrozma|86/100\n|-heal|p2a: Mewtwo|17/100|[from] drain|[of] p1a: Necrozma\n|-damage|p2a: Mewtwo|7/100|[from] item: Life Orb\n|move|p1a: Necrozma|Stored Power|p2a: Mewtwo\n|-resisted|p2a: Mewtwo\n|-damage|p2a: Mewtwo|0 fnt\n|faint|p2a: Mewtwo\n|\n|-heal|p1a: Necrozma|92/100|[from] item: Leftovers\n|upkeep\n|\n|t:|1771265752\n|switch|p2a: Kyogre|Kyogre|100/100\n|-weather|RainDance|[from] ability: Drizzle|[of] p2a: Kyogre\n|-item|p2a: Kyogre|Air Balloon\n|turn|15\n|\n|t:|1771265757\n|switch|p1a: Koraidon|Koraidon, shiny|100/100\n|-weather|SunnyDay|[from] ability: Orichalcum Pulse|[of] p1a: Koraidon\n|-activate|p1a: Koraidon|Orichalcum Pulse|[source]\n|move|p2a: Kyogre|Origin Pulse|p1a: Koraidon\n|-resisted|p1a: Koraidon\n|-damage|p1a: Koraidon|81/100\n|\n|-weather|SunnyDay|[upkeep]\n|upkeep\n|turn|16\n|\n|t:|1771265767\n|switch|p2a: Glimmora|Glimmora, M|54/100\n|move|p1a: Koraidon|Swords Dance|p1a: Koraidon\n|-boost|p1a: Koraidon|atk|2\n|\n|-weather|SunnyDay|[upkeep]\n|upkeep\n|turn|17\n|\n|t:|1771265789\n|switch|p2a: Zacian|Zacian-Crowned|100/100\n|-ability|p2a: Zacian|Intrepid Sword|boost\n|-boost|p2a: Zacian|atk|1\n|move|p1a: Koraidon|Scale Shot|p2a: Zacian\n|-immune|p2a: Zacian\n|\n|-weather|SunnyDay|[upkeep]\n|upkeep\n|turn|18\n|\n|t:|1771265800\n|move|p2a: Zacian|Behemoth Blade|p1a: Koraidon\n|-damage|p1a: Koraidon|2/100\n|move|p1a: Koraidon|Low Kick|p2a: Zacian\n|-damage|p2a: Zacian|0 fnt\n|faint|p2a: Zacian\n|\n|-weather|SunnyDay|[upkeep]\n|upkeep\n|\n|t:|1771265809\n|switch|p2a: Koraidon|Koraidon|100/100\n|-activate|p2a: Koraidon|ability: Orichalcum Pulse\n|turn|19\n|\n|t:|1771265815\n|move|p2a: Koraidon|Flare Blitz|p1a: Koraidon\n|-resisted|p1a: Koraidon\n|-damage|p1a: Koraidon|0 fnt\n|faint|p1a: Koraidon\n|-damage|p2a: Koraidon|99/100|[from] Recoil\n|\n|-weather|none\n|upkeep\n|\n|t:|1771265820\n|switch|p1a: Grimmsnarl|Grimmsnarl, M, shiny|57/100\n|turn|20\n|\n|t:|1771265827\n|switch|p2a: Glimmora|Glimmora, M|54/100\n|move|p1a: Grimmsnarl|Reflect|p1a: Grimmsnarl\n|-sidestart|p1: rated93|Reflect\n|\n|upkeep\n|turn|21\n|\n|t:|1771265830\n|move|p1a: Grimmsnarl|Taunt|p2a: Glimmora\n|-start|p2a: Glimmora|move: Taunt\n|cant|p2a: Glimmora|move: Taunt|Stealth Rock\n|\n|upkeep\n|turn|22\n|\n|t:|1771265835\n|move|p1a: Grimmsnarl|Light Screen|p1a: Grimmsnarl\n|-sidestart|p1: rated93|move: Light Screen\n|move|p2a: Glimmora|Mud Shot|p1a: Grimmsnarl\n|-damage|p1a: Grimmsnarl|50/100\n|-unboost|p1a: Grimmsnarl|spe|1\n|\n|upkeep\n|turn|23\n|\n|t:|1771265841\n|switch|p2a: Arceus|Arceus-Ground|100/100\n|switch|p1a: Kyogre|Kyogre|63/100 psn\n|-weather|RainDance|[from] ability: Drizzle|[of] p1a: Kyogre\n|\n|-weather|RainDance|[upkeep]\n|-heal|p1a: Kyogre|69/100 psn|[from] item: Leftovers\n|-damage|p1a: Kyogre|57/100 psn|[from] psn\n|upkeep\n|turn|24\n|\n|t:|1771265848\n|switch|p2a: Koraidon|Koraidon|99/100\n|-weather|SunnyDay|[from] ability: Orichalcum Pulse|[of] p2a: Koraidon\n|-activate|p2a: Koraidon|Orichalcum Pulse|[source]\n|move|p1a: Kyogre|Origin Pulse|p2a: Koraidon\n|-resisted|p2a: Koraidon\n|-damage|p2a: Koraidon|85/100\n|\n|-weather|SunnyDay|[upkeep]\n|-heal|p1a: Kyogre|63/100 psn|[from] item: Leftovers\n|-damage|p1a: Kyogre|51/100 psn|[from] psn\n|upkeep\n|turn|25\n|\n|t:|1771265853\n|move|p2a: Koraidon|Swords Dance|p2a: Koraidon\n|-boost|p2a: Koraidon|atk|2\n|move|p1a: Kyogre|Ice Beam|p2a: Koraidon\n|-supereffective|p2a: Koraidon\n|-damage|p2a: Koraidon|25/100\n|\n|-weather|SunnyDay|[upkeep]\n|-heal|p1a: Kyogre|57/100 psn|[from] item: Leftovers\n|-damage|p1a: Kyogre|45/100 psn|[from] psn\n|upkeep\n|turn|26\n|\n|t:|1771265856\n|move|p2a: Koraidon|Scale Shot|p1a: Kyogre\n|-damage|p1a: Kyogre|32/100 psn\n|-damage|p1a: Kyogre|18/100 psn\n|-damage|p1a: Kyogre|6/100 psn\n|-damage|p1a: Kyogre|0 fnt\n|faint|p1a: Kyogre\n|-hitcount|p1: Kyogre|4\n|-unboost|p2a: Koraidon|def|1\n|-boost|p2a: Koraidon|spe|1\n|\n|-weather|SunnyDay|[upkeep]\n|upkeep\n|\n|t:|1771265862\n|switch|p1a: Arceus|Arceus, shiny|100/100\n|turn|27\n|\n|t:|1771265869\n|switch|p2a: Glimmora|Glimmora, M|54/100\n|move|p1a: Arceus|Extreme Speed|p2a: Glimmora\n|-resisted|p2a: Glimmora\n|-damage|p2a: Glimmora|24/100\n|-activate|p2a: Glimmora|ability: Toxic Debris\n|-sidestart|p1: rated93|move: Toxic Spikes\n|\n|-weather|SunnyDay|[upkeep]\n|-sideend|p1: rated93|Reflect\n|upkeep\n|turn|28\n|\n|t:|1771265874\n|move|p2a: Glimmora|Mortal Spin|p1a: Arceus\n|-damage|p1a: Arceus|96/100\n|-status|p1a: Arceus|psn\n|move|p1a: Arceus|Taunt|p2a: Glimmora\n|-start|p2a: Glimmora|move: Taunt\n|\n|-weather|none\n|-damage|p1a: Arceus|83/100 psn|[from] psn\n|upkeep\n|turn|29\n|\n|t:|1771265880\n|move|p2a: Glimmora|Mud Shot|p1a: Arceus\n|-damage|p1a: Arceus|77/100 psn\n|-unboost|p1a: Arceus|spe|1\n|move|p1a: Arceus|Swords Dance|p1a: Arceus\n|-boost|p1a: Arceus|atk|2\n|\n|-damage|p1a: Arceus|65/100 psn|[from] psn\n|-sideend|p1: rated93|move: Light Screen\n|upkeep\n|turn|30\n|\n|t:|1771265891\n|move|p1a: Arceus|Extreme Speed|p2a: Glimmora\n|-resisted|p2a: Glimmora\n|-damage|p2a: Glimmora|0 fnt\n|-activate|p2a: Glimmora|ability: Toxic Debris\n|-sidestart|p1: rated93|move: Toxic Spikes\n|faint|p2a: Glimmora\n|\n|-damage|p1a: Arceus|52/100 psn|[from] psn\n|upkeep\n|\n|t:|1771265894\n|switch|p2a: Kyogre|Kyogre|100/100\n|-weather|RainDance|[from] ability: Drizzle|[of] p2a: Kyogre\n|-item|p2a: Kyogre|Air Balloon\n|turn|31\n|\n|t:|1771265924\n|-terastallize|p2a: Kyogre|Ghost\n|-terastallize|p1a: Arceus|Normal\n|move|p1a: Arceus|Extreme Speed|p2a: Kyogre\n|-immune|p2a: Kyogre\n|move|p2a: Kyogre|Calm Mind|p2a: Kyogre\n|-boost|p2a: Kyogre|spa|1\n|-boost|p2a: Kyogre|spd|1\n|\n|-weather|RainDance|[upkeep]\n|-damage|p1a: Arceus|40/100 psn|[from] psn\n|upkeep\n|turn|32\n|\n|t:|1771265937\n|move|p2a: Kyogre|Thunder|p1a: Arceus\n|-damage|p1a: Arceus|0 fnt\n|faint|p1a: Arceus\n|\n|-weather|RainDance|[upkeep]\n|upkeep\n|\n|t:|1771265940\n|switch|p1a: Grimmsnarl|Grimmsnarl, M, shiny|50/100\n|-status|p1a: Grimmsnarl|tox\n|turn|33\n|\n|t:|1771265944\n|move|p1a: Grimmsnarl|Light Screen|p1a: Grimmsnarl\n|-sidestart|p1: rated93|move: Light Screen\n|move|p2a: Kyogre|Origin Pulse|p1a: Grimmsnarl\n|-damage|p1a: Grimmsnarl|0 fnt\n|faint|p1a: Grimmsnarl\n|\n|-weather|RainDance|[upkeep]\n|upkeep\n|\n|t:|1771265948\n|switch|p1a: Zacian|Zacian-Crowned, shiny|100/100\n|-ability|p1a: Zacian|Intrepid Sword|boost\n|-boost|p1a: Zacian|atk|1\n|turn|34\n|\n|t:|1771265952\n|move|p1a: Zacian|Behemoth Blade|p2a: Kyogre\n|-damage|p2a: Kyogre|24/100\n|-enditem|p2a: Kyogre|Air Balloon\n|move|p2a: Kyogre|Origin Pulse|p1a: Zacian\n|-damage|p1a: Zacian|30/100\n|\n|-weather|RainDance|[upkeep]\n|upkeep\n|turn|35\n|\n|t:|1771265959\n|move|p1a: Zacian|Behemoth Blade|p2a: Kyogre\n|-damage|p2a: Kyogre|0 fnt\n|faint|p2a: Kyogre\n|\n|-weather|none\n|upkeep\n|\n|t:|1771265962\n|switch|p2a: Arceus|Arceus-Ground|100/100\n|turn|36\n|\n|t:|1771265965\n|move|p1a: Zacian|Behemoth Blade|p2a: Arceus\n|-damage|p2a: Arceus|54/100\n|move|p2a: Arceus|Dragon Dance|p2a: Arceus\n|-boost|p2a: Arceus|atk|1\n|-boost|p2a: Arceus|spe|1\n|\n|upkeep\n|turn|37\n|\n|t:|1771265972\n|move|p2a: Arceus|Earthquake|p1a: Zacian\n|-supereffective|p1a: Zacian\n|-damage|p1a: Zacian|0 fnt\n|faint|p1a: Zacian\n|\n|upkeep\n|\n|t:|1771265973\n|switch|p1a: Necrozma|Necrozma-Dusk-Mane, shiny|92/100\n|turn|38\n|\n|t:|1771265975\n|move|p2a: Arceus|Taunt|p1a: Necrozma\n|-start|p1a: Necrozma|move: Taunt\n|cant|p1a: Necrozma|move: Taunt|Iron Defense\n|\n|-heal|p1a: Necrozma|98/100|[from] item: Leftovers\n|upkeep\n|turn|39\n|c|☆dolphin dash|gg wp\n|-message|rated93 forfeited.\n|\n|win|dolphin dash\n|raw|rated93's rating: 1632 &rarr; <strong>1612</strong><br />(-20 for losing)\n|raw|dolphin dash's rating: 1627 &rarr; <strong>1647</strong><br />(+20 for winning)\n|l|☆rated93\n|player|p1|\n", "uploadtime": 1771265982, "views": 2, "formatid": "gen9ubers", "rating": 1612, "private": 0, "password": null}