{"id": "gen9doublesou-2540690322", "format": "[Gen 9] Doubles OU", "players": ["dracarysbow", "Dr Sly"], "log": "|j|☆dracarysbow\n|j|☆Dr Sly\n|t:|1771240837\n|gametype|doubles\n|player|p1|dracarysbow|101|1543\n|player|p2|Dr Sly|camper|1648\n|gen|9\n|tier|[Gen 9] Doubles OU\n|rated|\n|rule|HP Percentage Mod: HP is shown in percentages\n|rule|Endless Battle Clause: Forcing endless battles is banned\n|rule|Species Clause: Limit one of each Pokémon\n|rule|OHKO Clause: OHKO moves are banned\n|rule|Evasion Moves Clause: Evasion moves are banned\n|rule|Gravity Sleep Clause: The combination of sleep-inducing moves with imperfect accuracy and Gravity or Gigantamax Orbeetle are banned\n|rule|Evasion Abilities Clause: Evasion abilities are banned\n|clearpoke\n|poke|p1|Zapdos-Galar|\n|poke|p1|Sneasler, M|\n|poke|p1|Murkrow, F|\n|poke|p1|Primarina, F|\n|poke|p1|Pelipper, F|\n|poke|p1|Walking Wake|\n|poke|p2|Hitmonchan, M|\n|poke|p2|Volcanion|\n|poke|p2|Comfey, F|\n|poke|p2|Araquanid, F|\n|poke|p2|Moltres-Galar|\n|poke|p2|Thundurus, M|\n|teampreview\n|\n|t:|1771240865\n|teamsize|p1|6\n|teamsize|p2|6\n|start\n|switch|p1a: Sneasler|Sneasler, M|100/100\n|switch|p1b: Murkrow|Murkrow, F|100/100\n|switch|p2a: Hitmonchan|Hitmonchan, M|100/100\n|switch|p2b: Thundurus|Thundurus, M, shiny|100/100\n|turn|1\n|\n|t:|1771240888\n|move|p1a: Sneasler|Fake Out|p2b: Thundurus\n|-enditem|p1a: Sneasler|Normal Gem|[from] gem\n|-damage|p2b: Thundurus|82/100\n|move|p2a: Hitmonchan|Fake Out|p1a: Sneasler\n|-damage|p1a: Sneasler|79/100\n|cant|p2b: Thundurus|flinch\n|move|p1b: Murkrow|Tailwind|p1b: Murkrow\n|-sidestart|p1: dracarysbow|move: Tailwind\n|\n|upkeep\n|turn|2\n|\n|t:|1771240904\n|switch|p2a: Moltres|Moltres-Galar|100/100\n|move|p1b: Murkrow|Taunt|p2b: Thundurus\n|-start|p2b: Thundurus|move: Taunt\n|cant|p2b: Thundurus|move: Taunt|Thunder Wave\n|move|p1a: Sneasler|Dire Claw|p2b: Thundurus\n|-damage|p2b: Thundurus|34/100\n|-status|p2b: Thundurus|slp\n|\n|upkeep\n|turn|3\n|\n|t:|1771240927\n|switch|p1b: Zapdos|Zapdos-Galar|100/100\n|move|p1a: Sneasler|Dire Claw|p2a: Moltres\n|-damage|p2a: Moltres|56/100\n|cant|p2b: Thundurus|slp\n|move|p2a: Moltres|Air Slash|p1a: Sneasler\n|-supereffective|p1a: Sneasler\n|-damage|p1a: Sneasler|0 fnt\n|faint|p1a: Sneasler\n|\n|upkeep\n|\n|t:|1771240940\n|switch|p1a: Primarina|Primarina, F|100/100\n|turn|4\n|\n|t:|1771240953\n|switch|p2a: Volcanion|Volcanion|100/100\n|move|p1b: Zapdos|Thunderous Kick|p2a: Volcanion\n|-damage|p2a: Volcanion|66/100\n|-unboost|p2a: Volcanion|def|1\n|move|p1a: Primarina|Dazzling Gleam|p2a: Volcanion|[spread] p2a,p2b\n|-resisted|p2a: Volcanion\n|-crit|p2b: Thundurus\n|-damage|p2a: Volcanion|53/100\n|-damage|p2b: Thundurus|0 fnt\n|faint|p2b: Thundurus\n|\n|-sideend|p1: dracarysbow|move: Tailwind\n|upkeep\n|\n|t:|1771240969\n|switch|p2b: Comfey|Comfey, F|100/100\n|turn|5\n|\n|t:|1771240988\n|switch|p1a: Murkrow|Murkrow, F|100/100\n|move|p2b: Comfey|Floral Healing|p2a: Volcanion\n|-heal|p2a: Volcanion|100/100\n|move|p1b: Zapdos|Thunderous Kick|p2a: Volcanion\n|-damage|p2a: Volcanion|50/100\n|-unboost|p2a: Volcanion|def|1\n|move|p2a: Volcanion|Steam Eruption|p1b: Zapdos\n|-damage|p1b: Zapdos|27/100\n|\n|upkeep\n|turn|6\n|\n|t:|1771241008\n|move|p1b: Zapdos|Protect|p1b: Zapdos\n|-singleturn|p1b: Zapdos|Protect\n|move|p2b: Comfey|Draining Kiss|p1b: Zapdos\n|-activate|p1b: Zapdos|move: Protect\n|move|p1a: Murkrow|Taunt|p2b: Comfey\n|-start|p2b: Comfey|move: Taunt\n|move|p2a: Volcanion|Steam Eruption|p1a: Murkrow\n|-damage|p1a: Murkrow|44/100\n|\n|upkeep\n|turn|7\n|\n|t:|1771241027\n|switch|p1b: Pelipper|Pelipper, F|100/100\n|-weather|RainDance|[from] ability: Drizzle|[of] p1b: Pelipper\n|move|p2b: Comfey|Draining Kiss|p1b: Pelipper\n|-damage|p1b: Pelipper|75/100\n|move|p1a: Murkrow|Sucker Punch|p2a: Volcanion\n|-damage|p2a: Volcanion|16/100\n|move|p2a: Volcanion|Heat Wave|p1b: Pelipper|[spread] p1a,p1b\n|-resisted|p1b: Pelipper\n|-damage|p1a: Murkrow|28/100\n|-damage|p1b: Pelipper|61/100\n|\n|-weather|RainDance|[upkeep]\n|upkeep\n|turn|8\n|\n|t:|1771241043\n|switch|p2a: Moltres|Moltres-Galar|56/100\n|move|p2b: Comfey|Draining Kiss|p1a: Murkrow\n|-supereffective|p1a: Murkrow\n|-damage|p1a: Murkrow|0 fnt\n|faint|p1a: Murkrow\n|move|p1b: Pelipper|Hurricane|p2b: Comfey\n|-damage|p2b: Comfey|52/100\n|\n|-weather|RainDance|[upkeep]\n|upkeep\n|\n|t:|1771241054\n|switch|p1a: Primarina|Primarina, F|100/100\n|turn|9\n|\n|t:|1771241064\n|move|p2a: Moltres|Protect|p2a: Moltres\n|-singleturn|p2a: Moltres|Protect\n|move|p2b: Comfey|Draining Kiss|p1b: Pelipper\n|-damage|p1b: Pelipper|37/100\n|-heal|p2b: Comfey|78/100|[from] drain|[of] p1b: Pelipper\n|move|p1b: Pelipper|Hurricane|p2b: Comfey\n|-damage|p2b: Comfey|25/100\n|-start|p2b: Comfey|confusion\n|move|p1a: Primarina|Dazzling Gleam|p2a: Moltres|[spread] p2b\n|-activate|p2a: Moltres|move: Protect\n|-damage|p2b: Comfey|0 fnt\n|faint|p2b: Comfey\n|\n|-weather|RainDance|[upkeep]\n|upkeep\n|\n|t:|1771241079\n|switch|p2b: Araquanid|Araquanid, F, shiny|100/100\n|turn|10\n|\n|t:|1771241096\n|move|p2b: Araquanid|Wide Guard|p2b: Araquanid\n|-singleturn|p2b: Araquanid|Wide Guard\n|move|p2a: Moltres|Fiery Wrath|p1a: Primarina|[spread] p1a,p1b\n|-resisted|p1a: Primarina\n|-damage|p1a: Primarina|92/100\n|-damage|p1b: Pelipper|0 fnt\n|faint|p1b: Pelipper\n|move|p1a: Primarina|Dazzling Gleam|p2a: Moltres|[spread] \n|-activate|p2a: Moltres|move: Wide Guard\n|-activate|p2b: Araquanid|move: Wide Guard\n|\n|-weather|RainDance|[upkeep]\n|upkeep\n|\n|t:|1771241108\n|switch|p1b: Zapdos|Zapdos-Galar|27/100\n|turn|11\n|\n|t:|1771241122\n|-terastallize|p2b: Araquanid|Steel\n|move|p2b: Araquanid|Wide Guard|p2b: Araquanid\n|-singleturn|p2b: Araquanid|Wide Guard\n|move|p1b: Zapdos|Thunderous Kick|p2b: Araquanid\n|-supereffective|p2b: Araquanid\n|-damage|p2b: Araquanid|19/100\n|-unboost|p2b: Araquanid|def|1\n|move|p2a: Moltres|Air Slash|p1b: Zapdos\n|-supereffective|p1b: Zapdos\n|-damage|p1b: Zapdos|0 fnt\n|faint|p1b: Zapdos\n|move|p1a: Primarina|Draining Kiss|p2a: Moltres\n|-supereffective|p2a: Moltres\n|-crit|p2a: Moltres\n|-damage|p2a: Moltres|0 fnt\n|-heal|p1a: Primarina|100/100|[from] drain|[of] p2a: Moltres\n|faint|p2a: Moltres\n|\n|-weather|none\n|-heal|p2b: Araquanid|25/100|[from] item: Leftovers\n|upkeep\n|\n|t:|1771241140\n|switch|p1b: Walking Wake|Walking Wake|100/100\n|switch|p2a: Hitmonchan|Hitmonchan, M|100/100\n|turn|12\n|\n|t:|1771241166\n|move|p2a: Hitmonchan|Fake Out|p1b: Walking Wake\n|-crit|p1b: Walking Wake\n|-damage|p1b: Walking Wake|77/100\n|cant|p1b: Walking Wake|flinch\n|move|p1a: Primarina|Hyper Voice|p2b: Araquanid|[spread] p2a,p2b\n|-damage|p2a: Hitmonchan|77/100\n|-damage|p2b: Araquanid|0 fnt\n|faint|p2b: Araquanid\n|\n|upkeep\n|\n|t:|1771241182\n|switch|p2b: Volcanion|Volcanion|16/100\n|turn|13\n|\n|t:|1771241199\n|move|p1b: Walking Wake|Dragon Pulse|p2b: Volcanion\n|-damage|p2b: Volcanion|0 fnt\n|faint|p2b: Volcanion\n|move|p2a: Hitmonchan|Drain Punch|p1b: Walking Wake\n|-damage|p1b: Walking Wake|34/100\n|-heal|p2a: Hitmonchan|100/100|[from] drain|[of] p1b: Walking Wake\n|move|p1a: Primarina|Dazzling Gleam|p2a: Hitmonchan\n|-supereffective|p2a: Hitmonchan\n|-damage|p2a: Hitmonchan|36/100\n|\n|upkeep\n|turn|14\n|-message|Dr Sly forfeited.\n|\n|win|dracarysbow\n|raw|dracarysbow's rating: 1543 &rarr; <strong>1569</strong><br />(+26 for winning)\n|raw|Dr Sly's rating: 1648 &rarr; <strong>1622</strong><br />(-26 for losing)\n|l|☆Dr Sly\n|player|p2|\n|l|☆dracarysbow\n|player|p1|\n", "uploadtime": 1771241533, "views": 8, "formatid": "gen9doublesou", "rating": 1569, "private": 0, "password": null}