{"id": "gen9doublesou-2540771958", "format": "[Gen 9] Doubles OU", "players": ["Smashworth Gaming", "ismelllikesocksbro"], "log": "|j|☆Smashworth Gaming\n|j|‽ismelllikesocksbro\n|t:|1771252233\n|gametype|doubles\n|player|p1|Smashworth Gaming|colress|1630\n|player|p2|ismelllikesocksbro|dancer|1659\n|gen|9\n|tier|[Gen 9] Doubles OU\n|rated|\n|rule|HP Percentage Mod: HP is shown in percentages\n|rule|Endless Battle Clause: Forcing endless battles is banned\n|rule|Species Clause: Limit one of each Pokémon\n|rule|OHKO Clause: OHKO moves are banned\n|rule|Evasion Moves Clause: Evasion moves are banned\n|rule|Gravity Sleep Clause: The combination of sleep-inducing moves with imperfect accuracy and Gravity or Gigantamax Orbeetle are banned\n|rule|Evasion Abilities Clause: Evasion abilities are banned\n|clearpoke\n|poke|p1|Farigiraf, F|\n|poke|p1|Primarina, M|\n|poke|p1|Glimmora, F|\n|poke|p1|Iron Hands|\n|poke|p1|Ursaluna-Bloodmoon, M|\n|poke|p1|Sinistcha-Masterpiece|\n|poke|p2|Chien-Pao|\n|poke|p2|Raging Bolt|\n|poke|p2|Incineroar, F|\n|poke|p2|Rillaboom, F|\n|poke|p2|Ogerpon-Hearthflame, F|\n|poke|p2|Landorus, M|\n|teampreview\n|\n|t:|1771252250\n|teamsize|p1|6\n|teamsize|p2|6\n|start\n|switch|p1a: Farigiraf|Farigiraf, F|100/100\n|switch|p1b: Glimmora|Glimmora, F|100/100\n|switch|p2a: Incineroar|Incineroar, F|100/100\n|switch|p2b: Chien-Pao|Chien-Pao, shiny|100/100\n|-ability|p2b: Chien-Pao|Sword of Ruin\n|-ability|p2a: Incineroar|Intimidate|boost\n|-unboost|p1a: Farigiraf|atk|1\n|-unboost|p1b: Glimmora|atk|1\n|turn|1\n|\n|t:|1771252264\n|switch|p2b: Rillaboom|Rillaboom, F|100/100\n|-fieldstart|move: Grassy Terrain|[from] ability: Grassy Surge|[of] p2b: Rillaboom\n|-terastallize|p1a: Farigiraf|Fairy\n|move|p1b: Glimmora|Stealth Rock|p2a: Incineroar\n|-sidestart|p2: ismelllikesocksbro|move: Stealth Rock\n|move|p2a: Incineroar|Knock Off|p1a: Farigiraf\n|-resisted|p1a: Farigiraf\n|-damage|p1a: Farigiraf|84/100\n|-enditem|p1a: Farigiraf|Throat Spray|[from] move: Knock Off|[of] p2a: Incineroar\n|move|p1a: Farigiraf|Trick Room|p1a: Farigiraf\n|-fieldstart|move: Trick Room|[of] p1a: Farigiraf\n|\n|-heal|p1a: Farigiraf|90/100|[from] Grassy Terrain\n|upkeep\n|turn|2\n|\n|t:|1771252280\n|move|p1a: Farigiraf|Hyper Voice|p2b: Rillaboom|[spread] p2a,p2b\n|-damage|p2a: Incineroar|78/100\n|-damage|p2b: Rillaboom|80/100\n|move|p2a: Incineroar|Parting Shot|p1a: Farigiraf\n|-unboost|p1a: Farigiraf|atk|1\n|-unboost|p1a: Farigiraf|spa|1\n|\n|t:|1771252288\n|switch|p2a: Landorus|Landorus, M|100/100|[from] Parting Shot\n|-damage|p2a: Landorus|88/100|[from] Stealth Rock\n|move|p1b: Glimmora|Meteor Beam||[still]\n|-prepare|p1b: Glimmora|Meteor Beam\n|-boost|p1b: Glimmora|spa|1\n|-enditem|p1b: Glimmora|Power Herb\n|-anim|p1b: Glimmora|Meteor Beam|p2b: Rillaboom\n|-damage|p2b: Rillaboom|30/100\n|move|p2b: Rillaboom|Wood Hammer|p1a: Farigiraf\n|-damage|p1a: Farigiraf|18/100\n|-damage|p2b: Rillaboom|5/100|[from] Recoil\n|\n|-heal|p1a: Farigiraf|24/100|[from] Grassy Terrain\n|-heal|p2b: Rillaboom|11/100|[from] Grassy Terrain\n|upkeep\n|turn|3\n|\n|t:|1771252310\n|move|p1a: Farigiraf|Hyper Voice|p2a: Landorus|[spread] p2a,p2b\n|-damage|p2a: Landorus|62/100\n|-damage|p2b: Rillaboom|0 fnt\n|faint|p2b: Rillaboom\n|move|p1b: Glimmora|Mortal Spin|p2a: Landorus\n|-resisted|p2a: Landorus\n|-damage|p2a: Landorus|59/100\n|-status|p2a: Landorus|psn\n|move|p2a: Landorus|Substitute|p2a: Landorus\n|-start|p2a: Landorus|Substitute\n|-damage|p2a: Landorus|34/100 psn\n|\n|-heal|p1a: Farigiraf|30/100|[from] Grassy Terrain\n|-damage|p2a: Landorus|22/100 psn|[from] psn\n|upkeep\n|\n|t:|1771252318\n|switch|p2b: Raging Bolt|Raging Bolt|100/100\n|-damage|p2b: Raging Bolt|88/100|[from] Stealth Rock\n|turn|4\n|\n|t:|1771252329\n|move|p1a: Farigiraf|Hyper Voice|p2b: Raging Bolt|[spread] p2a,p2b\n|-damage|p2a: Landorus|0 fnt\n|-damage|p2b: Raging Bolt|73/100\n|faint|p2a: Landorus\n|move|p1b: Glimmora|Sludge Bomb|p2b: Raging Bolt\n|-damage|p2b: Raging Bolt|24/100\n|move|p2b: Raging Bolt|Calm Mind|p2b: Raging Bolt\n|-boost|p2b: Raging Bolt|spa|1\n|-boost|p2b: Raging Bolt|spd|1\n|\n|-heal|p1a: Farigiraf|36/100|[from] Grassy Terrain\n|-heal|p2b: Raging Bolt|30/100|[from] Grassy Terrain\n|-heal|p2b: Raging Bolt|37/100|[from] item: Leftovers\n|upkeep\n|\n|t:|1771252335\n|switch|p2a: Chien-Pao|Chien-Pao, shiny|100/100\n|-damage|p2a: Chien-Pao|76/100|[from] Stealth Rock\n|-ability|p2a: Chien-Pao|Sword of Ruin\n|turn|5\n|\n|t:|1771252345\n|move|p2b: Raging Bolt|Protect|p2b: Raging Bolt\n|-singleturn|p2b: Raging Bolt|Protect\n|move|p2a: Chien-Pao|Protect|p2a: Chien-Pao\n|-singleturn|p2a: Chien-Pao|Protect\n|move|p1a: Farigiraf|Hyper Voice|p2a: Chien-Pao|[spread] \n|-activate|p2a: Chien-Pao|move: Protect\n|-activate|p2b: Raging Bolt|move: Protect\n|move|p1b: Glimmora|Mortal Spin|p2b: Raging Bolt|[spread] \n|-activate|p2a: Chien-Pao|move: Protect\n|-activate|p2b: Raging Bolt|move: Protect\n|\n|-heal|p1a: Farigiraf|42/100|[from] Grassy Terrain\n|-heal|p2b: Raging Bolt|43/100|[from] Grassy Terrain\n|-heal|p2b: Raging Bolt|49/100|[from] item: Leftovers\n|-heal|p2a: Chien-Pao|82/100|[from] Grassy Terrain\n|-fieldend|move: Trick Room\n|-fieldend|move: Grassy Terrain\n|upkeep\n|turn|6\n|\n|t:|1771252362\n|move|p2b: Raging Bolt|Protect|p2b: Raging Bolt\n|-singleturn|p2b: Raging Bolt|Protect\n|move|p2a: Chien-Pao|Icicle Crash|p1a: Farigiraf\n|-damage|p1a: Farigiraf|0 fnt\n|faint|p1a: Farigiraf\n|move|p1b: Glimmora|Mortal Spin|p2b: Raging Bolt|[spread] p2a\n|-activate|p2b: Raging Bolt|move: Protect\n|-damage|p2a: Chien-Pao|78/100\n|-status|p2a: Chien-Pao|psn\n|\n|-heal|p2b: Raging Bolt|55/100|[from] item: Leftovers\n|-damage|p2a: Chien-Pao|65/100 psn|[from] psn\n|upkeep\n|\n|t:|1771252379\n|switch|p1a: Primarina|Primarina, M|100/100\n|turn|7\n|\n|t:|1771252396\n|-terastallize|p2b: Raging Bolt|Fairy\n|move|p1a: Primarina|Protect|p1a: Primarina\n|-singleturn|p1a: Primarina|Protect\n|move|p2a: Chien-Pao|Icy Wind|p1b: Glimmora|[spread] p1b\n|-activate|p1a: Primarina|move: Protect\n|-damage|p1b: Glimmora|88/100\n|-unboost|p1b: Glimmora|spe|1\n|move|p2b: Raging Bolt|Dragon Pulse|p1b: Glimmora\n|-damage|p1b: Glimmora|24/100\n|move|p1b: Glimmora|Sludge Bomb|p2a: Chien-Pao\n|-damage|p2a: Chien-Pao|0 fnt\n|faint|p2a: Chien-Pao\n|\n|-heal|p2b: Raging Bolt|61/100|[from] item: Leftovers\n|upkeep\n|\n|t:|1771252413\n|switch|p2a: Incineroar|Incineroar, F|78/100\n|-damage|p2a: Incineroar|53/100|[from] Stealth Rock\n|-ability|p2a: Incineroar|Intimidate|boost\n|-unboost|p1a: Primarina|atk|1\n|-unboost|p1b: Glimmora|atk|1\n|turn|8\n|\n|t:|1771252424\n|switch|p1a: Ursaluna|Ursaluna-Bloodmoon, M|100/100\n|move|p2a: Incineroar|Fake Out|p1a: Ursaluna\n|-damage|p1a: Ursaluna|93/100\n|move|p2b: Raging Bolt|Dragon Pulse|p1b: Glimmora\n|-damage|p1b: Glimmora|0 fnt\n|faint|p1b: Glimmora\n|\n|-heal|p2b: Raging Bolt|67/100|[from] item: Leftovers\n|upkeep\n|\n|t:|1771252438\n|switch|p1b: Primarina|Primarina, M|100/100\n|turn|9\n|\n|t:|1771252450\n|move|p2b: Raging Bolt|Calm Mind|p2b: Raging Bolt\n|-boost|p2b: Raging Bolt|spa|1\n|-boost|p2b: Raging Bolt|spd|1\n|move|p2a: Incineroar|Parting Shot|p1a: Ursaluna\n|-unboost|p1a: Ursaluna|atk|1\n|-unboost|p1a: Ursaluna|spa|1\n|\n|t:|1771252456\n|switch|p2a: Ogerpon|Ogerpon-Hearthflame, F|100/100|[from] Parting Shot\n|-damage|p2a: Ogerpon|76/100|[from] Stealth Rock\n|-ability|p2a: Ogerpon|Mold Breaker\n|move|p1b: Primarina|Hyper Voice|p2a: Ogerpon|[spread] p2a,p2b\n|-damage|p2a: Ogerpon|29/100\n|-damage|p2b: Raging Bolt|52/100\n|-enditem|p1b: Primarina|Throat Spray\n|-boost|p1b: Primarina|spa|1|[from] item: Throat Spray\n|move|p1a: Ursaluna|Blood Moon|p2b: Raging Bolt\n|-damage|p2b: Raging Bolt|32/100\n|\n|-heal|p2b: Raging Bolt|38/100|[from] item: Leftovers\n|upkeep\n|turn|10\n|\n|t:|1771252473\n|switch|p1a: Sinistcha|Sinistcha-Masterpiece|100/100\n|move|p2b: Raging Bolt|Thunderclap|p1b: Primarina\n|-supereffective|p1b: Primarina\n|-damage|p1b: Primarina|0 fnt\n|faint|p1b: Primarina\n|move|p2a: Ogerpon|Focus Energy|p2a: Ogerpon\n|-start|p2a: Ogerpon|move: Focus Energy\n|\n|-heal|p2b: Raging Bolt|44/100|[from] item: Leftovers\n|upkeep\n|\n|t:|1771252483\n|switch|p1b: Iron Hands|Iron Hands|100/100\n|turn|11\n|\n|t:|1771252495\n|move|p1b: Iron Hands|Fake Out|p2a: Ogerpon\n|-damage|p2a: Ogerpon|7/100\n|cant|p2a: Ogerpon|flinch\n|move|p2b: Raging Bolt|Dragon Pulse|p1a: Sinistcha\n|-damage|p1a: Sinistcha|7/100\n|-enditem|p1a: Sinistcha|Sitrus Berry|[eat]\n|-heal|p1a: Sinistcha|32/100|[from] item: Sitrus Berry\n|move|p1a: Sinistcha|Trick Room|p1a: Sinistcha\n|-fieldstart|move: Trick Room|[of] p1a: Sinistcha\n|\n|-heal|p2b: Raging Bolt|50/100|[from] item: Leftovers\n|upkeep\n|turn|12\n|\n|t:|1771252513\n|move|p2a: Ogerpon|Spiky Shield|p2a: Ogerpon\n|-singleturn|p2a: Ogerpon|move: Protect\n|move|p1a: Sinistcha|Rage Powder|p1a: Sinistcha\n|-singleturn|p1a: Sinistcha|move: Rage Powder\n|move|p1b: Iron Hands|Wild Charge|p2b: Raging Bolt\n|-damage|p2b: Raging Bolt|4/100\n|-damage|p1b: Iron Hands|89/100|[from] Recoil\n|move|p2b: Raging Bolt|Dragon Pulse|p1a: Sinistcha\n|-damage|p1a: Sinistcha|0 fnt\n|faint|p1a: Sinistcha\n|\n|-heal|p2b: Raging Bolt|10/100|[from] item: Leftovers\n|upkeep\n|\n|t:|1771252525\n|switch|p1a: Ursaluna|Ursaluna-Bloodmoon, M|93/100\n|turn|13\n|\n|t:|1771252532\n|switch|p2a: Incineroar|Incineroar, F|53/100\n|-damage|p2a: Incineroar|28/100|[from] Stealth Rock\n|-ability|p2a: Incineroar|Intimidate|boost\n|-unboost|p1a: Ursaluna|atk|1\n|-unboost|p1b: Iron Hands|atk|1\n|move|p2b: Raging Bolt|Protect|p2b: Raging Bolt\n|-singleturn|p2b: Raging Bolt|Protect\n|move|p1b: Iron Hands|Drain Punch|p2b: Raging Bolt\n|-activate|p2b: Raging Bolt|move: Protect\n|move|p1a: Ursaluna|Hyper Voice|p2a: Incineroar|[spread] p2a\n|-activate|p2b: Raging Bolt|move: Protect\n|-damage|p2a: Incineroar|0 fnt\n|faint|p2a: Incineroar\n|\n|-heal|p2b: Raging Bolt|17/100|[from] item: Leftovers\n|upkeep\n|\n|t:|1771252545\n|switch|p2a: Ogerpon|Ogerpon-Hearthflame, F|7/100\n|-damage|p2a: Ogerpon|0 fnt|[from] Stealth Rock\n|faint|p2a: Ogerpon\n|turn|14\n|\n|t:|1771252560\n|move|p1b: Iron Hands|Wild Charge|p2b: Raging Bolt\n|-damage|p2b: Raging Bolt|0 fnt\n|faint|p2b: Raging Bolt\n|-end|p2b: Raging Bolt|Protosynthesis|[silent]\n|-damage|p1b: Iron Hands|85/100|[from] Recoil\n|\n|win|Smashworth Gaming\n|raw|Smashworth Gaming's rating: 1630 &rarr; <strong>1652</strong><br />(+22 for winning)\n|raw|ismelllikesocksbro's rating: 1659 &rarr; <strong>1637</strong><br />(-22 for losing)\n|l|‽ismelllikesocksbro\n|player|p2|\n|l|☆Smashworth Gaming\n|player|p1|\n", "uploadtime": 1771252713, "views": 6, "formatid": "gen9doublesou", "rating": 1637, "private": 0, "password": null}