{"id": "gen9doublesou-2540026043", "format": "[Gen 9] Doubles OU", "players": ["Smashworth Gaming", "liemhondaitao"], "log": "|j|☆Smashworth Gaming\n|j|☆liemhondaitao\n|t:|1771147462\n|gametype|doubles\n|player|p1|Smashworth Gaming|colress|1560\n|player|p2|liemhondaitao|1|1620\n|gen|9\n|tier|[Gen 9] Doubles OU\n|rated|\n|rule|HP Percentage Mod: HP is shown in percentages\n|rule|Endless Battle Clause: Forcing endless battles is banned\n|rule|Species Clause: Limit one of each Pokémon\n|rule|OHKO Clause: OHKO moves are banned\n|rule|Evasion Moves Clause: Evasion moves are banned\n|rule|Gravity Sleep Clause: The combination of sleep-inducing moves with imperfect accuracy and Gravity or Gigantamax Orbeetle are banned\n|rule|Evasion Abilities Clause: Evasion abilities are banned\n|clearpoke\n|poke|p1|Farigiraf, F|\n|poke|p1|Primarina, F|\n|poke|p1|Glimmora, F|\n|poke|p1|Iron Hands|\n|poke|p1|Ursaluna-Bloodmoon, M|\n|poke|p1|Sinistcha-Masterpiece|\n|poke|p2|Incineroar, F|\n|poke|p2|Comfey, M|\n|poke|p2|Primarina, F|\n|poke|p2|Oranguru, F|\n|poke|p2|Vikavolt, M|\n|poke|p2|Lycanroc-Dusk, F|\n|teampreview\n|inactive|Battle timer is ON: inactive players will automatically lose when time's up. (requested by liemhondaitao)\n|\n|t:|1771147474\n|teamsize|p1|6\n|teamsize|p2|6\n|start\n|switch|p1a: Farigiraf|Farigiraf, F|100/100\n|switch|p1b: Glimmora|Glimmora, F|100/100\n|switch|p2a: Primarina|Primarina, F|100/100\n|switch|p2b: Oranguru|Oranguru, F|100/100\n|turn|1\n|\n|t:|1771147495\n|move|p1b: Glimmora|Stealth Rock|p2b: Oranguru\n|-sidestart|p2: liemhondaitao|move: Stealth Rock\n|move|p2a: Primarina|Hyper Voice|p1b: Glimmora|[spread] p1a,p1b\n|-supereffective|p1b: Glimmora\n|-damage|p1a: Farigiraf|70/100\n|-damage|p1b: Glimmora|24/100\n|-enditem|p2a: Primarina|Throat Spray\n|-boost|p2a: Primarina|spa|1|[from] item: Throat Spray\n|move|p1a: Farigiraf|Trick Room|p1a: Farigiraf\n|-fieldstart|move: Trick Room|[of] p1a: Farigiraf\n|move|p2b: Oranguru|Trick Room|p2b: Oranguru\n|-fieldend|move: Trick Room\n|\n|upkeep\n|turn|2\n|\n|t:|1771147514\n|move|p1b: Glimmora|Meteor Beam||[still]\n|-prepare|p1b: Glimmora|Meteor Beam\n|-boost|p1b: Glimmora|spa|1\n|-enditem|p1b: Glimmora|Power Herb\n|-anim|p1b: Glimmora|Meteor Beam|p2b: Oranguru\n|-damage|p2b: Oranguru|38/100\n|move|p1a: Farigiraf|Hyper Voice|p2b: Oranguru|[spread] p2a,p2b\n|-damage|p2a: Primarina|78/100\n|-damage|p2b: Oranguru|15/100\n|-enditem|p1a: Farigiraf|Throat Spray\n|-boost|p1a: Farigiraf|spa|1|[from] item: Throat Spray\n|move|p2b: Oranguru|Instruct|p2a: Primarina\n|-singleturn|p2a: Primarina|move: Instruct|[of] p2b: Oranguru\n|move|p2a: Primarina|Hyper Voice|p1a: Farigiraf|[spread] p1a,p1b\n|-supereffective|p1b: Glimmora\n|-damage|p1a: Farigiraf|17/100\n|-damage|p1b: Glimmora|0 fnt\n|faint|p1b: Glimmora\n|move|p2a: Primarina|Hyper Voice|p1a: Farigiraf\n|-crit|p1a: Farigiraf\n|-damage|p1a: Farigiraf|0 fnt\n|faint|p1a: Farigiraf\n|\n|upkeep\n|\n|t:|1771147537\n|switch|p1b: Primarina|Primarina, F|100/100\n|switch|p1a: Iron Hands|Iron Hands|100/100\n|turn|3\n|\n|t:|1771147552\n|move|p2a: Primarina|Protect|p2a: Primarina\n|-singleturn|p2a: Primarina|Protect\n|move|p1a: Iron Hands|Fake Out|p2a: Primarina\n|-activate|p2a: Primarina|move: Protect\n|move|p2b: Oranguru|Psychic|p1a: Iron Hands\n|-supereffective|p1a: Iron Hands\n|-damage|p1a: Iron Hands|69/100\n|move|p1b: Primarina|Hyper Voice|p2b: Oranguru|[spread] p2b\n|-activate|p2a: Primarina|move: Protect\n|-damage|p2b: Oranguru|0 fnt\n|faint|p2b: Oranguru\n|-enditem|p1b: Primarina|Throat Spray\n|-boost|p1b: Primarina|spa|1|[from] item: Throat Spray\n|\n|upkeep\n|\n|t:|1771147564\n|switch|p2b: Incineroar|Incineroar, F|100/100\n|-damage|p2b: Incineroar|76/100|[from] Stealth Rock\n|-ability|p2b: Incineroar|Intimidate|boost\n|-unboost|p1a: Iron Hands|atk|1\n|-unboost|p1b: Primarina|atk|1\n|turn|4\n|\n|t:|1771147575\n|-terastallize|p2a: Primarina|Grass\n|move|p2b: Incineroar|Fake Out|p1a: Iron Hands\n|-damage|p1a: Iron Hands|59/100\n|move|p1b: Primarina|Hyper Voice|p2a: Primarina|[spread] p2a,p2b\n|-resisted|p2a: Primarina\n|-supereffective|p2b: Incineroar\n|-damage|p2a: Primarina|52/100\n|-damage|p2b: Incineroar|0 fnt\n|faint|p2b: Incineroar\n|move|p2a: Primarina|Tera Blast|p1b: Primarina|[anim] Tera Blast Grass\n|-supereffective|p1b: Primarina\n|-damage|p1b: Primarina|0 fnt\n|faint|p1b: Primarina\n|cant|p1a: Iron Hands|flinch\n|\n|upkeep\n|\n|t:|1771147587\n|switch|p2b: Comfey|Comfey, M|100/100\n|switch|p1b: Sinistcha|Sinistcha-Masterpiece|100/100\n|-damage|p2b: Comfey|88/100|[from] Stealth Rock\n|-heal|p1a: Iron Hands|84/100|[from] ability: Hospitality|[of] p1b: Sinistcha\n|turn|5\n|\n|t:|1771147597\n|move|p2a: Primarina|Moonblast|p1a: Iron Hands\n|-supereffective|p1a: Iron Hands\n|-damage|p1a: Iron Hands|0 fnt\n|faint|p1a: Iron Hands\n|-end|p1a: Iron Hands|Quark Drive|[silent]\n|move|p2b: Comfey|Trick Room|p2b: Comfey\n|-fieldstart|move: Trick Room|[of] p2b: Comfey\n|move|p1b: Sinistcha|Trick Room|p1b: Sinistcha\n|-fieldend|move: Trick Room\n|\n|upkeep\n|\n|t:|1771147604\n|switch|p1a: Ursaluna|Ursaluna-Bloodmoon, M|100/100\n|turn|6\n|\n|t:|1771147615\n|-terastallize|p1a: Ursaluna|Ghost\n|move|p2b: Comfey|Encore|p1b: Sinistcha\n|-start|p1b: Sinistcha|Encore\n|move|p1b: Sinistcha|Trick Room|p1b: Sinistcha\n|-fieldstart|move: Trick Room|[of] p1b: Sinistcha\n|move|p1a: Ursaluna|Blood Moon|p2a: Primarina\n|-damage|p2a: Primarina|0 fnt\n|faint|p2a: Primarina\n|\n|upkeep\n|\n|t:|1771147630\n|switch|p2a: Vikavolt|Vikavolt, M|100/100\n|-damage|p2a: Vikavolt|75/100|[from] Stealth Rock\n|turn|7\n|\n|t:|1771147644\n|move|p2b: Comfey|Floral Healing|p2a: Vikavolt\n|-heal|p2a: Vikavolt|100/100\n|move|p2a: Vikavolt|Discharge|p1b: Sinistcha|[spread] p2b,p1a,p1b\n|-resisted|p1b: Sinistcha\n|-damage|p2b: Comfey|51/100\n|-damage|p1a: Ursaluna|74/100\n|-damage|p1b: Sinistcha|79/100\n|-status|p2b: Comfey|par\n|move|p1a: Ursaluna|Hyper Voice|p2b: Comfey|[spread] p2a,p2b\n|-damage|p2a: Vikavolt|58/100\n|-damage|p2b: Comfey|18/100 par\n|move|p1b: Sinistcha|Trick Room|p1b: Sinistcha\n|-fieldend|move: Trick Room\n|\n|upkeep\n|turn|8\n|\n|t:|1771147665\n|move|p2a: Vikavolt|Protect|p2a: Vikavolt\n|-singleturn|p2a: Vikavolt|Protect\n|move|p2b: Comfey|Draining Kiss|p1a: Ursaluna\n|-damage|p1a: Ursaluna|64/100\n|-heal|p2b: Comfey|28/100 par|[from] drain|[of] p1a: Ursaluna\n|move|p1a: Ursaluna|Hyper Voice|p2a: Vikavolt|[spread] p2b\n|-activate|p2a: Vikavolt|move: Protect\n|-damage|p2b: Comfey|0 fnt\n|faint|p2b: Comfey\n|move|p1b: Sinistcha|Trick Room|p1b: Sinistcha\n|-fieldstart|move: Trick Room|[of] p1b: Sinistcha\n|\n|-end|p1b: Sinistcha|Encore\n|upkeep\n|\n|t:|1771147673\n|switch|p2b: Lycanroc|Lycanroc-Dusk, F|100/100\n|-damage|p2b: Lycanroc|88/100|[from] Stealth Rock\n|turn|9\n|\n|t:|1771147680\n|move|p2b: Lycanroc|Accelerock|p1a: Ursaluna\n|-damage|p1a: Ursaluna|44/100\n|move|p2a: Vikavolt|Volt Switch|p1a: Ursaluna\n|-damage|p1a: Ursaluna|13/100\n|move|p1a: Ursaluna|Blood Moon|p2a: Vikavolt\n|-damage|p2a: Vikavolt|0 fnt\n|faint|p2a: Vikavolt\n|move|p1b: Sinistcha|Matcha Gotcha|p2b: Lycanroc\n|-supereffective|p2b: Lycanroc\n|-damage|p2b: Lycanroc|0 fnt\n|-heal|p1b: Sinistcha|100/100|[from] drain|[of] p2b: Lycanroc\n|faint|p2b: Lycanroc\n|\n|win|Smashworth Gaming\n|raw|Smashworth Gaming's rating: 1560 &rarr; <strong>1583</strong><br />(+23 for winning)\n|raw|liemhondaitao's rating: 1620 &rarr; <strong>1597</strong><br />(-23 for losing)\n|l|☆liemhondaitao\n|player|p2|\n|l|☆Smashworth Gaming\n|player|p1|\n", "uploadtime": 1771147968, "views": 15, "formatid": "gen9doublesou", "rating": 1583, "private": 0, "password": null}