{"id": "gen9doublesou-2540776712", "format": "[Gen 9] Doubles OU", "players": ["charjabugfan", "lift with kyogre"], "log": "|j|☆charjabugfan\n|j|☆lift with kyogre\n|t:|1771252780\n|gametype|doubles\n|player|p1|charjabugfan|266|1549\n|player|p2|lift with kyogre|dahlia|1505\n|gen|9\n|tier|[Gen 9] Doubles OU\n|rated|\n|rule|HP Percentage Mod: HP is shown in percentages\n|rule|Endless Battle Clause: Forcing endless battles is banned\n|rule|Species Clause: Limit one of each Pokémon\n|rule|OHKO Clause: OHKO moves are banned\n|rule|Evasion Moves Clause: Evasion moves are banned\n|rule|Gravity Sleep Clause: The combination of sleep-inducing moves with imperfect accuracy and Gravity or Gigantamax Orbeetle are banned\n|rule|Evasion Abilities Clause: Evasion abilities are banned\n|clearpoke\n|poke|p1|Baxcalibur, F|\n|poke|p1|Ninetales-Alola, F|\n|poke|p1|Rillaboom, M|\n|poke|p1|Ogerpon-Wellspring, F|\n|poke|p1|Incineroar, F|\n|poke|p1|Chi-Yu|\n|poke|p2|Bronzong|\n|poke|p2|Walking Wake|\n|poke|p2|Torkoal, F|\n|poke|p2|Great Tusk|\n|poke|p2|Tornadus, M|\n|poke|p2|Chi-Yu|\n|teampreview\n|inactive|Battle timer is ON: inactive players will automatically lose when time's up. (requested by lift with kyogre)\n|\n|t:|1771252808\n|teamsize|p1|6\n|teamsize|p2|6\n|start\n|switch|p1a: Baxcalibur|Baxcalibur, F|100/100\n|switch|p1b: Incineroar|Incineroar, F|100/100\n|switch|p2a: Walking Wake|Walking Wake|100/100\n|switch|p2b: Torkoal|Torkoal, F|100/100\n|-ability|p1b: Incineroar|Intimidate|boost\n|-unboost|p2a: Walking Wake|atk|1\n|-unboost|p2b: Torkoal|atk|1\n|-weather|SunnyDay|[from] ability: Drought|[of] p2b: Torkoal\n|-activate|p2a: Walking Wake|ability: Protosynthesis\n|-start|p2a: Walking Wake|protosynthesisspe\n|turn|1\n|\n|t:|1771252823\n|switch|p2b: Tornadus|Tornadus, M|100/100\n|move|p1b: Incineroar|Fake Out|p2a: Walking Wake\n|-damage|p2a: Walking Wake|89/100\n|move|p2a: Walking Wake|Draco Meteor|p1a: Baxcalibur\n|-supereffective|p1a: Baxcalibur\n|-damage|p1a: Baxcalibur|0 fnt\n|-unboost|p2a: Walking Wake|spa|2\n|faint|p1a: Baxcalibur\n|\n|-weather|SunnyDay|[upkeep]\n|upkeep\n|\n|t:|1771252832\n|switch|p1a: Ninetales|Ninetales-Alola, F|100/100\n|-weather|Snowscape|[from] ability: Snow Warning|[of] p1a: Ninetales\n|-end|p2a: Walking Wake|Protosynthesis\n|turn|2\n|\n|t:|1771252849\n|switch|p2b: Torkoal|Torkoal, F|100/100\n|-weather|SunnyDay|[from] ability: Drought|[of] p2b: Torkoal\n|-activate|p2a: Walking Wake|ability: Protosynthesis\n|-start|p2a: Walking Wake|protosynthesisspe\n|move|p2a: Walking Wake|Flamethrower|p1a: Ninetales\n|-supereffective|p1a: Ninetales\n|-damage|p1a: Ninetales|57/100\n|move|p1a: Ninetales|Aurora Veil||[still]\n|-fail|p1a: Ninetales\n|move|p1b: Incineroar|Knock Off|p2b: Torkoal\n|-damage|p2b: Torkoal|74/100\n|-enditem|p2b: Torkoal|Heavy-Duty Boots|[from] move: Knock Off|[of] p1b: Incineroar\n|\n|-weather|SunnyDay|[upkeep]\n|upkeep\n|turn|3\n|inactive|lift with kyogre has 120 seconds left.\n|\n|t:|1771252894\n|switch|p2b: Bronzong|Bronzong|100/100\n|move|p2a: Walking Wake|Flamethrower|p1a: Ninetales\n|-supereffective|p1a: Ninetales\n|-damage|p1a: Ninetales|16/100\n|move|p1a: Ninetales|Freeze-Dry|p2a: Walking Wake\n|-supereffective|p2a: Walking Wake\n|-damage|p2a: Walking Wake|1/100\n|move|p1b: Incineroar|Parting Shot|p2b: Bronzong\n|-unboost|p2b: Bronzong|atk|1\n|-unboost|p2b: Bronzong|spa|1\n|\n|t:|1771252905\n|switch|p1b: Rillaboom|Rillaboom, M|100/100|[from] Parting Shot\n|-fieldstart|move: Grassy Terrain|[from] ability: Grassy Surge|[of] p1b: Rillaboom\n|\n|-weather|SunnyDay|[upkeep]\n|-heal|p2a: Walking Wake|7/100|[from] Grassy Terrain\n|-heal|p1a: Ninetales|22/100|[from] Grassy Terrain\n|upkeep\n|turn|4\n|inactive|lift with kyogre has 120 seconds left.\n|\n|t:|1771252927\n|switch|p1a: Incineroar|Incineroar, F|100/100\n|-ability|p1a: Incineroar|Intimidate|boost\n|-unboost|p2a: Walking Wake|atk|1\n|-unboost|p2b: Bronzong|atk|1\n|move|p2a: Walking Wake|Protect|p2a: Walking Wake\n|-singleturn|p2a: Walking Wake|Protect\n|move|p1b: Rillaboom|Grassy Glide|p2a: Walking Wake\n|-activate|p2a: Walking Wake|move: Protect\n|move|p2b: Bronzong|Body Press|p1a: Incineroar\n|-supereffective|p1a: Incineroar\n|-damage|p1a: Incineroar|65/100\n|\n|-weather|SunnyDay|[upkeep]\n|-heal|p2a: Walking Wake|13/100|[from] Grassy Terrain\n|-heal|p1a: Incineroar|72/100|[from] Grassy Terrain\n|upkeep\n|turn|5\n|inactive|lift with kyogre has 120 seconds left.\n|\n|t:|1771252957\n|-end|p2a: Walking Wake|Protosynthesis|[silent]\n|switch|p2a: Torkoal|Torkoal, F|74/100\n|switch|p2b: Great Tusk|Great Tusk|100/100\n|-activate|p2b: Great Tusk|ability: Protosynthesis\n|-start|p2b: Great Tusk|protosynthesisatk\n|move|p1b: Rillaboom|U-turn|p2b: Great Tusk\n|-resisted|p2b: Great Tusk\n|-damage|p2b: Great Tusk|92/100\n|\n|t:|1771252969\n|switch|p1b: Ninetales|Ninetales-Alola, F|22/100|[from] U-turn\n|-weather|Snowscape|[from] ability: Snow Warning|[of] p1b: Ninetales\n|-end|p2b: Great Tusk|Protosynthesis\n|move|p1a: Incineroar|Flare Blitz|p2b: Great Tusk\n|-damage|p2b: Great Tusk|58/100\n|-damage|p1a: Incineroar|61/100|[from] Recoil\n|\n|-weather|Snowscape|[upkeep]\n|-heal|p2b: Great Tusk|65/100|[from] Grassy Terrain\n|-heal|p1b: Ninetales|28/100|[from] Grassy Terrain\n|-heal|p1a: Incineroar|67/100|[from] Grassy Terrain\n|-heal|p2a: Torkoal|80/100|[from] Grassy Terrain\n|upkeep\n|turn|6\n|inactive|lift with kyogre has 120 seconds left.\n|\n|t:|1771253002\n|switch|p1a: Ogerpon|Ogerpon-Wellspring, F|100/100\n|switch|p2a: Bronzong|Bronzong|100/100\n|move|p2b: Great Tusk|Headlong Rush|p1b: Ninetales\n|-damage|p1b: Ninetales|0 fnt\n|-unboost|p2b: Great Tusk|def|1\n|-unboost|p2b: Great Tusk|spd|1\n|faint|p1b: Ninetales\n|\n|-weather|Snowscape|[upkeep]\n|-heal|p2b: Great Tusk|71/100|[from] Grassy Terrain\n|upkeep\n|\n|t:|1771253011\n|switch|p1b: Incineroar|Incineroar, F|67/100\n|-ability|p1b: Incineroar|Intimidate|boost\n|-unboost|p2a: Bronzong|atk|1\n|-unboost|p2b: Great Tusk|atk|1\n|turn|7\n|inactive|lift with kyogre has 120 seconds left.\n|\n|t:|1771253043\n|switch|p1b: Rillaboom|Rillaboom, M|100/100\n|-terastallize|p1a: Ogerpon|Water\n|detailschange|p1a: Ogerpon|Ogerpon-Wellspring-Tera, F, tera:Water\n|-ability|p1a: Ogerpon|Embody Aspect (Wellspring)|boost\n|-boost|p1a: Ogerpon|spd|1\n|move|p2a: Bronzong|Helping Hand|p2b: Great Tusk\n|-singleturn|p2b: Great Tusk|Helping Hand|[of] p2a: Bronzong\n|move|p2b: Great Tusk|Headlong Rush|p1b: Rillaboom\n|-resisted|p1b: Rillaboom\n|-damage|p1b: Rillaboom|74/100\n|-unboost|p2b: Great Tusk|def|1\n|-unboost|p2b: Great Tusk|spd|1\n|move|p1a: Ogerpon|Ivy Cudgel|p2a: Bronzong|[anim] Ivy Cudgel Water\n|-damage|p2a: Bronzong|37/100\n|\n|-weather|Snowscape|[upkeep]\n|-heal|p2b: Great Tusk|77/100|[from] Grassy Terrain\n|-heal|p1b: Rillaboom|80/100|[from] Grassy Terrain\n|-fieldend|move: Grassy Terrain\n|upkeep\n|turn|8\n|inactive|lift with kyogre has 120 seconds left.\n|\n|t:|1771253080\n|-end|p2b: Great Tusk|Protosynthesis|[silent]\n|switch|p2b: Torkoal|Torkoal, F|80/100\n|-weather|SunnyDay|[from] ability: Drought|[of] p2b: Torkoal\n|move|p1a: Ogerpon|Ivy Cudgel|p2b: Torkoal|[anim] Ivy Cudgel Water\n|-supereffective|p2b: Torkoal\n|-crit|p2b: Torkoal\n|-damage|p2b: Torkoal|8/100\n|move|p1b: Rillaboom|U-turn|p2a: Bronzong\n|-damage|p2a: Bronzong|13/100\n|\n|t:|1771253090\n|switch|p1b: Incineroar|Incineroar, F|67/100|[from] U-turn\n|-ability|p1b: Incineroar|Intimidate|boost\n|-unboost|p2a: Bronzong|atk|1\n|-unboost|p2b: Torkoal|atk|1\n|move|p2a: Bronzong|Body Press|p1a: Ogerpon\n|-damage|p1a: Ogerpon|78/100\n|\n|-weather|SunnyDay|[upkeep]\n|upkeep\n|turn|9\n|inactive|lift with kyogre has 120 seconds left.\n|\n|t:|1771253120\n|move|p1a: Ogerpon|Ivy Cudgel|p2b: Torkoal|[anim] Ivy Cudgel Water\n|-supereffective|p2b: Torkoal\n|-damage|p2b: Torkoal|0 fnt\n|faint|p2b: Torkoal\n|move|p1b: Incineroar|Parting Shot|p2a: Bronzong\n|-unboost|p2a: Bronzong|atk|1\n|-unboost|p2a: Bronzong|spa|1\n|\n|t:|1771253122\n|switch|p1b: Rillaboom|Rillaboom, M|80/100|[from] Parting Shot\n|-fieldstart|move: Grassy Terrain|[from] ability: Grassy Surge|[of] p1b: Rillaboom\n|move|p2a: Bronzong|Body Press|p1b: Rillaboom\n|-damage|p1b: Rillaboom|58/100\n|\n|-weather|SunnyDay|[upkeep]\n|-heal|p1a: Ogerpon|84/100|[from] Grassy Terrain\n|-heal|p1b: Rillaboom|65/100|[from] Grassy Terrain\n|upkeep\n|inactive|lift with kyogre has 120 seconds left.\n|\n|t:|1771253151\n|switch|p2b: Walking Wake|Walking Wake|13/100\n|-activate|p2b: Walking Wake|ability: Protosynthesis\n|-start|p2b: Walking Wake|protosynthesisspe\n|turn|10\n|\n|t:|1771253156\n|move|p2b: Walking Wake|Protect|p2b: Walking Wake\n|-singleturn|p2b: Walking Wake|Protect\n|move|p1b: Rillaboom|Grassy Glide|p2b: Walking Wake\n|-activate|p2b: Walking Wake|move: Protect\n|move|p1a: Ogerpon|Ivy Cudgel|p2a: Bronzong|[anim] Ivy Cudgel Water\n|-crit|p2a: Bronzong\n|-damage|p2a: Bronzong|0 fnt\n|faint|p2a: Bronzong\n|\n|-weather|SunnyDay|[upkeep]\n|-heal|p2b: Walking Wake|20/100|[from] Grassy Terrain\n|-heal|p1a: Ogerpon|90/100|[from] Grassy Terrain\n|-heal|p1b: Rillaboom|71/100|[from] Grassy Terrain\n|upkeep\n|\n|t:|1771253162\n|switch|p2a: Great Tusk|Great Tusk|77/100\n|-activate|p2a: Great Tusk|ability: Protosynthesis\n|-start|p2a: Great Tusk|protosynthesisatk\n|turn|11\n|\n|t:|1771253176\n|-end|p2b: Walking Wake|Protosynthesis|[silent]\n|switch|p2b: Tornadus|Tornadus, M|100/100\n|move|p1b: Rillaboom|Grassy Glide|p2b: Tornadus\n|-resisted|p2b: Tornadus\n|-damage|p2b: Tornadus|69/100\n|move|p2a: Great Tusk|Ice Spinner|p1b: Rillaboom\n|-supereffective|p1b: Rillaboom\n|-damage|p1b: Rillaboom|6/100\n|-fieldend|move: Grassy Terrain\n|move|p1a: Ogerpon|Horn Leech|p2a: Great Tusk\n|-supereffective|p2a: Great Tusk\n|-damage|p2a: Great Tusk|20/100\n|-heal|p1a: Ogerpon|100/100|[from] drain|[of] p2a: Great Tusk\n|\n|-weather|SunnyDay|[upkeep]\n|upkeep\n|turn|12\n|inactive|lift with kyogre has 120 seconds left.\n|\n|t:|1771253209\n|-end|p2a: Great Tusk|Protosynthesis|[silent]\n|switch|p2a: Walking Wake|Walking Wake|20/100\n|-activate|p2a: Walking Wake|ability: Protosynthesis\n|-start|p2a: Walking Wake|protosynthesisspe\n|switch|p1b: Incineroar|Incineroar, F|67/100\n|-ability|p1b: Incineroar|Intimidate|boost\n|-unboost|p2a: Walking Wake|atk|1\n|-unboost|p2b: Tornadus|atk|1\n|move|p2b: Tornadus|Tailwind|p2b: Tornadus\n|-sidestart|p2: lift with kyogre|move: Tailwind\n|move|p1a: Ogerpon|Ivy Cudgel|p2b: Tornadus|[anim] Ivy Cudgel Water\n|-damage|p2b: Tornadus|14/100\n|\n|-weather|none\n|-end|p2a: Walking Wake|Protosynthesis\n|upkeep\n|turn|13\n|\n|t:|1771253229\n|move|p1b: Incineroar|Fake Out|p2a: Walking Wake\n|-damage|p2a: Walking Wake|9/100\n|move|p2b: Tornadus|Sunny Day|p2b: Tornadus\n|-weather|SunnyDay\n|-activate|p2a: Walking Wake|ability: Protosynthesis\n|-start|p2a: Walking Wake|protosynthesisspe\n|move|p2a: Walking Wake|Hydro Steam|p1b: Incineroar\n|-supereffective|p1b: Incineroar\n|-damage|p1b: Incineroar|0 fnt\n|faint|p1b: Incineroar\n|move|p1a: Ogerpon|Ivy Cudgel|p2b: Tornadus|[anim] Ivy Cudgel Water\n|-damage|p2b: Tornadus|0 fnt\n|faint|p2b: Tornadus\n|\n|-weather|SunnyDay|[upkeep]\n|upkeep\n|inactive|lift with kyogre has 120 seconds left.\n|\n|t:|1771253242\n|switch|p2b: Chi-Yu|Chi-Yu|100/100\n|switch|p1b: Rillaboom|Rillaboom, M|6/100\n|-ability|p2b: Chi-Yu|Beads of Ruin\n|-fieldstart|move: Grassy Terrain|[from] ability: Grassy Surge|[of] p1b: Rillaboom\n|turn|14\n|\n|t:|1771253259\n|-terastallize|p2b: Chi-Yu|Ghost\n|move|p2a: Walking Wake|Protect|p2a: Walking Wake\n|-singleturn|p2a: Walking Wake|Protect\n|move|p1b: Rillaboom|Fake Out|p2b: Chi-Yu\n|-immune|p2b: Chi-Yu\n|move|p2b: Chi-Yu|Heat Wave|p1b: Rillaboom|[spread] p1a,p1b\n|-resisted|p1a: Ogerpon\n|-crit|p1a: Ogerpon\n|-supereffective|p1b: Rillaboom\n|-damage|p1a: Ogerpon|42/100\n|-damage|p1b: Rillaboom|0 fnt\n|faint|p1b: Rillaboom\n|move|p1a: Ogerpon|Ivy Cudgel|p2b: Chi-Yu|[anim] Ivy Cudgel Water\n|-damage|p2b: Chi-Yu|44/100\n|\n|-weather|SunnyDay|[upkeep]\n|-heal|p2a: Walking Wake|16/100|[from] Grassy Terrain\n|-heal|p2b: Chi-Yu|50/100|[from] Grassy Terrain\n|-heal|p1a: Ogerpon|48/100|[from] Grassy Terrain\n|upkeep\n|\n|t:|1771253263\n|switch|p1b: Chi-Yu|Chi-Yu|100/100\n|-ability|p1b: Chi-Yu|Beads of Ruin\n|turn|15\n|\n|t:|1771253283\n|move|p1a: Ogerpon|Spiky Shield|p1a: Ogerpon\n|-singleturn|p1a: Ogerpon|move: Protect\n|move|p2a: Walking Wake|Hydro Steam|p1b: Chi-Yu\n|-supereffective|p1b: Chi-Yu\n|-damage|p1b: Chi-Yu|0 fnt\n|faint|p1b: Chi-Yu\n|move|p2b: Chi-Yu|Heat Wave|p1a: Ogerpon\n|-activate|p1a: Ogerpon|move: Protect\n|\n|-weather|SunnyDay|[upkeep]\n|-heal|p2a: Walking Wake|22/100|[from] Grassy Terrain\n|-heal|p2b: Chi-Yu|56/100|[from] Grassy Terrain\n|-heal|p1a: Ogerpon|54/100|[from] Grassy Terrain\n|-sideend|p2: lift with kyogre|move: Tailwind\n|upkeep\n|turn|16\n|-message|charjabugfan forfeited.\n|\n|win|lift with kyogre\n|raw|charjabugfan's rating: 1549 &rarr; <strong>1526</strong><br />(-23 for losing)\n|raw|lift with kyogre's rating: 1505 &rarr; <strong>1528</strong><br />(+23 for winning)\n|l|☆charjabugfan\n|player|p1|\n|l|☆lift with kyogre\n|player|p2|\n", "uploadtime": 1771253674, "views": 7, "formatid": "gen9doublesou", "rating": 1526, "private": 0, "password": null}