{"id": "gen9doublesou-2540476634", "format": "[Gen 9] Doubles OU", "players": ["J0hn St0ne", "inakunana"], "log": "|j|☆J0hn St0ne\n|j|☆inakunana\n|t:|1771206824\n|gametype|doubles\n|player|p1|J0hn St0ne|#tagxs|1661\n|player|p2|inakunana|erika|1704\n|gen|9\n|tier|[Gen 9] Doubles OU\n|rated|\n|rule|HP Percentage Mod: HP is shown in percentages\n|rule|Endless Battle Clause: Forcing endless battles is banned\n|rule|Species Clause: Limit one of each Pokémon\n|rule|OHKO Clause: OHKO moves are banned\n|rule|Evasion Moves Clause: Evasion moves are banned\n|rule|Gravity Sleep Clause: The combination of sleep-inducing moves with imperfect accuracy and Gravity or Gigantamax Orbeetle are banned\n|rule|Evasion Abilities Clause: Evasion abilities are banned\n|clearpoke\n|poke|p1|Chien-Pao|\n|poke|p1|Farigiraf, F|\n|poke|p1|Raging Bolt|\n|poke|p1|Incineroar, M|\n|poke|p1|Rillaboom, F|\n|poke|p1|Araquanid, M|\n|poke|p2|Iron Crown|\n|poke|p2|Indeedee-F, F|\n|poke|p2|Ogerpon-Wellspring, F|\n|poke|p2|Landorus, M|\n|poke|p2|Okidogi, M|\n|poke|p2|Roaring Moon|\n|teampreview\n|inactive|Battle timer is ON: inactive players will automatically lose when time's up. (requested by inakunana)\n|c|☆inakunana|hf\n|inactive|J0hn St0ne has 120 seconds left.\n|inactive|inakunana has 120 seconds left.\n|\n|t:|1771206881\n|teamsize|p1|6\n|teamsize|p2|6\n|start\n|switch|p1a: Subnautica|Araquanid, M, shiny|100/100\n|switch|p1b: Rory Knight|Chien-Pao, shiny|100/100\n|switch|p2a: Roaring Moon|Roaring Moon|100/100\n|switch|p2b: Okidogi|Okidogi, M|100/100\n|-ability|p1b: Rory Knight|Sword of Ruin\n|-enditem|p2a: Roaring Moon|Booster Energy\n|-activate|p2a: Roaring Moon|ability: Protosynthesis|[fromitem]\n|-start|p2a: Roaring Moon|protosynthesisspe\n|turn|1\n|j| Ralsei Hatty\n|\n|t:|1771206910\n|move|p2a: Roaring Moon|Breaking Swipe|p1b: Rory Knight|[spread] p1a,p1b\n|-damage|p1a: Subnautica|63/100\n|-damage|p1b: Rory Knight|68/100\n|-unboost|p1b: Rory Knight|atk|1\n|move|p1b: Rory Knight|Icicle Crash|p2a: Roaring Moon\n|-supereffective|p2a: Roaring Moon\n|-damage|p2a: Roaring Moon|8/100\n|move|p2b: Okidogi|Drain Punch|p1b: Rory Knight\n|-supereffective|p1b: Rory Knight\n|-damage|p1b: Rory Knight|0 fnt\n|faint|p1b: Rory Knight\n|move|p1a: Subnautica|Liquidation|p2b: Okidogi\n|-damage|p2b: Okidogi|44/100\n|-unboost|p2b: Okidogi|def|1\n|\n|upkeep\n|inactive|J0hn St0ne has 120 seconds left.\n|\n|t:|1771206933\n|switch|p1b: Rillaboom Grass|Rillaboom, F|100/100\n|-fieldstart|move: Grassy Terrain|[from] ability: Grassy Surge|[of] p1b: Rillaboom Grass\n|turn|2\n|inactive|J0hn St0ne has 120 seconds left.\n|\n|t:|1771206956\n|switch|p2b: lace|Indeedee-F, F|100/100\n|-fieldstart|move: Psychic Terrain|[from] ability: Psychic Surge|[of] p2b: lace\n|-enditem|p2b: lace|Psychic Seed\n|-boost|p2b: lace|spd|1|[from] item: Psychic Seed\n|switch|p1b: Gus Farig|Farigiraf, F|100/100\n|move|p2a: Roaring Moon|Knock Off|p1a: Subnautica\n|-damage|p1a: Subnautica|8/100\n|-enditem|p1a: Subnautica|Clear Amulet|[from] move: Knock Off|[of] p2a: Roaring Moon\n|move|p1a: Subnautica|Liquidation|p2b: lace\n|-damage|p2b: lace|35/100\n|\n|upkeep\n|turn|3\n|\n|t:|1771206978\n|switch|p1a: Rillaboom Grass|Rillaboom, F|100/100\n|-fieldstart|move: Grassy Terrain|[from] ability: Grassy Surge|[of] p1a: Rillaboom Grass\n|move|p1b: Gus Farig|Protect|p1b: Gus Farig\n|-singleturn|p1b: Gus Farig|Protect\n|move|p2a: Roaring Moon|Knock Off|p1a: Rillaboom Grass\n|-damage|p1a: Rillaboom Grass|49/100\n|-enditem|p1a: Rillaboom Grass|Assault Vest|[from] move: Knock Off|[of] p2a: Roaring Moon\n|move|p2b: lace|Trick Room|p2b: lace\n|-fieldstart|move: Trick Room|[of] p2b: lace\n|\n|-heal|p2b: lace|41/100|[from] Grassy Terrain\n|-heal|p1a: Rillaboom Grass|56/100|[from] Grassy Terrain\n|-heal|p2a: Roaring Moon|14/100|[from] Grassy Terrain\n|upkeep\n|turn|4\n|inactive|inakunana has 120 seconds left.\n|\n|t:|1771207010\n|-end|p2a: Roaring Moon|Protosynthesis|[silent]\n|switch|p2a: Iron Crown|Iron Crown|100/100\n|-enditem|p2a: Iron Crown|Booster Energy\n|-activate|p2a: Iron Crown|ability: Quark Drive|[fromitem]\n|-start|p2a: Iron Crown|quarkdrivespe\n|move|p1b: Gus Farig|Hyper Voice|p2a: Iron Crown|[spread] p2a,p2b\n|-resisted|p2a: Iron Crown\n|-damage|p2a: Iron Crown|90/100\n|-damage|p2b: lace|24/100\n|-enditem|p1b: Gus Farig|Throat Spray\n|-boost|p1b: Gus Farig|spa|1|[from] item: Throat Spray\n|move|p1a: Rillaboom Grass|U-turn|p2b: lace\n|-supereffective|p2b: lace\n|-damage|p2b: lace|0 fnt\n|faint|p2b: lace\n|c| Ralsei Hatty|Mogged\n|c|☆inakunana|quiet goy\n|\n|t:|1771207028\n|switch|p1a: Subnautica|Araquanid, M, shiny|8/100|[from] U-turn\n|\n|-heal|p1a: Subnautica|14/100|[from] Grassy Terrain\n|-heal|p2a: Iron Crown|96/100|[from] Grassy Terrain\n|upkeep\n|\n|t:|1771207035\n|switch|p2b: wet sinner|Ogerpon-Wellspring, F|100/100\n|turn|5\n|\n|t:|1771207046\n|-terastallize|p2b: wet sinner|Water\n|detailschange|p2b: wet sinner|Ogerpon-Wellspring-Tera, F, tera:Water\n|-ability|p2b: wet sinner|Embody Aspect (Wellspring)|boost\n|-boost|p2b: wet sinner|spd|1\n|move|p2b: wet sinner|Follow Me|p2b: wet sinner\n|-singleturn|p2b: wet sinner|move: Follow Me\n|move|p1a: Subnautica|Leech Life|p2b: wet sinner\n|-damage|p2b: wet sinner|69/100\n|-heal|p1a: Subnautica|30/100|[from] drain|[of] p2b: wet sinner\n|move|p1b: Gus Farig|Hyper Voice|p2a: Iron Crown|[spread] p2a,p2b\n|-resisted|p2a: Iron Crown\n|-damage|p2a: Iron Crown|78/100\n|-damage|p2b: wet sinner|39/100\n|move|p2a: Iron Crown|Calm Mind|p2a: Iron Crown\n|-boost|p2a: Iron Crown|spa|1\n|-boost|p2a: Iron Crown|spd|1\n|\n|-heal|p1a: Subnautica|36/100|[from] Grassy Terrain\n|-heal|p2b: wet sinner|46/100|[from] Grassy Terrain\n|-heal|p2a: Iron Crown|84/100|[from] Grassy Terrain\n|upkeep\n|turn|6\n|inactive|inakunana has 120 seconds left.\n|\n|t:|1771207078\n|move|p2b: wet sinner|Follow Me|p2b: wet sinner\n|-singleturn|p2b: wet sinner|move: Follow Me\n|move|p1a: Subnautica|Liquidation|p2b: wet sinner\n|-resisted|p2b: wet sinner\n|-damage|p2b: wet sinner|11/100\n|move|p1b: Gus Farig|Hyper Voice|p2a: Iron Crown|[spread] p2a,p2b\n|-resisted|p2a: Iron Crown\n|-crit|p2a: Iron Crown\n|-damage|p2a: Iron Crown|58/100\n|-damage|p2b: wet sinner|0 fnt\n|faint|p2b: wet sinner\n|detailschange|p2: wet sinner|Ogerpon-Wellspring, F|[silent]\n|move|p2a: Iron Crown|Calm Mind|p2a: Iron Crown\n|-boost|p2a: Iron Crown|spa|1\n|-boost|p2a: Iron Crown|spd|1\n|\n|-heal|p1a: Subnautica|42/100|[from] Grassy Terrain\n|-heal|p2a: Iron Crown|64/100|[from] Grassy Terrain\n|upkeep\n|inactive|inakunana has 120 seconds left.\n|\n|t:|1771207095\n|switch|p2b: crusty king khann|Landorus, M|100/100\n|turn|7\n|j| talveznao\n|\n|t:|1771207109\n|move|p1a: Subnautica|Liquidation|p2a: Iron Crown\n|-damage|p2a: Iron Crown|0 fnt\n|faint|p2a: Iron Crown\n|-end|p2a: Iron Crown|Quark Drive|[silent]\n|move|p1b: Gus Farig|Hyper Voice|p2b: crusty king khann\n|-damage|p2b: crusty king khann|43/100\n|move|p2b: crusty king khann|Substitute|p2b: crusty king khann\n|-start|p2b: crusty king khann|Substitute\n|-damage|p2b: crusty king khann|18/100\n|\n|-heal|p1a: Subnautica|48/100|[from] Grassy Terrain\n|-fieldend|move: Trick Room\n|-fieldend|move: Grassy Terrain\n|upkeep\n|c| Ralsei Hatty|Qm convidou\n|c| Ralsei Hatty|Get out\n|inactive|inakunana has 120 seconds left.\n|\n|t:|1771207133\n|switch|p2a: Roaring Moon|Roaring Moon|14/100\n|turn|8\n|\n|t:|1771207149\n|switch|p1a: Smash bro|Incineroar, M|100/100\n|-ability|p1a: Smash bro|Intimidate|boost\n|-unboost|p2a: Roaring Moon|atk|1\n|-immune|p2b: crusty king khann\n|-terastallize|p1b: Gus Farig|Fairy\n|move|p2a: Roaring Moon|Knock Off|p1b: Gus Farig\n|-resisted|p1b: Gus Farig\n|-damage|p1b: Gus Farig|90/100\n|move|p2b: crusty king khann|Sludge Bomb|p1a: Smash bro\n|-damage|p1a: Smash bro|67/100\n|move|p1b: Gus Farig|Hyper Voice|p2a: Roaring Moon|[spread] p2a,p2b\n|-damage|p2a: Roaring Moon|0 fnt\n|-damage|p2b: crusty king khann|0 fnt\n|faint|p2a: Roaring Moon\n|-end|p2a: Roaring Moon|Protosynthesis|[silent]\n|faint|p2b: crusty king khann\n|\n|upkeep\n|c| Ralsei Hatty|Mogged\n|c|☆J0hn St0ne|GG\n|c|☆inakunana|ggs\n|\n|t:|1771207175\n|switch|p2b: Okidogi|Okidogi, M|44/100\n|turn|9\n|\n|t:|1771207179\n|move|p2b: Okidogi|Poison Jab|p1b: Gus Farig\n|-supereffective|p1b: Gus Farig\n|-damage|p1b: Gus Farig|6/100\n|-status|p1b: Gus Farig|psn\n|move|p1a: Smash bro|Knock Off|p2b: Okidogi\n|-resisted|p2b: Okidogi\n|-damage|p2b: Okidogi|29/100\n|-enditem|p2b: Okidogi|Assault Vest|[from] move: Knock Off|[of] p1a: Smash bro\n|move|p1b: Gus Farig|Psychic|p2b: Okidogi\n|-supereffective|p2b: Okidogi\n|-damage|p2b: Okidogi|0 fnt\n|faint|p2b: Okidogi\n|\n|win|J0hn St0ne\n|raw|J0hn St0ne's rating: 1661 &rarr; <strong>1683</strong><br />(+22 for winning)\n|raw|inakunana's rating: 1704 &rarr; <strong>1682</strong><br />(-22 for losing)\n|l|☆J0hn St0ne\n|player|p1|\n", "uploadtime": 1771207400, "views": 14, "formatid": "gen9doublesou", "rating": 1682, "private": 0, "password": null}