{"id": "gen9doublesou-2540744160", "format": "[Gen 9] Doubles OU", "players": ["Jaiper_Showdown", "refridgenator"], "log": "|badge|p1|silver|gen9doublesou|30-8\n|uhtml|medal-msg|<div class=\"broadcast-blue\">Curious what those medals under the avatar are? PS now has Ladder Seasons! For more information, check out the <a href=\"https://www.smogon.com/forums/threads/3740067/\">thread on Smogon.</a></div>\n|j|☆Jaiper_Showdown\n|j|☆refridgenator\n|t:|1771248808\n|gametype|doubles\n|player|p1|Jaiper_Showdown|nate|1692\n|player|p2|refridgenator|swimmer-gen4dp|1644\n|gen|9\n|tier|[Gen 9] Doubles OU\n|rated|\n|rule|HP Percentage Mod: HP is shown in percentages\n|rule|Endless Battle Clause: Forcing endless battles is banned\n|rule|Species Clause: Limit one of each Pokémon\n|rule|OHKO Clause: OHKO moves are banned\n|rule|Evasion Moves Clause: Evasion moves are banned\n|rule|Gravity Sleep Clause: The combination of sleep-inducing moves with imperfect accuracy and Gravity or Gigantamax Orbeetle are banned\n|rule|Evasion Abilities Clause: Evasion abilities are banned\n|clearpoke\n|poke|p1|Zapdos-Galar|\n|poke|p1|Garchomp, M|\n|poke|p1|Tsareena, F|\n|poke|p1|Incineroar, M|\n|poke|p1|Cresselia, F|\n|poke|p1|Raging Bolt|\n|poke|p2|Milotic, F|\n|poke|p2|Ninetales-Alola, M|\n|poke|p2|Incineroar, M|\n|poke|p2|Amoonguss, M|\n|poke|p2|Cresselia, F|\n|poke|p2|Porygon2|\n|teampreview\n|\n|t:|1771248824\n|teamsize|p1|6\n|teamsize|p2|6\n|start\n|switch|p1a: Zapdos|Zapdos-Galar|100/100\n|switch|p1b: Incineroar|Incineroar, M|100/100\n|switch|p2a: Cresselia|Cresselia, F|100/100\n|switch|p2b: Ninetales|Ninetales-Alola, M|100/100\n|-weather|Snowscape|[from] ability: Snow Warning|[of] p2b: Ninetales\n|-ability|p1b: Incineroar|Intimidate|boost\n|-unboost|p2a: Cresselia|atk|1\n|-unboost|p2b: Ninetales|atk|1\n|turn|1\n|\n|t:|1771248844\n|move|p1b: Incineroar|Fake Out|p2b: Ninetales\n|-damage|p2b: Ninetales|92/100\n|move|p1a: Zapdos|U-turn|p2a: Cresselia\n|-supereffective|p2a: Cresselia\n|-damage|p2a: Cresselia|68/100\n|\n|t:|1771248851\n|switch|p1a: Cresselia|Cresselia, F|100/100|[from] U-turn\n|cant|p2b: Ninetales|flinch\n|move|p2a: Cresselia|Trick Room|p2a: Cresselia\n|-fieldstart|move: Trick Room|[of] p2a: Cresselia\n|\n|-weather|Snowscape|[upkeep]\n|upkeep\n|turn|2\n|\n|t:|1771248867\n|switch|p2a: Incineroar|Incineroar, M|100/100\n|-ability|p2a: Incineroar|Intimidate|boost\n|-unboost|p1a: Cresselia|atk|1\n|-unboost|p1b: Incineroar|atk|1\n|move|p1b: Incineroar|Flare Blitz|p2b: Ninetales\n|-supereffective|p2b: Ninetales\n|-damage|p2b: Ninetales|40/100\n|-damage|p1b: Incineroar|86/100|[from] Recoil\n|move|p1a: Cresselia|Calm Mind|p1a: Cresselia\n|-boost|p1a: Cresselia|spa|1\n|-boost|p1a: Cresselia|spd|1\n|move|p2b: Ninetales|Aurora Veil|p2b: Ninetales\n|-sidestart|p2: refridgenator|move: Aurora Veil\n|\n|-weather|Snowscape|[upkeep]\n|upkeep\n|turn|3\n|\n|t:|1771248894\n|switch|p2b: Milotic|Milotic, F|100/100\n|move|p1b: Incineroar|Knock Off|p2a: Incineroar\n|-resisted|p2a: Incineroar\n|-damage|p2a: Incineroar|93/100\n|-enditem|p2a: Incineroar|Sitrus Berry|[from] move: Knock Off|[of] p1b: Incineroar\n|move|p2a: Incineroar|Knock Off|p1a: Cresselia\n|-supereffective|p1a: Cresselia\n|-damage|p1a: Cresselia|47/100\n|-enditem|p1a: Cresselia|Leftovers|[from] move: Knock Off|[of] p2a: Incineroar\n|move|p1a: Cresselia|Calm Mind|p1a: Cresselia\n|-boost|p1a: Cresselia|spa|1\n|-boost|p1a: Cresselia|spd|1\n|\n|-weather|Snowscape|[upkeep]\n|upkeep\n|turn|4\n|\n|t:|1771248914\n|move|p1b: Incineroar|Knock Off|p2b: Milotic\n|-damage|p2b: Milotic|88/100\n|-enditem|p2b: Milotic|Leftovers|[from] move: Knock Off|[of] p1b: Incineroar\n|move|p2b: Milotic|Coil|p2b: Milotic\n|-boost|p2b: Milotic|atk|1\n|-boost|p2b: Milotic|def|1\n|-boost|p2b: Milotic|accuracy|1\n|move|p2a: Incineroar|Knock Off|p1a: Cresselia\n|-supereffective|p1a: Cresselia\n|-damage|p1a: Cresselia|11/100\n|move|p1a: Cresselia|Lunar Blessing|p1a: Cresselia|[spread] p1a,p1b\n|-heal|p1a: Cresselia|36/100\n|-heal|p1b: Incineroar|100/100\n|\n|-weather|Snowscape|[upkeep]\n|upkeep\n|turn|5\n|\n|t:|1771248933\n|switch|p1b: Raging Bolt|Raging Bolt|100/100\n|-enditem|p1b: Raging Bolt|Booster Energy\n|-activate|p1b: Raging Bolt|ability: Protosynthesis|[fromitem]\n|-start|p1b: Raging Bolt|protosynthesisspa\n|-terastallize|p1a: Cresselia|Fairy\n|move|p2b: Milotic|Coil|p2b: Milotic\n|-boost|p2b: Milotic|atk|1\n|-boost|p2b: Milotic|def|1\n|-boost|p2b: Milotic|accuracy|1\n|move|p2a: Incineroar|Knock Off|p1a: Cresselia\n|-resisted|p1a: Cresselia\n|-damage|p1a: Cresselia|27/100\n|move|p1a: Cresselia|Lunar Blessing|p1a: Cresselia|[spread] p1a,p1b\n|-heal|p1a: Cresselia|52/100\n|\n|-weather|none\n|-fieldend|move: Trick Room\n|upkeep\n|turn|6\n|\n|t:|1771248959\n|switch|p2a: Porygon2|Porygon2|100/100\n|-ability|p2a: Porygon2|Download|boost\n|-boost|p2a: Porygon2|atk|1\n|move|p2b: Milotic|Protect|p2b: Milotic\n|-singleturn|p2b: Milotic|Protect\n|move|p1a: Cresselia|Calm Mind|p1a: Cresselia\n|-boost|p1a: Cresselia|spa|1\n|-boost|p1a: Cresselia|spd|1\n|move|p1b: Raging Bolt|Thunderbolt|p2b: Milotic\n|-activate|p2b: Milotic|move: Protect\n|\n|upkeep\n|turn|7\n|\n|t:|1771248974\n|move|p1a: Cresselia|Psychic|p2b: Milotic\n|-damage|p2b: Milotic|52/100\n|-unboost|p2b: Milotic|spd|1\n|-ability|p2b: Milotic|Competitive|boost\n|-boost|p2b: Milotic|spa|2\n|move|p1b: Raging Bolt|Thunderbolt|p2b: Milotic\n|-supereffective|p2b: Milotic\n|-damage|p2b: Milotic|0 fnt\n|faint|p2b: Milotic\n|move|p2a: Porygon2|Trick Room|p2a: Porygon2\n|-fieldstart|move: Trick Room|[of] p2a: Porygon2\n|\n|upkeep\n|-message|refridgenator forfeited.\n|\n|win|Jaiper_Showdown\n|raw|Jaiper_Showdown's rating: 1692 &rarr; <strong>1709</strong><br />(+17 for winning)\n|raw|refridgenator's rating: 1644 &rarr; <strong>1627</strong><br />(-17 for losing)\n|l|☆refridgenator\n|player|p2|\n", "uploadtime": 1771249280, "views": 6, "formatid": "gen9doublesou", "rating": 1627, "private": 0, "password": null}