{"id": "gen9doublesou-2540706330", "format": "[Gen 9] Doubles OU", "players": ["sylent knight", "GrandpaShlipShlap"], "log": "|j|☆sylent knight\n|j|☆GrandpaShlipShlap\n|t:|1771243417\n|gametype|doubles\n|player|p1|sylent knight|1|1529\n|player|p2|GrandpaShlipShlap|1|1524\n|gen|9\n|tier|[Gen 9] Doubles OU\n|rated|\n|rule|HP Percentage Mod: HP is shown in percentages\n|rule|Endless Battle Clause: Forcing endless battles is banned\n|rule|Species Clause: Limit one of each Pokémon\n|rule|OHKO Clause: OHKO moves are banned\n|rule|Evasion Moves Clause: Evasion moves are banned\n|rule|Gravity Sleep Clause: The combination of sleep-inducing moves with imperfect accuracy and Gravity or Gigantamax Orbeetle are banned\n|rule|Evasion Abilities Clause: Evasion abilities are banned\n|clearpoke\n|poke|p1|Torkoal, F|\n|poke|p1|Diancie|\n|poke|p1|Rillaboom, F|\n|poke|p1|Great Tusk|\n|poke|p1|Infernape, F|\n|poke|p1|Brute Bonnet|\n|poke|p2|Incineroar, M|\n|poke|p2|Tornadus, M|\n|poke|p2|Gholdengo|\n|poke|p2|Landorus, M|\n|poke|p2|Iron Hands|\n|poke|p2|Ogerpon-Wellspring, F|\n|teampreview\n|inactive|Battle timer is ON: inactive players will automatically lose when time's up. (requested by sylent knight)\n|inactive|GrandpaShlipShlap has 120 seconds left.\n|\n|t:|1771243464\n|teamsize|p1|6\n|teamsize|p2|6\n|start\n|switch|p1a: Brute Bonnet|Brute Bonnet|100/100\n|switch|p1b: Torkoal|Torkoal, F|100/100\n|switch|p2a: Ogerpon|Ogerpon-Wellspring, F|100/100\n|switch|p2b: Incineroar|Incineroar, M|100/100\n|-ability|p2b: Incineroar|Intimidate|boost\n|-unboost|p1a: Brute Bonnet|atk|1\n|-unboost|p1b: Torkoal|atk|1\n|-weather|SunnyDay|[from] ability: Drought|[of] p1b: Torkoal\n|-activate|p1a: Brute Bonnet|ability: Protosynthesis\n|-start|p1a: Brute Bonnet|protosynthesisatk\n|turn|1\n|\n|t:|1771243489\n|-terastallize|p1a: Brute Bonnet|Fighting\n|move|p2b: Incineroar|Fake Out|p1b: Torkoal\n|-damage|p1b: Torkoal|93/100\n|move|p2a: Ogerpon|Follow Me|p2a: Ogerpon\n|-singleturn|p2a: Ogerpon|move: Follow Me\n|move|p1a: Brute Bonnet|Close Combat|p2a: Ogerpon\n|-damage|p2a: Ogerpon|0 fnt\n|-unboost|p1a: Brute Bonnet|def|1\n|-unboost|p1a: Brute Bonnet|spd|1\n|faint|p2a: Ogerpon\n|cant|p1b: Torkoal|flinch\n|\n|-weather|SunnyDay|[upkeep]\n|upkeep\n|inactive|GrandpaShlipShlap has 120 seconds left.\n|\n|t:|1771243510\n|switch|p2a: Tornadus|Tornadus, M|100/100\n|turn|2\n|\n|t:|1771243520\n|-end|p1a: Brute Bonnet|Protosynthesis|[silent]\n|switch|p1a: Diancie|Diancie|100/100\n|move|p2a: Tornadus|Bleakwind Storm|p1b: Torkoal|[spread] p1b\n|-miss|p2a: Tornadus|p1a: Diancie\n|-damage|p1b: Torkoal|40/100\n|move|p2b: Incineroar|Will-O-Wisp|p1a: Diancie\n|-status|p1a: Diancie|brn\n|move|p1b: Torkoal|Heat Wave|p2a: Tornadus|[spread] p2a,p2b\n|-resisted|p2b: Incineroar\n|-damage|p2a: Tornadus|3/100\n|-damage|p2b: Incineroar|72/100\n|\n|-weather|SunnyDay|[upkeep]\n|-damage|p1a: Diancie|94/100 brn|[from] brn\n|upkeep\n|turn|3\n|\n|t:|1771243543\n|move|p2a: Tornadus|Protect|p2a: Tornadus\n|-singleturn|p2a: Tornadus|Protect\n|move|p2b: Incineroar|Parting Shot|p1b: Torkoal\n|-unboost|p1b: Torkoal|atk|1\n|-unboost|p1b: Torkoal|spa|1\n|\n|t:|1771243549\n|switch|p2b: Iron Hands|Iron Hands|100/100|[from] Parting Shot\n|move|p1a: Diancie|Diamond Storm|p2b: Iron Hands|[spread] p2b\n|-activate|p2a: Tornadus|move: Protect\n|-resisted|p2b: Iron Hands\n|-damage|p2b: Iron Hands|96/100\n|move|p1b: Torkoal|Heat Wave|p2b: Iron Hands|[spread] p2b\n|-activate|p2a: Tornadus|move: Protect\n|-damage|p2b: Iron Hands|73/100\n|\n|-weather|SunnyDay|[upkeep]\n|-heal|p1a: Diancie|100/100 brn|[from] item: Leftovers\n|-damage|p1a: Diancie|94/100 brn|[from] brn\n|upkeep\n|turn|4\n|\n|t:|1771243572\n|move|p2b: Iron Hands|Fake Out|p1a: Diancie\n|-resisted|p1a: Diancie\n|-damage|p1a: Diancie|88/100 brn\n|move|p2a: Tornadus|Bleakwind Storm|p1b: Torkoal|[spread] p1a\n|-miss|p2a: Tornadus|p1b: Torkoal\n|-resisted|p1a: Diancie\n|-damage|p1a: Diancie|76/100 brn\n|cant|p1a: Diancie|flinch\n|move|p1b: Torkoal|Heat Wave|p2a: Tornadus|[spread] p2a\n|-miss|p1b: Torkoal|p2b: Iron Hands\n|-damage|p2a: Tornadus|0 fnt\n|faint|p2a: Tornadus\n|\n|-weather|SunnyDay|[upkeep]\n|-heal|p1a: Diancie|82/100 brn|[from] item: Leftovers\n|-damage|p1a: Diancie|76/100 brn|[from] brn\n|upkeep\n|inactive|GrandpaShlipShlap has 120 seconds left.\n|\n|t:|1771243590\n|switch|p2a: Gholdengo|Gholdengo|100/100\n|turn|5\n|\n|t:|1771243596\n|move|p2a: Gholdengo|Nasty Plot|p2a: Gholdengo\n|-boost|p2a: Gholdengo|spa|2\n|move|p2b: Iron Hands|Wild Charge|p1b: Torkoal\n|-damage|p1b: Torkoal|0 fnt\n|faint|p1b: Torkoal\n|-damage|p2b: Iron Hands|66/100|[from] Recoil\n|move|p1a: Diancie|Moonblast|p2b: Iron Hands\n|-supereffective|p2b: Iron Hands\n|-damage|p2b: Iron Hands|29/100\n|\n|-weather|none\n|-heal|p1a: Diancie|82/100 brn|[from] item: Leftovers\n|-damage|p1a: Diancie|76/100 brn|[from] brn\n|upkeep\n|\n|t:|1771243602\n|switch|p1b: Brute Bonnet|Brute Bonnet, tera:Fighting|100/100\n|turn|6\n|\n|t:|1771243620\n|move|p2a: Gholdengo|Protect|p2a: Gholdengo\n|-singleturn|p2a: Gholdengo|Protect\n|move|p1b: Brute Bonnet|Sucker Punch||[still]\n|-fail|p1b: Brute Bonnet\n|move|p2b: Iron Hands|Wild Charge|p1b: Brute Bonnet\n|-damage|p1b: Brute Bonnet|59/100\n|-damage|p2b: Iron Hands|19/100|[from] Recoil\n|move|p1a: Diancie|Moonblast|p2b: Iron Hands\n|-supereffective|p2b: Iron Hands\n|-damage|p2b: Iron Hands|0 fnt\n|faint|p2b: Iron Hands\n|-end|p2b: Iron Hands|Quark Drive|[silent]\n|\n|-heal|p1a: Diancie|82/100 brn|[from] item: Leftovers\n|-damage|p1a: Diancie|76/100 brn|[from] brn\n|upkeep\n|\n|t:|1771243637\n|switch|p2b: Incineroar|Incineroar, M|72/100\n|-ability|p2b: Incineroar|Intimidate|boost\n|-fail|p1a: Diancie|unboost|[from] ability: Clear Body|[of] p1a: Diancie\n|-unboost|p1b: Brute Bonnet|atk|1\n|turn|7\n|\n|t:|1771243645\n|-end|p1b: Brute Bonnet|Protosynthesis|[silent]\n|switch|p1b: Infernape|Infernape, F|100/100\n|move|p2a: Gholdengo|Nasty Plot|p2a: Gholdengo\n|-boost|p2a: Gholdengo|spa|2\n|move|p2b: Incineroar|Will-O-Wisp|p1b: Infernape\n|-immune|p1b: Infernape\n|move|p1a: Diancie|Trick Room|p1a: Diancie\n|-fieldstart|move: Trick Room|[of] p1a: Diancie\n|\n|-heal|p1a: Diancie|82/100 brn|[from] item: Leftovers\n|-damage|p1a: Diancie|76/100 brn|[from] brn\n|upkeep\n|turn|8\n|\n|t:|1771243668\n|move|p1a: Diancie|Diamond Storm|p2a: Gholdengo|[spread] p2a,p2b\n|-resisted|p2a: Gholdengo\n|-supereffective|p2b: Incineroar\n|-crit|p2b: Incineroar\n|-damage|p2a: Gholdengo|95/100\n|-damage|p2b: Incineroar|33/100\n|-boost|p1a: Diancie|def|2\n|-enditem|p2b: Incineroar|Sitrus Berry|[eat]\n|-heal|p2b: Incineroar|58/100|[from] item: Sitrus Berry\n|move|p1b: Infernape|Swords Dance|p1b: Infernape\n|-boost|p1b: Infernape|atk|2\n|move|p2b: Incineroar|Flare Blitz|p1a: Diancie\n|-resisted|p1a: Diancie\n|-damage|p1a: Diancie|66/100 brn\n|-damage|p2b: Incineroar|56/100|[from] Recoil\n|move|p2a: Gholdengo|Shadow Ball|p1b: Infernape\n|-damage|p1b: Infernape|0 fnt\n|faint|p1b: Infernape\n|\n|-heal|p1a: Diancie|73/100 brn|[from] item: Leftovers\n|-heal|p2a: Gholdengo|100/100|[from] item: Leftovers\n|-damage|p1a: Diancie|66/100 brn|[from] brn\n|upkeep\n|\n|t:|1771243686\n|switch|p1b: Great Tusk|Great Tusk|100/100\n|turn|9\n|\n|t:|1771243697\n|-terastallize|p2a: Gholdengo|Water\n|move|p1a: Diancie|Body Press|p2b: Incineroar\n|-supereffective|p2b: Incineroar\n|-damage|p2b: Incineroar|9/100\n|move|p1b: Great Tusk|Headlong Rush|p2a: Gholdengo\n|-damage|p2a: Gholdengo|16/100\n|-unboost|p1b: Great Tusk|def|1\n|-unboost|p1b: Great Tusk|spd|1\n|-damage|p1b: Great Tusk|91/100|[from] item: Life Orb\n|move|p2b: Incineroar|Will-O-Wisp|p1b: Great Tusk|[miss]\n|-miss|p2b: Incineroar|p1b: Great Tusk\n|move|p2a: Gholdengo|Make It Rain|p1a: Diancie|[spread] p1a,p1b\n|-supereffective|p1a: Diancie\n|-damage|p1a: Diancie|0 fnt\n|-damage|p1b: Great Tusk|0 fnt\n|-unboost|p2a: Gholdengo|spa|1\n|faint|p1a: Diancie\n|faint|p1b: Great Tusk\n|-end|p1b: Great Tusk|Protosynthesis|[silent]\n|\n|-heal|p2a: Gholdengo|22/100|[from] item: Leftovers\n|upkeep\n|\n|t:|1771243713\n|switch|p1a: Brute Bonnet|Brute Bonnet, tera:Fighting|59/100\n|switch|p1b: Rillaboom|Rillaboom, F|100/100\n|-fieldstart|move: Grassy Terrain|[from] ability: Grassy Surge|[of] p1b: Rillaboom\n|turn|10\n|\n|t:|1771243726\n|move|p2a: Gholdengo|Protect|p2a: Gholdengo\n|-singleturn|p2a: Gholdengo|Protect\n|move|p1b: Rillaboom|Grassy Glide|p2a: Gholdengo\n|-activate|p2a: Gholdengo|move: Protect\n|move|p1a: Brute Bonnet|Seed Bomb|p2b: Incineroar\n|-resisted|p2b: Incineroar\n|-damage|p2b: Incineroar|0 fnt\n|faint|p2b: Incineroar\n|\n|-heal|p1a: Brute Bonnet|66/100|[from] Grassy Terrain\n|-heal|p2a: Gholdengo|28/100|[from] Grassy Terrain\n|-heal|p2a: Gholdengo|34/100|[from] item: Leftovers\n|upkeep\n|\n|t:|1771243741\n|switch|p2b: Landorus|Landorus, M|100/100\n|turn|11\n|\n|t:|1771243751\n|move|p2a: Gholdengo|Protect||[still]\n|-fail|p2a: Gholdengo\n|move|p1b: Rillaboom|Grassy Glide|p2a: Gholdengo\n|-supereffective|p2a: Gholdengo\n|-damage|p2a: Gholdengo|0 fnt\n|faint|p2a: Gholdengo\n|move|p1a: Brute Bonnet|Seed Bomb|p2b: Landorus\n|-damage|p2b: Landorus|5/100\n|move|p2b: Landorus|Sludge Bomb|p1b: Rillaboom\n|-supereffective|p1b: Rillaboom\n|-damage|p1b: Rillaboom|0 fnt\n|faint|p1b: Rillaboom\n|\n|-heal|p1a: Brute Bonnet|72/100|[from] Grassy Terrain\n|-fieldend|move: Trick Room\n|upkeep\n|turn|12\n|\n|t:|1771243769\n|move|p2b: Landorus|Earth Power|p1a: Brute Bonnet\n|-damage|p1a: Brute Bonnet|16/100\n|move|p1a: Brute Bonnet|Seed Bomb|p2b: Landorus\n|-damage|p2b: Landorus|0 fnt\n|faint|p2b: Landorus\n|\n|win|sylent knight\n|raw|sylent knight's rating: 1529 &rarr; <strong>1549</strong><br />(+20 for winning)\n|raw|GrandpaShlipShlap's rating: 1524 &rarr; <strong>1504</strong><br />(-20 for losing)\n|l|☆GrandpaShlipShlap\n|player|p2|\n|l|☆sylent knight\n|player|p1|\n", "uploadtime": 1771244121, "views": 7, "formatid": "gen9doublesou", "rating": 1504, "private": 0, "password": null}