{"id": "gen9doublesou-2540833296", "format": "[Gen 9] Doubles OU", "players": ["I❤️娜禄forever", "gil321"], "log": "|j|☆I❤️娜禄forever\n|j|☆gil321\n|t:|1771258762\n|gametype|doubles\n|player|p1|I❤️娜禄forever|youngcouple-gen4dp|1575\n|player|p2|gil321|rocketgrunt|1706\n|gen|9\n|tier|[Gen 9] Doubles OU\n|rated|\n|rule|HP Percentage Mod: HP is shown in percentages\n|rule|Endless Battle Clause: Forcing endless battles is banned\n|rule|Species Clause: Limit one of each Pokémon\n|rule|OHKO Clause: OHKO moves are banned\n|rule|Evasion Moves Clause: Evasion moves are banned\n|rule|Gravity Sleep Clause: The combination of sleep-inducing moves with imperfect accuracy and Gravity or Gigantamax Orbeetle are banned\n|rule|Evasion Abilities Clause: Evasion abilities are banned\n|clearpoke\n|poke|p1|Pincurchin, M|\n|poke|p1|Iron Hands|\n|poke|p1|Iron Boulder|\n|poke|p1|Weezing, M|\n|poke|p1|Iron Jugulis|\n|poke|p1|Iron Moth|\n|poke|p2|Excadrill, M|\n|poke|p2|Chien-Pao|\n|poke|p2|Tyranitar, M|\n|poke|p2|Dragonite, M|\n|poke|p2|Amoonguss, F|\n|poke|p2|Landorus, M|\n|teampreview\n|\n|t:|1771258774\n|teamsize|p1|6\n|teamsize|p2|6\n|start\n|switch|p1a: Weezing|Weezing, M|100/100\n|switch|p1b: Iron Hands|Iron Hands|100/100\n|switch|p2a: Vini Jr|Chien-Pao|100/100\n|switch|p2b: Van dijk|Tyranitar, M|100/100\n|-ability|p1a: Weezing|Neutralizing Gas\n|turn|1\n|\n|t:|1771258793\n|-terastallize|p2b: Van dijk|Flying\n|move|p2a: Vini Jr|Protect|p2a: Vini Jr\n|-singleturn|p2a: Vini Jr|Protect\n|move|p1b: Iron Hands|Fake Out|p2a: Vini Jr\n|-activate|p2a: Vini Jr|move: Protect\n|move|p1a: Weezing|Substitute|p1a: Weezing\n|-start|p1a: Weezing|Substitute\n|-damage|p1a: Weezing|75/100\n|move|p2b: Van dijk|Stomping Tantrum|p1b: Iron Hands\n|-supereffective|p1b: Iron Hands\n|-damage|p1b: Iron Hands|70/100\n|\n|-heal|p1a: Weezing|82/100|[from] item: Leftovers\n|upkeep\n|turn|2\n|\n|t:|1771258813\n|switch|p2a: Amoonguss|Amoonguss, F|100/100\n|move|p1a: Weezing|Will-O-Wisp|p2b: Van dijk\n|-status|p2b: Van dijk|brn\n|move|p2b: Van dijk|Rock Slide|p1b: Iron Hands|[spread] p1a\n|-miss|p2b: Van dijk|p1b: Iron Hands\n|-activate|p1a: Weezing|move: Substitute|[damage]\n|move|p1b: Iron Hands|Drain Punch|p2a: Amoonguss\n|-resisted|p2a: Amoonguss\n|-damage|p2a: Amoonguss|83/100\n|-heal|p1b: Iron Hands|78/100|[from] drain|[of] p2a: Amoonguss\n|\n|-heal|p1a: Weezing|88/100|[from] item: Leftovers\n|-damage|p2b: Van dijk|94/100 brn|[from] brn\n|upkeep\n|turn|3\n|\n|t:|1771258845\n|move|p1a: Weezing|Sludge Bomb|p2b: Van dijk\n|-damage|p2b: Van dijk|79/100 brn\n|move|p2b: Van dijk|Rock Slide|p1b: Iron Hands|[spread] p1b\n|-miss|p2b: Van dijk|p1a: Weezing\n|-resisted|p1b: Iron Hands\n|-damage|p1b: Iron Hands|74/100\n|move|p1b: Iron Hands|Thunder Punch|p2b: Van dijk\n|-supereffective|p2b: Van dijk\n|-damage|p2b: Van dijk|28/100 brn\n|move|p2a: Amoonguss|Spore|p1b: Iron Hands\n|-status|p1b: Iron Hands|slp|[from] move: Spore\n|\n|-heal|p1a: Weezing|94/100|[from] item: Leftovers\n|-damage|p2b: Van dijk|22/100 brn|[from] brn\n|upkeep\n|turn|4\n|\n|t:|1771258874\n|switch|p2b: Depay|Landorus, M|100/100\n|move|p1a: Weezing|Protect|p1a: Weezing\n|-singleturn|p1a: Weezing|Protect\n|cant|p1b: Iron Hands|slp\n|move|p2a: Amoonguss|Sludge Bomb|p1b: Iron Hands\n|-crit|p1b: Iron Hands\n|-damage|p1b: Iron Hands|48/100 slp\n|\n|-heal|p1a: Weezing|99/100|[from] item: Leftovers\n|upkeep\n|turn|5\n|\n|t:|1771258899\n|move|p2b: Depay|Sandsear Storm|p1b: Iron Hands|[spread] p1a,p1b\n|-supereffective|p1a: Weezing\n|-end|p1a: Weezing|Substitute\n|-supereffective|p1b: Iron Hands\n|-damage|p1b: Iron Hands|1/100 slp\n|-enditem|p1b: Iron Hands|Figy Berry|[eat]\n|-heal|p1b: Iron Hands|34/100 slp|[from] item: Figy Berry\n|move|p1a: Weezing|Substitute|p1a: Weezing\n|-start|p1a: Weezing|Substitute\n|-damage|p1a: Weezing|75/100\n|cant|p1b: Iron Hands|slp\n|move|p2a: Amoonguss|Spore||[still]\n|-fail|p2a: Amoonguss\n|\n|-heal|p1a: Weezing|81/100|[from] item: Leftovers\n|upkeep\n|turn|6\n|\n|t:|1771258921\n|switch|p2a: Van dijk|Tyranitar, M, tera:Flying|22/100 brn\n|move|p1a: Weezing|Protect|p1a: Weezing\n|-singleturn|p1a: Weezing|Protect\n|move|p2b: Depay|Sandsear Storm|p1b: Iron Hands|[spread] p1b\n|-activate|p1a: Weezing|move: Protect\n|-supereffective|p1b: Iron Hands\n|-damage|p1b: Iron Hands|0 fnt\n|faint|p1b: Iron Hands\n|-end|p1b: Iron Hands|Quark Drive|[silent]\n|\n|-heal|p1a: Weezing|87/100|[from] item: Leftovers\n|-damage|p2a: Van dijk|16/100 brn|[from] brn\n|upkeep\n|\n|t:|1771258932\n|switch|p1b: Iron Jugulis|Iron Jugulis|100/100\n|turn|7\n|\n|t:|1771258946\n|switch|p2a: Amoonguss|Amoonguss, F|83/100\n|move|p2b: Depay|Sandsear Storm|p1b: Iron Jugulis|[spread] \n|-immune|p1b: Iron Jugulis\n|-miss|p2b: Depay|p1a: Weezing\n|move|p1b: Iron Jugulis|Snarl|p2b: Depay|[spread] p2a,p2b\n|-damage|p2a: Amoonguss|64/100\n|-damage|p2b: Depay|65/100\n|-unboost|p2a: Amoonguss|spa|1\n|-unboost|p2b: Depay|spa|1\n|move|p1a: Weezing|Substitute|p1a: Weezing\n|-fail|p1a: Weezing|move: Substitute\n|\n|-heal|p1a: Weezing|93/100|[from] item: Leftovers\n|upkeep\n|turn|8\n|\n|t:|1771258960\n|move|p2b: Depay|Sandsear Storm|p1a: Weezing|[spread] p1a\n|-immune|p1b: Iron Jugulis\n|-supereffective|p1a: Weezing\n|-end|p1a: Weezing|Substitute\n|move|p1b: Iron Jugulis|Snarl|p2a: Amoonguss|[spread] p2a,p2b\n|-damage|p2a: Amoonguss|45/100\n|-damage|p2b: Depay|32/100\n|-unboost|p2a: Amoonguss|spa|1\n|-unboost|p2b: Depay|spa|1\n|move|p1a: Weezing|Sludge Bomb|p2b: Depay\n|-resisted|p2b: Depay\n|-damage|p2b: Depay|13/100\n|move|p2a: Amoonguss|Pollen Puff|p2b: Depay\n|-heal|p2b: Depay|63/100\n|\n|-heal|p1a: Weezing|99/100|[from] item: Leftovers\n|upkeep\n|turn|9\n|\n|t:|1771258977\n|switch|p2a: Van dijk|Tyranitar, M, tera:Flying|16/100 brn\n|move|p2b: Depay|Sandsear Storm|p1b: Iron Jugulis|[spread] p1a\n|-immune|p1b: Iron Jugulis\n|-supereffective|p1a: Weezing\n|-damage|p1a: Weezing|61/100\n|move|p1b: Iron Jugulis|Snarl|p2b: Depay|[spread] p2a,p2b\n|-damage|p2a: Van dijk|0 fnt\n|-damage|p2b: Depay|30/100\n|-unboost|p2b: Depay|spa|1\n|faint|p2a: Van dijk\n|move|p1a: Weezing|Substitute|p1a: Weezing\n|-start|p1a: Weezing|Substitute\n|-damage|p1a: Weezing|36/100\n|\n|-heal|p1a: Weezing|42/100|[from] item: Leftovers\n|upkeep\n|\n|t:|1771258999\n|switch|p2a: Vini Jr|Chien-Pao|100/100\n|turn|10\n|\n|t:|1771259007\n|switch|p2b: Amoonguss|Amoonguss, F|45/100\n|move|p2a: Vini Jr|Protect|p2a: Vini Jr\n|-singleturn|p2a: Vini Jr|Protect\n|move|p1b: Iron Jugulis|Snarl|p2a: Vini Jr|[spread] \n|-activate|p2a: Vini Jr|move: Protect\n|-miss|p1b: Iron Jugulis|p2b: Amoonguss\n|move|p1a: Weezing|Will-O-Wisp|p2a: Vini Jr\n|-activate|p2a: Vini Jr|move: Protect\n|\n|-heal|p1a: Weezing|48/100|[from] item: Leftovers\n|upkeep\n|turn|11\n|\n|t:|1771259023\n|move|p2a: Vini Jr|Ice Spinner|p1b: Iron Jugulis\n|-supereffective|p1b: Iron Jugulis\n|-damage|p1b: Iron Jugulis|10/100\n|move|p1b: Iron Jugulis|Snarl|p2a: Vini Jr|[spread] p2a,p2b\n|-resisted|p2a: Vini Jr\n|-damage|p2a: Vini Jr|79/100\n|-damage|p2b: Amoonguss|27/100\n|-unboost|p2a: Vini Jr|spa|1\n|-unboost|p2b: Amoonguss|spa|1\n|move|p1a: Weezing|Will-O-Wisp|p2a: Vini Jr\n|-status|p2a: Vini Jr|brn\n|move|p2b: Amoonguss|Pollen Puff|p1b: Iron Jugulis\n|-damage|p1b: Iron Jugulis|0 fnt\n|faint|p1b: Iron Jugulis\n|-end|p1b: Iron Jugulis|Quark Drive|[silent]\n|\n|-heal|p1a: Weezing|54/100|[from] item: Leftovers\n|-damage|p2a: Vini Jr|73/100 brn|[from] brn\n|upkeep\n|\n|t:|1771259040\n|switch|p1b: Iron Moth|Iron Moth|100/100\n|turn|12\n|-message|gil321 forfeited.\n|\n|win|I❤️娜禄forever\n|raw|I❤️娜禄forever's rating: 1575 &rarr; <strong>1602</strong><br />(+27 for winning)\n|raw|gil321's rating: 1706 &rarr; <strong>1679</strong><br />(-27 for losing)\n|l|☆gil321\n|player|p2|\n|l|☆I❤️娜禄forever\n|player|p1|\n", "uploadtime": 1771259444, "views": 8, "formatid": "gen9doublesou", "rating": 1602, "private": 0, "password": null}