{"id": "gen9doublesou-2540053869", "format": "[Gen 9] Doubles OU", "players": ["qwqwwqqwwq", "Poly love"], "log": "|badge|p2|bronze|gen9doublesou|100-8\n|uhtml|medal-msg|<div class=\"broadcast-blue\">Curious what those medals under the avatar are? PS now has Ladder Seasons! For more information, check out the <a href=\"https://www.smogon.com/forums/threads/3740067/\">thread on Smogon.</a></div>\n|j|☆qwqwwqqwwq\n|j|☆Poly love\n|t:|1771153248\n|gametype|doubles\n|player|p1|qwqwwqqwwq|hiker-gen4|1618\n|player|p2|Poly love|marnie-masters2|1790\n|gen|9\n|tier|[Gen 9] Doubles OU\n|rated|\n|rule|HP Percentage Mod: HP is shown in percentages\n|rule|Endless Battle Clause: Forcing endless battles is banned\n|rule|Species Clause: Limit one of each Pokémon\n|rule|OHKO Clause: OHKO moves are banned\n|rule|Evasion Moves Clause: Evasion moves are banned\n|rule|Gravity Sleep Clause: The combination of sleep-inducing moves with imperfect accuracy and Gravity or Gigantamax Orbeetle are banned\n|rule|Evasion Abilities Clause: Evasion abilities are banned\n|clearpoke\n|poke|p1|Lucario, F|\n|poke|p1|Thundurus, M|\n|poke|p1|Golem, F|\n|poke|p1|Scizor, F|\n|poke|p1|Chandelure, F|\n|poke|p1|Dragonite, F|\n|poke|p2|Tyranitar, F|\n|poke|p2|Ting-Lu|\n|poke|p2|Orthworm, F|\n|poke|p2|Houndstone, F|\n|poke|p2|Chien-Pao|\n|poke|p2|Glimmora, F|\n|teampreview\n|\n|t:|1771153272\n|teamsize|p1|6\n|teamsize|p2|6\n|start\n|switch|p1a: Thundurus|Thundurus, M|100/100\n|switch|p1b: Lucario|Lucario, F|100/100\n|switch|p2a: Spinner ball|Glimmora, F|100/100\n|switch|p2b: Stalling power|Ting-Lu|100/100\n|-ability|p2b: Stalling power|Vessel of Ruin\n|turn|1\n|\n|t:|1771153289\n|move|p1a: Thundurus|Nasty Plot|p1a: Thundurus\n|-boost|p1a: Thundurus|spa|2\n|move|p1b: Lucario|Aura Sphere|p2b: Stalling power\n|-supereffective|p2b: Stalling power\n|-damage|p2b: Stalling power|67/100\n|move|p2a: Spinner ball|Stealth Rock|p1b: Lucario\n|-sidestart|p1: qwqwwqqwwq|move: Stealth Rock\n|move|p2b: Stalling power|Whirlwind|p1b: Lucario\n|drag|p1b: Golem|Golem, F|100/100\n|-damage|p1b: Golem|95/100|[from] Stealth Rock\n|\n|-heal|p2b: Stalling power|73/100|[from] item: Leftovers\n|upkeep\n|turn|2\n|\n|t:|1771153307\n|move|p1a: Thundurus|Protect|p1a: Thundurus\n|-singleturn|p1a: Thundurus|Protect\n|move|p2a: Spinner ball|Power Gem|p1a: Thundurus\n|-activate|p1a: Thundurus|move: Protect\n|move|p1b: Golem|Earthquake|p2b: Stalling power|[spread] p2a,p2b\n|-activate|p1a: Thundurus|move: Protect\n|-supereffective|p2a: Spinner ball\n|-enditem|p2a: Spinner ball|Focus Sash\n|-damage|p2a: Spinner ball|1/100\n|-damage|p2b: Stalling power|52/100\n|-activate|p2a: Spinner ball|ability: Toxic Debris\n|-sidestart|p1: qwqwwqqwwq|move: Toxic Spikes\n|move|p2b: Stalling power|Earthquake|p1a: Thundurus|[spread] p2a,p1b\n|-activate|p1a: Thundurus|move: Protect\n|-supereffective|p2a: Spinner ball\n|-supereffective|p1b: Golem\n|-damage|p2a: Spinner ball|0 fnt\n|-damage|p1b: Golem|44/100\n|-activate|p2a: Spinner ball|ability: Toxic Debris\n|-sidestart|p1: qwqwwqqwwq|move: Toxic Spikes\n|-enditem|p1b: Golem|Weakness Policy\n|-boost|p1b: Golem|atk|2|[from] item: Weakness Policy\n|-boost|p1b: Golem|spa|2|[from] item: Weakness Policy\n|faint|p2a: Spinner ball\n|\n|-heal|p2b: Stalling power|58/100|[from] item: Leftovers\n|upkeep\n|\n|t:|1771153331\n|switch|p2a: Bite ice|Chien-Pao|100/100\n|-ability|p2a: Bite ice|Sword of Ruin\n|turn|3\n|\n|t:|1771153340\n|move|p2a: Bite ice|Protect|p2a: Bite ice\n|-singleturn|p2a: Bite ice|Protect\n|move|p1b: Golem|Wide Guard|p1b: Golem\n|-singleturn|p1b: Golem|Wide Guard\n|move|p1a: Thundurus|Discharge|p2a: Bite ice|[spread] \n|-activate|p1b: Golem|move: Wide Guard\n|-activate|p2a: Bite ice|move: Protect\n|-immune|p2b: Stalling power\n|move|p2b: Stalling power|Earthquake|p1a: Thundurus|[spread] \n|-activate|p1a: Thundurus|move: Wide Guard\n|-activate|p1b: Golem|move: Wide Guard\n|-activate|p2a: Bite ice|move: Protect\n|\n|-heal|p2b: Stalling power|64/100|[from] item: Leftovers\n|upkeep\n|turn|4\n|\n|t:|1771153356\n|move|p1b: Golem|Wide Guard|p1b: Golem\n|-singleturn|p1b: Golem|Wide Guard\n|move|p2a: Bite ice|Ice Spinner|p1b: Golem\n|-supereffective|p1b: Golem\n|-damage|p1b: Golem|0 fnt\n|faint|p1b: Golem\n|move|p1a: Thundurus|Discharge|p2a: Bite ice|[spread] p2a\n|-immune|p2b: Stalling power\n|-damage|p2a: Bite ice|21/100\n|move|p2b: Stalling power|Whirlwind|p1a: Thundurus\n|drag|p1a: Lucario|Lucario, F|100/100\n|-damage|p1a: Lucario|98/100|[from] Stealth Rock\n|\n|-heal|p2b: Stalling power|70/100|[from] item: Leftovers\n|upkeep\n|\n|t:|1771153370\n|switch|p1b: Scizor|Scizor, F|100/100\n|-damage|p1b: Scizor|88/100|[from] Stealth Rock\n|turn|5\n|\n|t:|1771153381\n|switch|p2a: Migajas|Orthworm, F|100/100\n|move|p1a: Lucario|Quick Guard|p1a: Lucario\n|-singleturn|p1a: Lucario|Quick Guard\n|move|p1b: Scizor|Bug Bite|p2b: Stalling power\n|-supereffective|p2b: Stalling power\n|-damage|p2b: Stalling power|19/100\n|move|p2b: Stalling power|Earthquake|p1b: Scizor|[spread] p1a,p1b\n|-immune|p2a: Migajas|[from] ability: Earth Eater\n|-supereffective|p1a: Lucario\n|-damage|p1a: Lucario|0 fnt\n|-damage|p1b: Scizor|51/100\n|faint|p1a: Lucario\n|\n|-heal|p2b: Stalling power|25/100|[from] item: Leftovers\n|upkeep\n|\n|t:|1771153396\n|switch|p1a: Chandelure|Chandelure, F|100/100\n|-damage|p1a: Chandelure|76/100|[from] Stealth Rock\n|-status|p1a: Chandelure|tox\n|turn|6\n|\n|t:|1771153405\n|-terastallize|p2a: Migajas|Fire\n|move|p1a: Chandelure|Taunt|p2a: Migajas\n|-start|p2a: Migajas|move: Taunt\n|move|p1b: Scizor|Bug Bite|p2b: Stalling power\n|-supereffective|p2b: Stalling power\n|-damage|p2b: Stalling power|0 fnt\n|faint|p2b: Stalling power\n|cant|p2a: Migajas|move: Taunt|Iron Defense\n|\n|-damage|p1a: Chandelure|70/100 tox|[from] psn\n|upkeep\n|\n|t:|1771153422\n|switch|p2b: Godzilla|Tyranitar, F|100/100\n|-weather|Sandstorm|[from] ability: Sand Stream|[of] p2b: Godzilla\n|turn|7\n|-message|qwqwwqqwwq forfeited.\n|\n|win|Poly love\n|raw|qwqwwqqwwq's rating: 1618 &rarr; <strong>1607</strong><br />(-11 for losing)\n|raw|Poly love's rating: 1790 &rarr; <strong>1801</strong><br />(+11 for winning)\n|l|☆qwqwwqqwwq\n|player|p1|\n|l|☆Poly love\n|player|p2|\n", "uploadtime": 1771153723, "views": 11, "formatid": "gen9doublesou", "rating": 1607, "private": 0, "password": null}