{"id": "gen9doublesou-2540927839", "format": "[Gen 9] Doubles OU", "players": ["opium 123", "Ori1"], "log": "|j|☆opium 123\n|j|☆Ori1\n|t:|1771267976\n|gametype|doubles\n|player|p1|opium 123|102|1571\n|player|p2|Ori1|unknown|1552\n|gen|9\n|tier|[Gen 9] Doubles OU\n|rated|\n|rule|HP Percentage Mod: HP is shown in percentages\n|rule|Endless Battle Clause: Forcing endless battles is banned\n|rule|Species Clause: Limit one of each Pokémon\n|rule|OHKO Clause: OHKO moves are banned\n|rule|Evasion Moves Clause: Evasion moves are banned\n|rule|Gravity Sleep Clause: The combination of sleep-inducing moves with imperfect accuracy and Gravity or Gigantamax Orbeetle are banned\n|rule|Evasion Abilities Clause: Evasion abilities are banned\n|clearpoke\n|poke|p1|Raging Bolt|\n|poke|p1|Walking Wake|\n|poke|p1|Gouging Fire|\n|poke|p1|Torkoal, M|\n|poke|p1|Metagross|\n|poke|p1|Sinistcha|\n|poke|p2|Gengar, M|\n|poke|p2|Mienshao, F|\n|poke|p2|Volcarona, M|\n|poke|p2|Kleavor, M|\n|poke|p2|Shaymin-Sky|\n|poke|p2|Dragonite, M|\n|teampreview\n|inactive|Battle timer is ON: inactive players will automatically lose when time's up. (requested by Ori1)\n|inactive|opium 123 also wants the timer to be on.\n|\n|t:|1771267988\n|teamsize|p1|6\n|teamsize|p2|6\n|start\n|switch|p1a: Metagross|Metagross, shiny|100/100\n|switch|p1b: Gouging Fire|Gouging Fire|100/100\n|switch|p2a: Gengar|Gengar, M|100/100\n|switch|p2b: Mienshao|Mienshao, F|100/100\n|-enditem|p1b: Gouging Fire|Booster Energy\n|-activate|p1b: Gouging Fire|ability: Protosynthesis|[fromitem]\n|-start|p1b: Gouging Fire|protosynthesisspe\n|turn|1\n|\n|t:|1771268000\n|move|p1b: Gouging Fire|Howl|p1b: Gouging Fire|[spread] p1a,p1b\n|-boost|p1a: Metagross|atk|1\n|-boost|p1b: Gouging Fire|atk|1\n|move|p2a: Gengar|Shadow Ball|p1a: Metagross\n|-supereffective|p1a: Metagross\n|-damage|p1a: Metagross|34/100\n|move|p2b: Mienshao|Close Combat|p1a: Metagross\n|-damage|p1a: Metagross|0 fnt\n|-unboost|p2b: Mienshao|def|1\n|-unboost|p2b: Mienshao|spd|1\n|faint|p1a: Metagross\n|\n|upkeep\n|inactive|opium 123 has 120 seconds left.\n|\n|t:|1771268028\n|switch|p1a: Sinistcha|Sinistcha|100/100\n|turn|2\n|\n|t:|1771268034\n|-terastallize|p1a: Sinistcha|Water\n|move|p2b: Mienshao|Wide Guard|p2b: Mienshao\n|-singleturn|p2b: Mienshao|Wide Guard\n|move|p1b: Gouging Fire|Breaking Swipe|p2b: Mienshao|[spread] \n|-activate|p2a: Gengar|move: Wide Guard\n|-activate|p2b: Mienshao|move: Wide Guard\n|move|p2a: Gengar|Imprison|p2a: Gengar\n|-start|p2a: Gengar|move: Imprison\n|move|p1a: Sinistcha|Matcha Gotcha|p2b: Mienshao|[spread] \n|-activate|p2a: Gengar|move: Wide Guard\n|-activate|p2b: Mienshao|move: Wide Guard\n|\n|upkeep\n|turn|3\n|\n|t:|1771268060\n|move|p2b: Mienshao|Wide Guard|p2b: Mienshao\n|-singleturn|p2b: Mienshao|Wide Guard\n|move|p1a: Sinistcha|Rage Powder|p1a: Sinistcha\n|-singleturn|p1a: Sinistcha|move: Rage Powder\n|move|p1b: Gouging Fire|Heat Crash|p2b: Mienshao\n|-damage|p2b: Mienshao|0 fnt\n|faint|p2b: Mienshao\n|move|p2a: Gengar|Sludge Bomb|p1a: Sinistcha\n|-damage|p1a: Sinistcha|44/100\n|-enditem|p1a: Sinistcha|Sitrus Berry|[eat]\n|-heal|p1a: Sinistcha|69/100|[from] item: Sitrus Berry\n|\n|upkeep\n|\n|t:|1771268069\n|switch|p2b: Dragonite|Dragonite, M|100/100\n|turn|4\n|\n|t:|1771268079\n|move|p1b: Gouging Fire|Breaking Swipe|p2a: Gengar|[spread] p2a,p2b\n|-supereffective|p2b: Dragonite\n|-damage|p2a: Gengar|38/100\n|-damage|p2b: Dragonite|67/100\n|-unboost|p2a: Gengar|atk|1\n|-unboost|p2b: Dragonite|atk|1\n|-enditem|p2b: Dragonite|Weakness Policy\n|-boost|p2b: Dragonite|atk|2|[from] item: Weakness Policy\n|-boost|p2b: Dragonite|spa|2|[from] item: Weakness Policy\n|move|p2a: Gengar|Sludge Bomb|p1b: Gouging Fire\n|-damage|p1b: Gouging Fire|55/100\n|move|p2b: Dragonite|Dragon Dance|p2b: Dragonite\n|-boost|p2b: Dragonite|atk|1\n|-boost|p2b: Dragonite|spe|1\n|move|p1a: Sinistcha|Matcha Gotcha|p2a: Gengar|[spread] p2a,p2b\n|-resisted|p2a: Gengar\n|-resisted|p2b: Dragonite\n|-damage|p2a: Gengar|11/100\n|-heal|p1a: Sinistcha|79/100|[from] drain|[of] p2a: Gengar\n|-damage|p2b: Dragonite|58/100\n|-heal|p1a: Sinistcha|84/100|[from] drain|[of] p2b: Dragonite\n|\n|upkeep\n|turn|5\n|inactive|opium 123 has 120 seconds left.\n|\n|t:|1771268110\n|move|p1b: Gouging Fire|Burning Bulwark|p1b: Gouging Fire\n|-singleturn|p1b: Gouging Fire|move: Protect\n|move|p2b: Dragonite|Dragon Claw|p1a: Sinistcha\n|-crit|p1a: Sinistcha\n|-damage|p1a: Sinistcha|0 fnt\n|faint|p1a: Sinistcha\n|move|p2a: Gengar|Shadow Ball|p1b: Gouging Fire\n|-activate|p1b: Gouging Fire|move: Protect\n|\n|upkeep\n|inactive|opium 123 has 120 seconds left.\n|\n|t:|1771268123\n|switch|p1a: Raging Bolt|Raging Bolt|100/100\n|turn|6\n|\n|t:|1771268141\n|-terastallize|p2b: Dragonite|Normal\n|move|p2b: Dragonite|Extreme Speed|p1b: Gouging Fire\n|-damage|p1b: Gouging Fire|0 fnt\n|faint|p1b: Gouging Fire\n|-end|p1b: Gouging Fire|Protosynthesis|[silent]\n|move|p2a: Gengar|Shadow Ball|p1a: Raging Bolt\n|-damage|p1a: Raging Bolt|65/100\n|move|p1a: Raging Bolt|Dragon Pulse|p2b: Dragonite\n|-damage|p2b: Dragonite|2/100\n|\n|-heal|p1a: Raging Bolt|72/100|[from] item: Leftovers\n|upkeep\n|inactive|opium 123 has 120 seconds left.\n|\n|t:|1771268153\n|switch|p1b: Torkoal|Torkoal, M|100/100\n|-weather|SunnyDay|[from] ability: Drought|[of] p1b: Torkoal\n|-activate|p1a: Raging Bolt|ability: Protosynthesis\n|-start|p1a: Raging Bolt|protosynthesisspa\n|turn|7\n|\n|t:|1771268164\n|move|p2b: Dragonite|Extreme Speed|p1a: Raging Bolt\n|-damage|p1a: Raging Bolt|0 fnt\n|faint|p1a: Raging Bolt\n|-end|p1a: Raging Bolt|Protosynthesis|[silent]\n|move|p2a: Gengar|Sludge Bomb|p1b: Torkoal\n|-damage|p1b: Torkoal|34/100\n|-status|p1b: Torkoal|psn\n|move|p1b: Torkoal|Heat Wave|p2b: Dragonite|[spread] p2a,p2b\n|-damage|p2a: Gengar|0 fnt\n|-damage|p2b: Dragonite|0 fnt\n|-start|p1b: Torkoal|Disable|Heat Wave|[from] ability: Cursed Body|[of] p2a: Gengar\n|faint|p2a: Gengar\n|faint|p2b: Dragonite\n|\n|-weather|SunnyDay|[upkeep]\n|-damage|p1b: Torkoal|21/100 psn|[from] psn\n|upkeep\n|\n|t:|1771268181\n|switch|p2a: Shaymin|Shaymin-Sky|100/100\n|switch|p2b: Kleavor|Kleavor, M|100/100\n|switch|p1a: Walking Wake|Walking Wake|100/100\n|-activate|p1a: Walking Wake|ability: Protosynthesis\n|-start|p1a: Walking Wake|protosynthesisspe\n|turn|8\n|\n|t:|1771268194\n|move|p1a: Walking Wake|Hydro Steam|p2b: Kleavor\n|-supereffective|p2b: Kleavor\n|-damage|p2b: Kleavor|0 fnt\n|faint|p2b: Kleavor\n|-damage|p1a: Walking Wake|91/100|[from] item: Life Orb\n|move|p2a: Shaymin|Tailwind|p2a: Shaymin\n|-sidestart|p2: Ori1|move: Tailwind\n|move|p1b: Torkoal|Eruption|p2a: Shaymin\n|-supereffective|p2a: Shaymin\n|-damage|p2a: Shaymin|44/100\n|\n|-weather|SunnyDay|[upkeep]\n|-damage|p1b: Torkoal|9/100 psn|[from] psn\n|upkeep\n|\n|t:|1771268207\n|switch|p2b: Volcarona|Volcarona, M|100/100\n|turn|9\n|\n|t:|1771268216\n|move|p2a: Shaymin|Seed Flare|p1a: Walking Wake|[miss]\n|-miss|p2a: Shaymin|p1a: Walking Wake\n|move|p1a: Walking Wake|Hydro Steam|p2b: Volcarona\n|-supereffective|p2b: Volcarona\n|-crit|p2b: Volcarona\n|-damage|p2b: Volcarona|0 fnt\n|faint|p2b: Volcarona\n|-damage|p1a: Walking Wake|81/100|[from] item: Life Orb\n|move|p1b: Torkoal|Eruption|p2a: Shaymin\n|-supereffective|p2a: Shaymin\n|-damage|p2a: Shaymin|21/100\n|\n|-weather|SunnyDay|[upkeep]\n|-damage|p1b: Torkoal|0 fnt|[from] psn\n|faint|p1b: Torkoal\n|upkeep\n|turn|10\n|\n|t:|1771268235\n|move|p2a: Shaymin|Seed Flare|p1a: Walking Wake|[miss]\n|-miss|p2a: Shaymin|p1a: Walking Wake\n|move|p1a: Walking Wake|Flamethrower|p2a: Shaymin\n|-supereffective|p2a: Shaymin\n|-damage|p2a: Shaymin|0 fnt\n|faint|p2a: Shaymin\n|-damage|p1a: Walking Wake|71/100|[from] item: Life Orb\n|\n|win|opium 123\n|raw|opium 123's rating: 1571 &rarr; <strong>1590</strong><br />(+19 for winning)\n|raw|Ori1's rating: 1552 &rarr; <strong>1533</strong><br />(-19 for losing)\n|l|☆Ori1\n|player|p2|\n|l|☆opium 123\n|player|p1|\n", "uploadtime": 1771268508, "views": 1, "formatid": "gen9doublesou", "rating": 1533, "private": 0, "password": null}