{"id": "gen9doublesou-2640033633", "format": "[Gen 9] Doubles OU", "players": ["Sting Officer", "lolk"], "log": "|j|☆Sting Officer\n|j|☆lolk\n|t:|1782567273\n|gametype|doubles\n|player|p1|Sting Officer|winona|1553\n|player|p2|lolk|petrel|1607\n|gen|9\n|tier|[Gen 9] Doubles OU\n|rated|\n|rule|HP Percentage Mod: HP is shown in percentages\n|rule|Endless Battle Clause: Forcing endless battles is banned\n|rule|Species Clause: Limit one of each Pokémon\n|rule|OHKO Clause: OHKO moves are banned\n|rule|Evasion Moves Clause: Evasion moves are banned\n|rule|Gravity Sleep Clause: The combination of sleep-inducing moves with imperfect accuracy and Gravity or Gigantamax Orbeetle are banned\n|rule|Evasion Abilities Clause: Evasion abilities are banned\n|clearpoke\n|poke|p1|Goodra-Hisui, M|\n|poke|p1|Tsareena, F|\n|poke|p1|Tyranitar, F|\n|poke|p1|Glimmora, F|\n|poke|p1|Spectrier|\n|poke|p1|Flamigo, M|\n|poke|p2|Clodsire, M|\n|poke|p2|Cresselia, F|\n|poke|p2|Incineroar, F|\n|poke|p2|Dragonite, F|\n|poke|p2|Gholdengo|\n|poke|p2|Kommo-o, M|\n|teampreview\n|inactive|Battle timer is ON: inactive players will automatically lose when time's up. (requested by Sting Officer)\n|\n|t:|1782567316\n|teamsize|p1|6\n|teamsize|p2|6\n|start\n|switch|p1a: Tyranitar|Tyranitar, F|100/100\n|switch|p1b: Glimmora|Glimmora, F|100/100\n|switch|p2a: Gholdengo|Gholdengo|100/100\n|switch|p2b: Incineroar|Incineroar, F|100/100\n|-weather|Sandstorm|[from] ability: Sand Stream|[of] p1a: Tyranitar\n|-ability|p2b: Incineroar|Intimidate|boost\n|-unboost|p1a: Tyranitar|atk|1\n|-unboost|p1b: Glimmora|atk|1\n|turn|1\n|\n|t:|1782567344\n|switch|p1b: rAdiish|Tsareena, F|100/100\n|-terastallize|p1a: Tyranitar|Ground\n|move|p2b: Incineroar|Fake Out||[still]\n|cant|p1b: rAdiish|ability: Queenly Majesty|Fake Out|[of] p2b: Incineroar\n|move|p2a: Gholdengo|Make It Rain|p1b: rAdiish|[spread] p1a,p1b\n|-damage|p1a: Tyranitar|57/100\n|-damage|p1b: rAdiish|38/100\n|-unboost|p2a: Gholdengo|spa|1\n|move|p1a: Tyranitar|Earthquake|p2b: Incineroar|[spread] p1b,p2a,p2b\n|-resisted|p1b: rAdiish\n|-supereffective|p2a: Gholdengo\n|-supereffective|p2b: Incineroar\n|-damage|p1b: rAdiish|22/100\n|-damage|p2a: Gholdengo|32/100\n|-damage|p2b: Incineroar|44/100\n|\n|-weather|Sandstorm|[upkeep]\n|-damage|p1b: rAdiish|16/100|[from] Sandstorm\n|-damage|p2b: Incineroar|38/100|[from] Sandstorm\n|upkeep\n|turn|2\n|inactive|lolk has 120 seconds left.\n|\n|t:|1782567393\n|switch|p2b: Cresselia|Cresselia, F|100/100\n|move|p2a: Gholdengo|Make It Rain|p1b: rAdiish|[spread] p1a,p1b\n|-damage|p1a: Tyranitar|28/100\n|-damage|p1b: rAdiish|0 fnt\n|-unboost|p2a: Gholdengo|spa|1\n|faint|p1b: rAdiish\n|move|p1a: Tyranitar|Earthquake|p2a: Gholdengo|[spread] p2a\n|-immune|p2b: Cresselia|[from] ability: Levitate\n|-supereffective|p2a: Gholdengo\n|-crit|p2a: Gholdengo\n|-damage|p2a: Gholdengo|0 fnt\n|faint|p2a: Gholdengo\n|\n|-weather|Sandstorm|[upkeep]\n|-damage|p2b: Cresselia|94/100|[from] Sandstorm\n|upkeep\n|inactive|Sting Officer has 120 seconds left.\n|inactive|lolk has 90 seconds left.\n|\n|t:|1782567428\n|switch|p2a: Kommo-o|Kommo-o, M|100/100\n|switch|p1b: Spectrier|Spectrier|100/100\n|turn|3\n|inactive|lolk has 90 seconds left.\n|\n|t:|1782567453\n|move|p1b: Spectrier|Draining Kiss|p2a: Kommo-o\n|-supereffective|p2a: Kommo-o\n|-damage|p2a: Kommo-o|11/100\n|-enditem|p2a: Kommo-o|Iapapa Berry|[eat]\n|-heal|p2a: Kommo-o|45/100|[from] item: Iapapa Berry\n|move|p2a: Kommo-o|Clangorous Soul|p2a: Kommo-o\n|-boost|p2a: Kommo-o|atk|1\n|-boost|p2a: Kommo-o|def|1\n|-boost|p2a: Kommo-o|spa|1\n|-boost|p2a: Kommo-o|spd|1\n|-boost|p2a: Kommo-o|spe|1\n|-damage|p2a: Kommo-o|12/100\n|move|p2b: Cresselia|Lunar Blessing|p2b: Cresselia|[spread] p2a,p2b\n|-heal|p2a: Kommo-o|37/100\n|-heal|p2b: Cresselia|100/100\n|move|p1a: Tyranitar|Knock Off|p2b: Cresselia\n|-supereffective|p2b: Cresselia\n|-damage|p2b: Cresselia|57/100\n|-enditem|p2b: Cresselia|Mental Herb|[from] move: Knock Off|[of] p1a: Tyranitar\n|\n|-weather|Sandstorm|[upkeep]\n|-damage|p1b: Spectrier|94/100|[from] Sandstorm\n|-damage|p2b: Cresselia|51/100|[from] Sandstorm\n|upkeep\n|turn|4\n|inactive|lolk has 90 seconds left.\n|\n|t:|1782567479\n|move|p2b: Cresselia|Helping Hand|p2a: Kommo-o\n|-singleturn|p2a: Kommo-o|Helping Hand|[of] p2b: Cresselia\n|move|p1b: Spectrier|Draining Kiss|p2a: Kommo-o\n|-supereffective|p2a: Kommo-o\n|-damage|p2a: Kommo-o|0 fnt\n|-heal|p1b: Spectrier|100/100|[from] drain|[of] p2a: Kommo-o\n|faint|p2a: Kommo-o\n|-ability|p1b: Spectrier|Grim Neigh|boost\n|-boost|p1b: Spectrier|spa|1\n|move|p1a: Tyranitar|Stealth Rock|p2b: Cresselia\n|-sidestart|p2: lolk|move: Stealth Rock\n|\n|-weather|Sandstorm|[upkeep]\n|-damage|p1b: Spectrier|94/100|[from] Sandstorm\n|-damage|p2b: Cresselia|45/100|[from] Sandstorm\n|upkeep\n|\n|t:|1782567491\n|switch|p2a: Clodsire|Clodsire, M|100/100\n|-damage|p2a: Clodsire|94/100|[from] Stealth Rock\n|turn|5\n|\n|t:|1782567513\n|switch|p1b: Flamigo|Flamigo, M|100/100\n|-copyboost|p1b: Flamigo|p1a: Tyranitar|[from] ability: Costar\n|switch|p1a: Glimmora|Glimmora, F|100/100\n|move|p2a: Clodsire|Curse|p2a: Clodsire\n|-unboost|p2a: Clodsire|spe|1\n|-boost|p2a: Clodsire|atk|1\n|-boost|p2a: Clodsire|def|1\n|move|p2b: Cresselia|Trick Room|p2b: Cresselia\n|-fieldstart|move: Trick Room|[of] p2b: Cresselia\n|\n|-weather|none\n|-heal|p2a: Clodsire|100/100|[from] item: Black Sludge\n|upkeep\n|turn|6\n|inactive|lolk has 90 seconds left.\n|\n|t:|1782567543\n|move|p1b: Flamigo|Detect|p1b: Flamigo\n|-singleturn|p1b: Flamigo|Protect\n|move|p2a: Clodsire|Curse|p2a: Clodsire\n|-unboost|p2a: Clodsire|spe|1\n|-boost|p2a: Clodsire|atk|1\n|-boost|p2a: Clodsire|def|1\n|move|p2b: Cresselia|Psychic|p1b: Flamigo\n|-activate|p1b: Flamigo|move: Protect\n|move|p1a: Glimmora|Mortal Spin|p2b: Cresselia|[spread] p2a,p2b\n|-resisted|p2a: Clodsire\n|-damage|p2a: Clodsire|99/100\n|-damage|p2b: Cresselia|42/100\n|-status|p2b: Cresselia|psn\n|\n|-heal|p2a: Clodsire|100/100|[from] item: Black Sludge\n|-damage|p2b: Cresselia|29/100 psn|[from] psn\n|upkeep\n|turn|7\n|\n|t:|1782567564\n|switch|p1b: Tyranitar|Tyranitar, F, tera:Ground|28/100\n|-weather|Sandstorm|[from] ability: Sand Stream|[of] p1b: Tyranitar\n|move|p2a: Clodsire|Earthquake|p1a: Glimmora|[spread] p1a,p1b\n|-immune|p2b: Cresselia|[from] ability: Levitate\n|-supereffective|p1a: Glimmora\n|-enditem|p1a: Glimmora|Focus Sash\n|-damage|p1a: Glimmora|1/100\n|-damage|p1b: Tyranitar|0 fnt\n|-activate|p1a: Glimmora|ability: Toxic Debris\n|-sidestart|p2: lolk|move: Toxic Spikes\n|faint|p1b: Tyranitar\n|move|p2b: Cresselia|Lunar Blessing|p2b: Cresselia|[spread] p2a,p2b\n|-heal|p2b: Cresselia|54/100 psn\n|-curestatus|p2b: Cresselia|psn|[msg]\n|move|p1a: Glimmora|Sludge Bomb|p2b: Cresselia\n|-damage|p2b: Cresselia|33/100\n|-status|p2b: Cresselia|psn\n|\n|-weather|Sandstorm|[upkeep]\n|-damage|p2b: Cresselia|27/100 psn|[from] Sandstorm\n|-damage|p2b: Cresselia|14/100 psn|[from] psn\n|upkeep\n|inactive|Sting Officer has 120 seconds left.\n|\n|t:|1782567588\n|switch|p1b: Flamigo|Flamigo, M|100/100\n|-copyboost|p1b: Flamigo|p1a: Glimmora|[from] ability: Costar\n|turn|8\n|inactive|lolk has 120 seconds left.\n|\n|t:|1782567600\n|switch|p1b: Goodra|Goodra-Hisui, M|100/100\n|-item|p1b: Goodra|Air Balloon\n|move|p1a: Glimmora|Spiky Shield|p1a: Glimmora\n|-singleturn|p1a: Glimmora|move: Protect\n|move|p2a: Clodsire|Earthquake|p1a: Glimmora|[spread] \n|-activate|p1a: Glimmora|move: Protect\n|-immune|p2b: Cresselia|[from] ability: Levitate\n|-immune|p1b: Goodra\n|move|p2b: Cresselia|Lunar Blessing|p2b: Cresselia|[spread] p2a,p2b\n|-heal|p2b: Cresselia|40/100 psn\n|-curestatus|p2b: Cresselia|psn|[msg]\n|\n|-weather|Sandstorm|[upkeep]\n|-damage|p2b: Cresselia|33/100|[from] Sandstorm\n|upkeep\n|turn|9\n|\n|t:|1782567626\n|switch|p1a: Flamigo|Flamigo, M|100/100\n|-copyboost|p1a: Flamigo|p1b: Goodra|[from] ability: Costar\n|move|p2a: Clodsire|Poison Jab|p1a: Flamigo\n|-damage|p1a: Flamigo|31/100\n|move|p2b: Cresselia|Psychic|p1b: Goodra\n|-resisted|p1b: Goodra\n|-crit|p1b: Goodra\n|-damage|p1b: Goodra|88/100\n|-unboost|p1b: Goodra|spd|1\n|-enditem|p1b: Goodra|Air Balloon\n|move|p1b: Goodra|Dragon Tail|p2b: Cresselia\n|-damage|p2b: Cresselia|16/100\n|drag|p2b: Dragonite|Dragonite, F|100/100\n|-damage|p2b: Dragonite|76/100|[from] Stealth Rock\n|\n|-weather|Sandstorm|[upkeep]\n|-damage|p2b: Dragonite|69/100|[from] Sandstorm\n|-damage|p1a: Flamigo|25/100|[from] Sandstorm\n|-fieldend|move: Trick Room\n|upkeep\n|turn|10\n|inactive|lolk has 120 seconds left.\n|\n|t:|1782567661\n|move|p1a: Flamigo|Detect|p1a: Flamigo\n|-singleturn|p1a: Flamigo|Protect\n|move|p2b: Dragonite|Dragon Claw|p1b: Goodra\n|-damage|p1b: Goodra|26/100\n|move|p1b: Goodra|Dragon Claw|p2b: Dragonite\n|-supereffective|p2b: Dragonite\n|-damage|p2b: Dragonite|0 fnt\n|faint|p2b: Dragonite\n|move|p2a: Clodsire|Earthquake|p1a: Flamigo|[spread] p1b\n|-activate|p1a: Flamigo|move: Protect\n|-supereffective|p1b: Goodra\n|-damage|p1b: Goodra|0 fnt\n|faint|p1b: Goodra\n|\n|-weather|Sandstorm|[upkeep]\n|-damage|p1a: Flamigo|19/100|[from] Sandstorm\n|upkeep\n|inactive|lolk has 120 seconds left.\n|inactive|Sting Officer has 120 seconds left.\n|\n|t:|1782567679\n|switch|p2b: Incineroar|Incineroar, F|38/100\n|switch|p1b: Spectrier|Spectrier|94/100\n|-ability|p2b: Incineroar|Intimidate|boost\n|-unboost|p1a: Flamigo|atk|1\n|-unboost|p1b: Spectrier|atk|1\n|turn|11\n|inactive|lolk has 120 seconds left.\n|inactive|Sting Officer has 120 seconds left.\n|inactive|lolk has 90 seconds left.\n|\n|t:|1782567738\n|switch|p1a: Glimmora|Glimmora, F|1/100\n|move|p2b: Incineroar|Fake Out|p1a: Glimmora\n|-resisted|p1a: Glimmora\n|-damage|p1a: Glimmora|0 fnt\n|-activate|p1a: Glimmora|ability: Toxic Debris\n|-sidestart|p2: lolk|move: Toxic Spikes\n|faint|p1a: Glimmora\n|move|p1b: Spectrier|Shadow Ball|p2a: Clodsire\n|-damage|p2a: Clodsire|74/100\n|-unboost|p2a: Clodsire|spd|1\n|move|p2a: Clodsire|Curse|p2a: Clodsire\n|-unboost|p2a: Clodsire|spe|1\n|-boost|p2a: Clodsire|atk|1\n|-boost|p2a: Clodsire|def|1\n|\n|-weather|none\n|-heal|p2a: Clodsire|80/100|[from] item: Black Sludge\n|upkeep\n|\n|t:|1782567754\n|switch|p1a: Flamigo|Flamigo, M|19/100\n|-copyboost|p1a: Flamigo|p1b: Spectrier|[from] ability: Costar\n|turn|12\n|inactive|lolk has 90 seconds left.\n|inactive|lolk has 60 seconds left.\n|\n|t:|1782567809\n|move|p1b: Spectrier|Shadow Ball|p2a: Clodsire\n|-damage|p2a: Clodsire|37/100\n|move|p1a: Flamigo|Close Combat|p2b: Incineroar\n|-supereffective|p2b: Incineroar\n|-damage|p2b: Incineroar|0 fnt\n|-unboost|p1a: Flamigo|def|1\n|-unboost|p1a: Flamigo|spd|1\n|faint|p2b: Incineroar\n|move|p2a: Clodsire|Poison Jab|p1a: Flamigo\n|-damage|p1a: Flamigo|0 fnt\n|faint|p1a: Flamigo\n|\n|-heal|p2a: Clodsire|43/100|[from] item: Black Sludge\n|upkeep\n|inactive|lolk has 60 seconds left.\n|\n|t:|1782567822\n|switch|p2b: Cresselia|Cresselia, F|16/100\n|-damage|p2b: Cresselia|4/100|[from] Stealth Rock\n|turn|13\n|\n|t:|1782567830\n|move|p2a: Clodsire|Protect|p2a: Clodsire\n|-singleturn|p2a: Clodsire|Protect\n|move|p1b: Spectrier|Shadow Ball|p2b: Cresselia\n|-supereffective|p2b: Cresselia\n|-damage|p2b: Cresselia|0 fnt\n|faint|p2b: Cresselia\n|-ability|p1b: Spectrier|Grim Neigh|boost\n|-boost|p1b: Spectrier|spa|1\n|\n|-heal|p2a: Clodsire|50/100|[from] item: Black Sludge\n|upkeep\n|turn|14\n|-message|lolk forfeited.\n|\n|win|Sting Officer\n|raw|Sting Officer's rating: 1553 &rarr; <strong>1576</strong><br />(+23 for winning)\n|raw|lolk's rating: 1607 &rarr; <strong>1584</strong><br />(-23 for losing)\n|l|☆lolk\n|player|p2|\n|l|☆Sting Officer\n|player|p1|\n", "uploadtime": 1782567981, "views": 1, "formatid": "gen9doublesou", "rating": 1576, "private": 0, "password": null}