{"id": "gen9doublesou-2539952805", "format": "[Gen 9] Doubles OU", "players": ["el cien", "biryanilover"], "log": "|j|‽el cien\n|j|☆biryanilover\n|t:|1771132489\n|gametype|doubles\n|player|p1|el cien|baker|1645\n|player|p2|biryanilover|169|1539\n|gen|9\n|tier|[Gen 9] Doubles OU\n|rated|\n|rule|HP Percentage Mod: HP is shown in percentages\n|rule|Endless Battle Clause: Forcing endless battles is banned\n|rule|Species Clause: Limit one of each Pokémon\n|rule|OHKO Clause: OHKO moves are banned\n|rule|Evasion Moves Clause: Evasion moves are banned\n|rule|Gravity Sleep Clause: The combination of sleep-inducing moves with imperfect accuracy and Gravity or Gigantamax Orbeetle are banned\n|rule|Evasion Abilities Clause: Evasion abilities are banned\n|clearpoke\n|poke|p1|Spectrier|\n|poke|p1|Chi-Yu|\n|poke|p1|Landorus-Therian, M|\n|poke|p1|Ogerpon-Wellspring, F|\n|poke|p1|Whimsicott, M|\n|poke|p1|Iron Hands|\n|poke|p2|Ogerpon-Hearthflame, F|\n|poke|p2|Rillaboom, F|\n|poke|p2|Incineroar, M|\n|poke|p2|Ursaluna-Bloodmoon, M|\n|poke|p2|Tornadus, M|\n|poke|p2|Farigiraf, M|\n|teampreview\n|inactive|Battle timer is ON: inactive players will automatically lose when time's up. (requested by biryanilover)\n|\n|t:|1771132511\n|teamsize|p1|6\n|teamsize|p2|6\n|start\n|switch|p1a: Landorus|Landorus-Therian, M|100/100\n|switch|p1b: Spectrier|Spectrier|100/100\n|switch|p2a: Ursaluna|Ursaluna-Bloodmoon, M|100/100\n|switch|p2b: Tornadus|Tornadus, M|100/100\n|-ability|p1a: Landorus|Intimidate|boost\n|-unboost|p2a: Ursaluna|atk|1\n|-unboost|p2b: Tornadus|atk|1\n|turn|1\n|\n|t:|1771132522\n|-terastallize|p2a: Ursaluna|Normal\n|move|p2b: Tornadus|Tailwind|p2b: Tornadus\n|-sidestart|p2: biryanilover|move: Tailwind\n|move|p1a: Landorus|Stealth Rock|p2b: Tornadus\n|-sidestart|p2: biryanilover|move: Stealth Rock\n|move|p1b: Spectrier|Snarl|p2a: Ursaluna|[spread] p2a\n|-miss|p1b: Spectrier|p2b: Tornadus\n|-damage|p2a: Ursaluna|67/100\n|-unboost|p2a: Ursaluna|spa|1\n|move|p2a: Ursaluna|Blood Moon|p1b: Spectrier\n|-damage|p1b: Spectrier|0 fnt\n|faint|p1b: Spectrier\n|-damage|p2a: Ursaluna|57/100|[from] item: Life Orb\n|\n|upkeep\n|c|☆biryanilover|scarf rocks is supid\n|\n|t:|1771132544\n|switch|p1b: Iron Hands|Iron Hands|100/100\n|turn|2\n|\n|t:|1771132556\n|switch|p2b: Farigiraf|Farigiraf, M|100/100\n|-damage|p2b: Farigiraf|88/100|[from] Stealth Rock\n|switch|p1a: Whimsicott|Whimsicott, M|100/100\n|move|p1b: Iron Hands|Fake Out||[still]\n|cant|p2b: Farigiraf|ability: Armor Tail|Fake Out|[of] p1b: Iron Hands\n|move|p2a: Ursaluna|Earth Power|p1b: Iron Hands\n|-supereffective|p1b: Iron Hands\n|-damage|p1b: Iron Hands|58/100\n|-damage|p2a: Ursaluna|47/100|[from] item: Life Orb\n|\n|upkeep\n|turn|3\n|\n|t:|1771132576\n|switch|p2a: Incineroar|Incineroar, M|100/100\n|-ability|p2a: Incineroar|Intimidate|boost\n|-unboost|p1a: Whimsicott|atk|1\n|-unboost|p1b: Iron Hands|atk|1\n|move|p1a: Whimsicott|Moonblast|p2b: Farigiraf\n|-damage|p2b: Farigiraf|62/100\n|move|p1b: Iron Hands|Close Combat|p2b: Farigiraf\n|-damage|p2b: Farigiraf|19/100\n|-unboost|p1b: Iron Hands|def|1\n|-unboost|p1b: Iron Hands|spd|1\n|move|p2b: Farigiraf|Trick Room|p2b: Farigiraf\n|-fieldstart|move: Trick Room|[of] p2b: Farigiraf\n|\n|upkeep\n|turn|4\n|\n|t:|1771132602\n|-end|p1b: Iron Hands|Quark Drive|[silent]\n|switch|p1b: Landorus|Landorus-Therian, M|100/100\n|-ability|p1b: Landorus|Intimidate|boost\n|-unboost|p2a: Incineroar|atk|1\n|-unboost|p2b: Farigiraf|atk|1\n|move|p2b: Farigiraf|Hyper Voice|p1a: Whimsicott|[spread] p1a,p1b\n|-damage|p1a: Whimsicott|54/100\n|-damage|p1b: Landorus|67/100\n|-enditem|p2b: Farigiraf|Throat Spray\n|-boost|p2b: Farigiraf|spa|1|[from] item: Throat Spray\n|move|p2a: Incineroar|Flare Blitz|p1b: Landorus\n|-damage|p1b: Landorus|33/100\n|-damage|p2a: Incineroar|91/100|[from] Recoil\n|move|p1a: Whimsicott|Moonblast|p2b: Farigiraf\n|-damage|p2b: Farigiraf|0 fnt\n|faint|p2b: Farigiraf\n|\n|-sideend|p2: biryanilover|move: Tailwind\n|upkeep\n|\n|t:|1771132606\n|switch|p2b: Ursaluna|Ursaluna-Bloodmoon, M, tera:Normal|47/100\n|-damage|p2b: Ursaluna|35/100|[from] Stealth Rock\n|turn|5\n|\n|t:|1771132624\n|switch|p1a: Iron Hands|Iron Hands|58/100\n|move|p2a: Incineroar|Flare Blitz|p1a: Iron Hands\n|-damage|p1a: Iron Hands|37/100\n|-damage|p2a: Incineroar|83/100|[from] Recoil\n|move|p2b: Ursaluna|Hyper Voice|p1b: Landorus|[spread] p1a,p1b\n|-damage|p1a: Iron Hands|2/100\n|-damage|p1b: Landorus|0 fnt\n|faint|p1b: Landorus\n|-damage|p2b: Ursaluna|25/100|[from] item: Life Orb\n|\n|upkeep\n|\n|t:|1771132638\n|switch|p1b: Ogerpon|Ogerpon-Wellspring, F|100/100\n|turn|6\n|\n|t:|1771132655\n|switch|p2b: Rillaboom|Rillaboom, F|100/100\n|-damage|p2b: Rillaboom|88/100|[from] Stealth Rock\n|-fieldstart|move: Grassy Terrain|[from] ability: Grassy Surge|[of] p2b: Rillaboom\n|move|p1a: Iron Hands|Fake Out|p2b: Rillaboom\n|-damage|p2b: Rillaboom|75/100\n|move|p2a: Incineroar|Knock Off|p1a: Iron Hands\n|-resisted|p1a: Iron Hands\n|-damage|p1a: Iron Hands|0 fnt\n|-enditem|p1a: Iron Hands|Assault Vest|[from] move: Knock Off|[of] p2a: Incineroar\n|faint|p1a: Iron Hands\n|-end|p1a: Iron Hands|Quark Drive|[silent]\n|move|p1b: Ogerpon|Ivy Cudgel|p2a: Incineroar|[anim] Ivy Cudgel Water\n|-supereffective|p2a: Incineroar\n|-damage|p2a: Incineroar|0 fnt\n|faint|p2a: Incineroar\n|\n|-heal|p2b: Rillaboom|81/100|[from] Grassy Terrain\n|upkeep\n|\n|t:|1771132671\n|switch|p2a: Ursaluna|Ursaluna-Bloodmoon, M, tera:Normal|25/100\n|switch|p1a: Whimsicott|Whimsicott, M|54/100\n|-damage|p2a: Ursaluna|12/100|[from] Stealth Rock\n|turn|7\n|\n|t:|1771132680\n|move|p1b: Ogerpon|Spiky Shield|p1b: Ogerpon\n|-singleturn|p1b: Ogerpon|move: Protect\n|move|p2b: Rillaboom|Fake Out|p1a: Whimsicott\n|-crit|p1a: Whimsicott\n|-damage|p1a: Whimsicott|20/100\n|cant|p1a: Whimsicott|flinch\n|move|p2a: Ursaluna|Hyper Voice|p1b: Ogerpon|[spread] p1a\n|-activate|p1b: Ogerpon|move: Protect\n|-damage|p1a: Whimsicott|0 fnt\n|faint|p1a: Whimsicott\n|-damage|p2a: Ursaluna|3/100|[from] item: Life Orb\n|\n|-heal|p2a: Ursaluna|9/100|[from] Grassy Terrain\n|-heal|p2b: Rillaboom|87/100|[from] Grassy Terrain\n|-fieldend|move: Trick Room\n|upkeep\n|\n|t:|1771132687\n|switch|p1a: Chi-Yu|Chi-Yu|100/100\n|-ability|p1a: Chi-Yu|Beads of Ruin\n|turn|8\n|\n|t:|1771132708\n|move|p2a: Ursaluna|Protect|p2a: Ursaluna\n|-singleturn|p2a: Ursaluna|Protect\n|move|p2b: Rillaboom|Grassy Glide|p1b: Ogerpon\n|-damage|p1b: Ogerpon|57/100\n|move|p1b: Ogerpon|Ivy Cudgel|p2a: Ursaluna|[anim] Ivy Cudgel Water\n|-activate|p2a: Ursaluna|move: Protect\n|move|p1a: Chi-Yu|Nasty Plot|p1a: Chi-Yu\n|-boost|p1a: Chi-Yu|spa|2\n|\n|-heal|p1b: Ogerpon|63/100|[from] Grassy Terrain\n|-heal|p2b: Rillaboom|93/100|[from] Grassy Terrain\n|-heal|p2a: Ursaluna|15/100|[from] Grassy Terrain\n|upkeep\n|turn|9\n|\n|t:|1771132723\n|move|p1b: Ogerpon|Spiky Shield|p1b: Ogerpon\n|-singleturn|p1b: Ogerpon|move: Protect\n|move|p2b: Rillaboom|Grassy Glide|p1b: Ogerpon\n|-activate|p1b: Ogerpon|move: Protect\n|-damage|p2b: Rillaboom|81/100|[from] Spiky Shield|[of] p1b: Ogerpon\n|move|p1a: Chi-Yu|Heat Wave|p2b: Rillaboom|[spread] p2a\n|-miss|p1a: Chi-Yu|p2b: Rillaboom\n|-damage|p2a: Ursaluna|0 fnt\n|faint|p2a: Ursaluna\n|\n|-heal|p1b: Ogerpon|69/100|[from] Grassy Terrain\n|-heal|p2b: Rillaboom|87/100|[from] Grassy Terrain\n|upkeep\n|\n|t:|1771132731\n|switch|p2a: Tornadus|Tornadus, M|100/100\n|-damage|p2a: Tornadus|76/100|[from] Stealth Rock\n|turn|10\n|\n|t:|1771132749\n|-terastallize|p1b: Ogerpon|Water\n|detailschange|p1b: Ogerpon|Ogerpon-Wellspring-Tera, F, tera:Water\n|-ability|p1b: Ogerpon|Embody Aspect (Wellspring)|boost\n|-boost|p1b: Ogerpon|spd|1\n|move|p1b: Ogerpon|Spiky Shield|p1b: Ogerpon\n|-singleturn|p1b: Ogerpon|move: Protect\n|move|p2a: Tornadus|Tailwind|p2a: Tornadus\n|-sidestart|p2: biryanilover|move: Tailwind\n|move|p2b: Rillaboom|Wood Hammer|p1a: Chi-Yu\n|-resisted|p1a: Chi-Yu\n|-damage|p1a: Chi-Yu|49/100\n|-enditem|p1a: Chi-Yu|Sitrus Berry|[eat]\n|-heal|p1a: Chi-Yu|74/100|[from] item: Sitrus Berry\n|-damage|p2b: Rillaboom|74/100|[from] Recoil\n|move|p1a: Chi-Yu|Heat Wave|p2b: Rillaboom|[spread] p2b\n|-miss|p1a: Chi-Yu|p2a: Tornadus\n|-supereffective|p2b: Rillaboom\n|-damage|p2b: Rillaboom|0 fnt\n|faint|p2b: Rillaboom\n|\n|-heal|p1b: Ogerpon|75/100|[from] Grassy Terrain\n|-heal|p1a: Chi-Yu|80/100|[from] Grassy Terrain\n|-fieldend|move: Grassy Terrain\n|upkeep\n|\n|t:|1771132760\n|switch|p2b: Ogerpon|Ogerpon-Hearthflame, F|100/100\n|-damage|p2b: Ogerpon|76/100|[from] Stealth Rock\n|-ability|p2b: Ogerpon|Mold Breaker\n|turn|11\n|\n|t:|1771132774\n|move|p1b: Ogerpon|Spiky Shield||[still]\n|-fail|p1b: Ogerpon\n|move|p1a: Chi-Yu|Protect|p1a: Chi-Yu\n|-singleturn|p1a: Chi-Yu|Protect\n|move|p2a: Tornadus|Bleakwind Storm|p1a: Chi-Yu|[spread] p1b\n|-activate|p1a: Chi-Yu|move: Protect\n|-damage|p1b: Ogerpon|41/100\n|-unboost|p1b: Ogerpon|spe|1\n|move|p2b: Ogerpon|Grassy Glide|p1b: Ogerpon\n|-supereffective|p1b: Ogerpon\n|-damage|p1b: Ogerpon|0 fnt\n|faint|p1b: Ogerpon\n|detailschange|p1: Ogerpon|Ogerpon-Wellspring, F|[silent]\n|\n|upkeep\n|turn|12\n|\n|t:|1771132788\n|move|p2a: Tornadus|Bleakwind Storm|p1a: Chi-Yu\n|-damage|p1a: Chi-Yu|29/100\n|move|p2b: Ogerpon|Ivy Cudgel|p1a: Chi-Yu|[anim] Ivy Cudgel Fire\n|-resisted|p1a: Chi-Yu\n|-damage|p1a: Chi-Yu|0 fnt\n|faint|p1a: Chi-Yu\n|\n|win|biryanilover\n|raw|el cien's rating: 1645 &rarr; <strong>1619</strong><br />(-26 for losing)\n|raw|biryanilover's rating: 1539 &rarr; <strong>1565</strong><br />(+26 for winning)\n|l|‽el cien\n|player|p1|\n|l|☆biryanilover\n|player|p2|\n", "uploadtime": 1771133148, "views": 16, "formatid": "gen9doublesou", "rating": 1565, "private": 0, "password": null}