{"id": "gen9doublesou-2540255970", "format": "[Gen 9] Doubles OU", "players": ["Jon Mateo", "1234627a"], "log": "|j|☆Jon Mateo\n|j|☆1234627a\n|t:|1771181363\n|gametype|doubles\n|player|p1|Jon Mateo|265|1521\n|player|p2|1234627a|1|1537\n|gen|9\n|tier|[Gen 9] Doubles OU\n|rated|\n|rule|HP Percentage Mod: HP is shown in percentages\n|rule|Endless Battle Clause: Forcing endless battles is banned\n|rule|Species Clause: Limit one of each Pokémon\n|rule|OHKO Clause: OHKO moves are banned\n|rule|Evasion Moves Clause: Evasion moves are banned\n|rule|Gravity Sleep Clause: The combination of sleep-inducing moves with imperfect accuracy and Gravity or Gigantamax Orbeetle are banned\n|rule|Evasion Abilities Clause: Evasion abilities are banned\n|clearpoke\n|poke|p1|Kleavor, F|\n|poke|p1|Kingdra, M|\n|poke|p1|Shiftry, M|\n|poke|p1|Chi-Yu|\n|poke|p1|Tinkaton, F|\n|poke|p1|Zapdos|\n|poke|p2|Metagross|\n|poke|p2|Incineroar, F|\n|poke|p2|Ninetales-Alola, F|\n|poke|p2|Raging Bolt|\n|poke|p2|Salamence, F|\n|poke|p2|Regice|\n|teampreview\n|inactive|Battle timer is ON: inactive players will automatically lose when time's up. (requested by 1234627a)\n|inactive|Jon Mateo has 120 seconds left.\n|\n|t:|1771181407\n|teamsize|p1|6\n|teamsize|p2|6\n|start\n|switch|p1a: Tinkaton|Tinkaton, F|100/100\n|switch|p1b: Kleavor|Kleavor, F|100/100\n|switch|p2a: Metagross|Metagross|100/100\n|switch|p2b: Salamence|Salamence, F|100/100\n|-ability|p2b: Salamence|Intimidate|boost\n|-fail|p1a: Tinkaton|unboost|Attack|[from] ability: Own Tempo|[of] p1a: Tinkaton\n|-unboost|p1b: Kleavor|atk|1\n|turn|1\n|\n|t:|1771181423\n|move|p1a: Tinkaton|Fake Out|p2b: Salamence\n|-damage|p2b: Salamence|88/100\n|move|p2b: Salamence|Bulldoze|p1b: Kleavor|[spread] p2a,p1a,p1b\n|-supereffective|p2a: Metagross\n|-supereffective|p1a: Tinkaton\n|-damage|p2a: Metagross|82/100\n|-damage|p1a: Tinkaton|70/100\n|-damage|p1b: Kleavor|86/100\n|-unboost|p1a: Tinkaton|spe|1\n|-unboost|p1b: Kleavor|spe|1\n|-enditem|p2a: Metagross|Weakness Policy\n|-boost|p2a: Metagross|atk|2|[from] item: Weakness Policy\n|-boost|p2a: Metagross|spa|2|[from] item: Weakness Policy\n|-enditem|p1a: Tinkaton|Weakness Policy\n|-boost|p1a: Tinkaton|atk|2|[from] item: Weakness Policy\n|-boost|p1a: Tinkaton|spa|2|[from] item: Weakness Policy\n|move|p1b: Kleavor|Stone Axe|p2b: Salamence\n|-supereffective|p2b: Salamence\n|-damage|p2b: Salamence|0 fnt\n|-sidestart|p2: 1234627a|move: Stealth Rock\n|faint|p2b: Salamence\n|move|p2a: Metagross|Meteor Mash|p1a: Tinkaton\n|-damage|p1a: Tinkaton|0 fnt\n|-boost|p2a: Metagross|atk|1\n|faint|p1a: Tinkaton\n|\n|upkeep\n|inactive|1234627a has 120 seconds left.\n|\n|t:|1771181447\n|switch|p2b: Incineroar|Incineroar, F|100/100\n|switch|p1a: Zapdos|Zapdos|100/100\n|-damage|p2b: Incineroar|76/100|[from] Stealth Rock\n|-ability|p2b: Incineroar|Intimidate|boost\n|-unboost|p1a: Zapdos|atk|1\n|-unboost|p1b: Kleavor|atk|1\n|turn|2\n|j| punyakoko\n|inactive|1234627a has 120 seconds left.\n|l| punyakoko\n|\n|t:|1771181477\n|move|p1a: Zapdos|Protect|p1a: Zapdos\n|-singleturn|p1a: Zapdos|Protect\n|move|p1b: Kleavor|Protect|p1b: Kleavor\n|-singleturn|p1b: Kleavor|Protect\n|move|p2b: Incineroar|Fake Out|p1a: Zapdos\n|-activate|p1a: Zapdos|move: Protect\n|move|p2a: Metagross|Psychic Fangs|p1a: Zapdos\n|-activate|p1a: Zapdos|move: Protect\n|\n|upkeep\n|turn|3\n|inactive|Jon Mateo has 120 seconds left.\n|inactive|Jon Mateo has 90 seconds left.\n|inactive|Jon Mateo has 60 seconds left.\n|\n|t:|1771181588\n|move|p2a: Metagross|Bullet Punch|p1b: Kleavor\n|-supereffective|p1b: Kleavor\n|-crit|p1b: Kleavor\n|-damage|p1b: Kleavor|0 fnt\n|faint|p1b: Kleavor\n|move|p1a: Zapdos|Thunderbolt|p2a: Metagross\n|-damage|p2a: Metagross|32/100\n|move|p2b: Incineroar|Parting Shot|p1a: Zapdos\n|-unboost|p1a: Zapdos|atk|1\n|-unboost|p1a: Zapdos|spa|1\n|inactive|1234627a has 120 seconds left.\n|\n|t:|1771181604\n|switch|p2b: Ninetales|Ninetales-Alola, F|100/100|[from] Parting Shot\n|-damage|p2b: Ninetales|76/100|[from] Stealth Rock\n|-weather|Snowscape|[from] ability: Snow Warning|[of] p2b: Ninetales\n|\n|-weather|Snowscape|[upkeep]\n|upkeep\n|\n|t:|1771181607\n|switch|p1b: Chi-Yu|Chi-Yu|100/100\n|-ability|p1b: Chi-Yu|Beads of Ruin\n|turn|4\n|\n|t:|1771181625\n|move|p2a: Metagross|Bullet Punch|p1b: Chi-Yu\n|-resisted|p1b: Chi-Yu\n|-damage|p1b: Chi-Yu|49/100\n|move|p1b: Chi-Yu|Heat Wave|p2b: Ninetales|[spread] p2a,p2b\n|-supereffective|p2a: Metagross\n|-supereffective|p2b: Ninetales\n|-damage|p2a: Metagross|0 fnt\n|-damage|p2b: Ninetales|0 fnt\n|faint|p2a: Metagross\n|faint|p2b: Ninetales\n|move|p1a: Zapdos|Thunderbolt|p2: Metagross|[notarget]\n|-fail|p1a: Zapdos\n|\n|-weather|Snowscape|[upkeep]\n|upkeep\n|\n|t:|1771181638\n|switch|p2b: Regice|Regice|100/100\n|switch|p2a: Incineroar|Incineroar, F|76/100\n|-damage|p2a: Incineroar|51/100|[from] Stealth Rock\n|-ability|p2a: Incineroar|Intimidate|boost\n|-unboost|p1a: Zapdos|atk|1\n|-unboost|p1b: Chi-Yu|atk|1\n|-damage|p2b: Regice|75/100|[from] Stealth Rock\n|turn|5\n|inactive|Jon Mateo has 90 seconds left.\n|j| bishop-manogue\n|inactive|Jon Mateo has 60 seconds left.\n|\n|t:|1771181679\n|switch|p1a: Shiftry|Shiftry, M|100/100\n|-terastallize|p2b: Regice|Ice\n|move|p2a: Incineroar|Fake Out|p1b: Chi-Yu\n|-damage|p1b: Chi-Yu|31/100\n|cant|p1b: Chi-Yu|flinch\n|move|p2b: Regice|Blizzard|p1a: Shiftry|[spread] p1b\n|-ability|p1a: Shiftry|Wind Rider|boost\n|-boost|p1a: Shiftry|atk|1\n|-resisted|p1b: Chi-Yu\n|-damage|p1b: Chi-Yu|0 fnt\n|faint|p1b: Chi-Yu\n|\n|-weather|Snowscape|[upkeep]\n|-heal|p2b: Regice|82/100|[from] ability: Ice Body\n|upkeep\n|\n|t:|1771181689\n|switch|p1b: Zapdos|Zapdos|100/100\n|turn|6\n|\n|t:|1771181705\n|move|p1b: Zapdos|Thunderbolt|p2b: Regice\n|-damage|p2b: Regice|55/100\n|move|p1a: Shiftry|Leaf Blade|p2b: Regice\n|-damage|p2b: Regice|18/100\n|move|p2a: Incineroar|Flare Blitz|p1a: Shiftry\n|-supereffective|p1a: Shiftry\n|-enditem|p1a: Shiftry|Focus Sash\n|-damage|p1a: Shiftry|1/100\n|-damage|p2a: Incineroar|24/100|[from] Recoil\n|move|p2b: Regice|Blizzard|p1a: Shiftry|[spread] p1b\n|-ability|p1a: Shiftry|Wind Rider|boost\n|-boost|p1a: Shiftry|atk|1\n|-supereffective|p1b: Zapdos\n|-damage|p1b: Zapdos|0 fnt\n|faint|p1b: Zapdos\n|\n|-weather|Snowscape|[upkeep]\n|-heal|p2b: Regice|24/100|[from] ability: Ice Body\n|upkeep\n|\n|t:|1771181714\n|switch|p1b: Kingdra|Kingdra, M|100/100\n|turn|7\n|\n|t:|1771181733\n|move|p1a: Shiftry|Sucker Punch|p2b: Regice\n|-damage|p2b: Regice|0 fnt\n|faint|p2b: Regice\n|move|p1b: Kingdra|Muddy Water|p2a: Incineroar\n|-supereffective|p2a: Incineroar\n|-damage|p2a: Incineroar|0 fnt\n|faint|p2a: Incineroar\n|\n|-weather|none\n|upkeep\n|\n|t:|1771181752\n|switch|p2b: Raging Bolt|Raging Bolt|100/100\n|-damage|p2b: Raging Bolt|88/100|[from] Stealth Rock\n|-enditem|p2b: Raging Bolt|Booster Energy\n|-activate|p2b: Raging Bolt|ability: Protosynthesis|[fromitem]\n|-start|p2b: Raging Bolt|protosynthesisspa\n|turn|8\n|\n|t:|1771181775\n|move|p1a: Shiftry|Sucker Punch|p2b: Raging Bolt\n|-damage|p2b: Raging Bolt|34/100\n|move|p1b: Kingdra|Yawn|p2b: Raging Bolt\n|-start|p2b: Raging Bolt|move: Yawn|[of] p1b: Kingdra\n|move|p2b: Raging Bolt|Electroweb|p1b: Kingdra|[spread] p1a,p1b\n|-resisted|p1a: Shiftry\n|-damage|p1a: Shiftry|0 fnt\n|-damage|p1b: Kingdra|68/100\n|-unboost|p1b: Kingdra|spe|1\n|faint|p1a: Shiftry\n|\n|-heal|p1b: Kingdra|74/100|[from] item: Leftovers\n|upkeep\n|turn|9\n|inactive|Jon Mateo has 120 seconds left.\n|\n|t:|1771181795\n|move|p1b: Kingdra|Protect|p1b: Kingdra\n|-singleturn|p1b: Kingdra|Protect\n|move|p2b: Raging Bolt|Draco Meteor|p1b: Kingdra\n|-activate|p1b: Kingdra|move: Protect\n|\n|-heal|p1b: Kingdra|81/100|[from] item: Leftovers\n|-end|p2b: Raging Bolt|move: Yawn|[silent]\n|-status|p2b: Raging Bolt|slp\n|upkeep\n|turn|10\n|l| bishop-manogue\n|inactive|Jon Mateo has 120 seconds left.\n|\n|t:|1771181839\n|cant|p2b: Raging Bolt|slp\n|move|p1b: Kingdra|Icy Wind|p2b: Raging Bolt|[miss]\n|-miss|p1b: Kingdra|p2b: Raging Bolt\n|\n|-heal|p1b: Kingdra|87/100|[from] item: Leftovers\n|upkeep\n|turn|11\n|\n|t:|1771181848\n|cant|p2b: Raging Bolt|slp\n|move|p1b: Kingdra|Icy Wind|p2b: Raging Bolt\n|-supereffective|p2b: Raging Bolt\n|-damage|p2b: Raging Bolt|7/100 slp\n|-unboost|p2b: Raging Bolt|spe|1\n|\n|-heal|p1b: Kingdra|93/100|[from] item: Leftovers\n|upkeep\n|turn|12\n|\n|t:|1771181857\n|move|p1b: Kingdra|Icy Wind|p2b: Raging Bolt\n|-supereffective|p2b: Raging Bolt\n|-damage|p2b: Raging Bolt|0 fnt\n|faint|p2b: Raging Bolt\n|-end|p2b: Raging Bolt|Protosynthesis|[silent]\n|\n|win|Jon Mateo\n|raw|Jon Mateo's rating: 1521 &rarr; <strong>1542</strong><br />(+21 for winning)\n|raw|1234627a's rating: 1537 &rarr; <strong>1516</strong><br />(-21 for losing)\n|l|☆1234627a\n|player|p2|\n|l|☆Jon Mateo\n|player|p1|\n", "uploadtime": 1771182181, "views": 11, "formatid": "gen9doublesou", "rating": 1516, "private": 0, "password": null}