{"id": "gen9doublesou-2539888800", "format": "[Gen 9] Doubles OU", "players": ["nedlellol", "inakunana"], "log": "|badge|p2|silver|gen9doublesou|30-8\n|uhtml|medal-msg|<div class=\"broadcast-blue\">Curious what those medals under the avatar are? PS now has Ladder Seasons! For more information, check out the <a href=\"https://www.smogon.com/forums/threads/3740067/\">thread on Smogon.</a></div>\n|j|☆nedlellol\n|j|☆inakunana\n|t:|1771122780\n|gametype|doubles\n|player|p1|nedlellol|fisherman-gen4|1631\n|player|p2|inakunana|erika|1751\n|gen|9\n|tier|[Gen 9] Doubles OU\n|rated|\n|rule|HP Percentage Mod: HP is shown in percentages\n|rule|Endless Battle Clause: Forcing endless battles is banned\n|rule|Species Clause: Limit one of each Pokémon\n|rule|OHKO Clause: OHKO moves are banned\n|rule|Evasion Moves Clause: Evasion moves are banned\n|rule|Gravity Sleep Clause: The combination of sleep-inducing moves with imperfect accuracy and Gravity or Gigantamax Orbeetle are banned\n|rule|Evasion Abilities Clause: Evasion abilities are banned\n|clearpoke\n|poke|p1|Ninetales-Alola, M|\n|poke|p1|Incineroar, F|\n|poke|p1|Landorus, M|\n|poke|p1|Kingambit, F|\n|poke|p1|Kyurem|\n|poke|p1|Rillaboom, F|\n|poke|p2|Gholdengo|\n|poke|p2|Glimmora, F|\n|poke|p2|Incineroar, M|\n|poke|p2|Ogerpon-Hearthflame, F|\n|poke|p2|Rillaboom, M|\n|poke|p2|Tornadus, M|\n|teampreview\n|inactive|Battle timer is ON: inactive players will automatically lose when time's up. (requested by nedlellol)\n|inactive|inakunana also wants the timer to be on.\n|inactive|nedlellol has 120 seconds left.\n|\n|t:|1771122812\n|teamsize|p1|6\n|teamsize|p2|6\n|start\n|switch|p1a: Ninetales|Ninetales-Alola, M, shiny|100/100\n|switch|p1b: Landorus|Landorus, M|100/100\n|switch|p2a: low tide|Glimmora, F|100/100\n|switch|p2b: when it snapped|Rillaboom, M|100/100\n|-weather|Snowscape|[from] ability: Snow Warning|[of] p1a: Ninetales\n|-fieldstart|move: Grassy Terrain|[from] ability: Grassy Surge|[of] p2b: when it snapped\n|turn|1\n|\n|t:|1771122841\n|move|p2b: when it snapped|Fake Out|p1b: Landorus\n|-damage|p1b: Landorus|85/100\n|move|p1a: Ninetales|Aurora Veil|p1a: Ninetales\n|-sidestart|p1: nedlellol|move: Aurora Veil\n|cant|p1b: Landorus|flinch\n|move|p2a: low tide|Power Gem|p1a: Ninetales\n|-supereffective|p1a: Ninetales\n|-damage|p1a: Ninetales|47/100\n|\n|-weather|Snowscape|[upkeep]\n|-heal|p1a: Ninetales|53/100|[from] Grassy Terrain\n|upkeep\n|turn|2\n|\n|t:|1771122861\n|move|p2a: low tide|Spiky Shield|p2a: low tide\n|-singleturn|p2a: low tide|move: Protect\n|move|p1a: Ninetales|Icy Wind|p2a: low tide|[spread] \n|-activate|p2a: low tide|move: Protect\n|-miss|p1a: Ninetales|p2b: when it snapped\n|move|p1b: Landorus|Earth Power|p2a: low tide\n|-activate|p2a: low tide|move: Protect\n|move|p2b: when it snapped|Wood Hammer|p1b: Landorus\n|-damage|p1b: Landorus|30/100\n|-damage|p2b: when it snapped|86/100|[from] Recoil\n|\n|-weather|Snowscape|[upkeep]\n|-heal|p1a: Ninetales|59/100|[from] Grassy Terrain\n|-heal|p2b: when it snapped|92/100|[from] Grassy Terrain\n|upkeep\n|turn|3\n|inactive|nedlellol has 120 seconds left.\n|j| Abe1254\n|inactive|nedlellol has 90 seconds left.\n|inactive|inakunana has 120 seconds left.\n|\n|t:|1771122938\n|switch|p1a: Kingambit|Kingambit, F, shiny|100/100\n|switch|p1b: Incineroar|Incineroar, F|100/100\n|-ability|p1b: Incineroar|Intimidate|boost\n|-unboost|p2a: low tide|atk|1\n|-unboost|p2b: when it snapped|atk|1\n|move|p2b: when it snapped|Grassy Glide|p1b: Incineroar\n|-resisted|p1b: Incineroar\n|-damage|p1b: Incineroar|94/100\n|move|p2a: low tide|Stealth Rock|p1b: Incineroar\n|-sidestart|p1: nedlellol|move: Stealth Rock\n|\n|-weather|Snowscape|[upkeep]\n|-heal|p2b: when it snapped|99/100|[from] Grassy Terrain\n|-heal|p1b: Incineroar|99/100|[from] Grassy Terrain\n|upkeep\n|turn|4\n|inactive|nedlellol has 90 seconds left.\n|\n|t:|1771122955\n|switch|p2b: wanted blood|Ogerpon-Hearthflame, F|100/100\n|-ability|p2b: wanted blood|Mold Breaker\n|move|p2a: low tide|Power Gem|p1b: Incineroar\n|-supereffective|p1b: Incineroar\n|-damage|p1b: Incineroar|59/100\n|move|p1b: Incineroar|Will-O-Wisp|p2b: wanted blood\n|-immune|p2b: wanted blood\n|move|p1a: Kingambit|Swords Dance|p1a: Kingambit\n|-boost|p1a: Kingambit|atk|2\n|\n|-weather|Snowscape|[upkeep]\n|-heal|p1b: Incineroar|65/100|[from] Grassy Terrain\n|upkeep\n|turn|5\n|inactive|nedlellol has 90 seconds left.\n|\n|t:|1771122977\n|move|p2b: wanted blood|Spiky Shield|p2b: wanted blood\n|-singleturn|p2b: wanted blood|move: Protect\n|move|p1a: Kingambit|Protect|p1a: Kingambit\n|-singleturn|p1a: Kingambit|Protect\n|move|p2a: low tide|Power Gem|p1a: Kingambit\n|-activate|p1a: Kingambit|move: Protect\n|move|p1b: Incineroar|Parting Shot|p2b: wanted blood\n|-activate|p2b: wanted blood|move: Protect\n|\n|-weather|none\n|-heal|p1b: Incineroar|72/100|[from] Grassy Terrain\n|-fieldend|move: Grassy Terrain\n|upkeep\n|turn|6\n|\n|t:|1771122997\n|switch|p2a: when it snapped|Rillaboom, M|99/100\n|-fieldstart|move: Grassy Terrain|[from] ability: Grassy Surge|[of] p2a: when it snapped\n|-terastallize|p1a: Kingambit|Dark\n|move|p2b: wanted blood|Grassy Glide|p1a: Kingambit\n|-damage|p1a: Kingambit|81/100\n|move|p1a: Kingambit|Sucker Punch||[still]\n|-fail|p1a: Kingambit\n|move|p1b: Incineroar|Parting Shot|p2a: when it snapped\n|-unboost|p2a: when it snapped|atk|1\n|-unboost|p2a: when it snapped|spa|1\n|\n|t:|1771123012\n|switch|p1b: Rillaboom|Rillaboom, F|100/100|[from] Parting Shot\n|-damage|p1b: Rillaboom|88/100|[from] Stealth Rock\n|\n|-heal|p2a: when it snapped|100/100|[from] Grassy Terrain\n|-heal|p1b: Rillaboom|94/100|[from] Grassy Terrain\n|-heal|p1a: Kingambit|88/100|[from] Grassy Terrain\n|upkeep\n|turn|7\n|\n|t:|1771123023\n|switch|p2a: predefined evil|Incineroar, M|100/100\n|-ability|p2a: predefined evil|Intimidate|boost\n|-unboost|p1a: Kingambit|atk|1\n|-ability|p1a: Kingambit|Defiant|boost\n|-boost|p1a: Kingambit|atk|2\n|-unboost|p1b: Rillaboom|atk|1\n|move|p2b: wanted blood|Spiky Shield|p2b: wanted blood\n|-singleturn|p2b: wanted blood|move: Protect\n|move|p1b: Rillaboom|Fake Out|p2b: wanted blood\n|-activate|p2b: wanted blood|move: Protect\n|-damage|p1b: Rillaboom|82/100|[from] Spiky Shield|[of] p2b: wanted blood\n|move|p1a: Kingambit|Kowtow Cleave|p2a: predefined evil\n|-resisted|p2a: predefined evil\n|-damage|p2a: predefined evil|21/100\n|\n|-heal|p1b: Rillaboom|88/100|[from] Grassy Terrain\n|-heal|p2a: predefined evil|27/100|[from] Grassy Terrain\n|-heal|p1a: Kingambit|94/100|[from] Grassy Terrain\n|upkeep\n|turn|8\n|inactive|nedlellol has 120 seconds left.\n|\n|t:|1771123043\n|move|p1a: Kingambit|Protect|p1a: Kingambit\n|-singleturn|p1a: Kingambit|Protect\n|move|p2a: predefined evil|Fake Out|p1a: Kingambit\n|-activate|p1a: Kingambit|move: Protect\n|move|p2b: wanted blood|Swords Dance|p2b: wanted blood\n|-boost|p2b: wanted blood|atk|2\n|move|p1b: Rillaboom|U-turn|p2a: predefined evil\n|-damage|p2a: predefined evil|12/100\n|\n|t:|1771123052\n|switch|p1b: Incineroar|Incineroar, F|72/100|[from] U-turn\n|-damage|p1b: Incineroar|47/100|[from] Stealth Rock\n|-ability|p1b: Incineroar|Intimidate|boost\n|-unboost|p2a: predefined evil|atk|1\n|-unboost|p2b: wanted blood|atk|1\n|-enditem|p1b: Incineroar|Sitrus Berry|[eat]\n|-heal|p1b: Incineroar|72/100|[from] item: Sitrus Berry\n|\n|-heal|p2a: predefined evil|18/100|[from] Grassy Terrain\n|-heal|p1b: Incineroar|78/100|[from] Grassy Terrain\n|-heal|p1a: Kingambit|99/100|[from] Grassy Terrain\n|-sideend|p1: nedlellol|move: Aurora Veil\n|upkeep\n|turn|9\n|\n|t:|1771123068\n|move|p2b: wanted blood|Spiky Shield|p2b: wanted blood\n|-singleturn|p2b: wanted blood|move: Protect\n|move|p1b: Incineroar|Fake Out|p2b: wanted blood\n|-activate|p2b: wanted blood|move: Protect\n|-damage|p1b: Incineroar|65/100|[from] Spiky Shield|[of] p2b: wanted blood\n|move|p2a: predefined evil|Parting Shot|p1b: Incineroar\n|-unboost|p1b: Incineroar|atk|1\n|-unboost|p1b: Incineroar|spa|1\n|\n|t:|1771123079\n|switch|p2a: when it snapped|Rillaboom, M|100/100|[from] Parting Shot\n|move|p1a: Kingambit|Kowtow Cleave|p2a: when it snapped\n|-damage|p2a: when it snapped|0 fnt\n|faint|p2a: when it snapped\n|\n|-heal|p1b: Incineroar|71/100|[from] Grassy Terrain\n|-heal|p1a: Kingambit|100/100|[from] Grassy Terrain\n|upkeep\n|\n|t:|1771123080\n|switch|p2a: predefined evil|Incineroar, M|18/100\n|-ability|p2a: predefined evil|Intimidate|boost\n|-unboost|p1a: Kingambit|atk|1\n|-ability|p1a: Kingambit|Defiant|boost\n|-boost|p1a: Kingambit|atk|2\n|-unboost|p1b: Incineroar|atk|1\n|turn|10\n|\n|t:|1771123093\n|move|p1a: Kingambit|Protect|p1a: Kingambit\n|-singleturn|p1a: Kingambit|Protect\n|move|p2a: predefined evil|Fake Out|p1a: Kingambit\n|-activate|p1a: Kingambit|move: Protect\n|move|p2b: wanted blood|Swords Dance|p2b: wanted blood\n|-boost|p2b: wanted blood|atk|2\n|move|p1b: Incineroar|Knock Off|p2a: predefined evil\n|-resisted|p2a: predefined evil\n|-damage|p2a: predefined evil|11/100\n|-enditem|p2a: predefined evil|Heavy-Duty Boots|[from] move: Knock Off|[of] p1b: Incineroar\n|\n|-heal|p2a: predefined evil|17/100|[from] Grassy Terrain\n|-heal|p1b: Incineroar|77/100|[from] Grassy Terrain\n|-fieldend|move: Grassy Terrain\n|upkeep\n|turn|11\n|inactive|nedlellol has 120 seconds left.\n|\n|t:|1771123129\n|move|p2b: wanted blood|Spiky Shield|p2b: wanted blood\n|-singleturn|p2b: wanted blood|move: Protect\n|move|p1a: Kingambit|Sucker Punch||[still]\n|-fail|p1a: Kingambit\n|move|p2a: predefined evil|Taunt|p1a: Kingambit\n|-start|p1a: Kingambit|move: Taunt\n|move|p1b: Incineroar|Parting Shot|p2a: predefined evil\n|-unboost|p2a: predefined evil|atk|1\n|-unboost|p2a: predefined evil|spa|1\n|\n|t:|1771123141\n|switch|p1b: Rillaboom|Rillaboom, F|88/100|[from] Parting Shot\n|-damage|p1b: Rillaboom|76/100|[from] Stealth Rock\n|-fieldstart|move: Grassy Terrain|[from] ability: Grassy Surge|[of] p1b: Rillaboom\n|\n|-heal|p1b: Rillaboom|82/100|[from] Grassy Terrain\n|-heal|p2a: predefined evil|23/100|[from] Grassy Terrain\n|upkeep\n|turn|12\n|\n|t:|1771123150\n|switch|p2a: high tide|Tornadus, M|100/100\n|move|p2b: wanted blood|Spiky Shield||[still]\n|-fail|p2b: wanted blood\n|move|p1b: Rillaboom|Fake Out|p2b: wanted blood\n|-damage|p2b: wanted blood|79/100\n|move|p1a: Kingambit|Kowtow Cleave|p2b: wanted blood\n|-crit|p2b: wanted blood\n|-damage|p2b: wanted blood|0 fnt\n|faint|p2b: wanted blood\n|\n|-heal|p1b: Rillaboom|88/100|[from] Grassy Terrain\n|upkeep\n|-message|inakunana forfeited.\n|\n|win|nedlellol\n|raw|nedlellol's rating: 1631 &rarr; <strong>1658</strong><br />(+27 for winning)\n|raw|inakunana's rating: 1751 &rarr; <strong>1724</strong><br />(-27 for losing)\n|l| Abe1254\n|j| Abe1254\n|l| Abe1254\n", "uploadtime": 1771123530, "views": 16, "formatid": "gen9doublesou", "rating": 1658, "private": 0, "password": null}