{"id": "gen9doublesou-2540311395", "format": "[Gen 9] Doubles OU", "players": ["Lokart", "ismelllikesocksbro"], "log": "|j|☆Lokart\n|j|☆ismelllikesocksbro\n|t:|1771187426\n|gametype|doubles\n|player|p1|Lokart|2|1634\n|player|p2|ismelllikesocksbro|wallace|1705\n|gen|9\n|tier|[Gen 9] Doubles OU\n|rated|\n|rule|HP Percentage Mod: HP is shown in percentages\n|rule|Endless Battle Clause: Forcing endless battles is banned\n|rule|Species Clause: Limit one of each Pokémon\n|rule|OHKO Clause: OHKO moves are banned\n|rule|Evasion Moves Clause: Evasion moves are banned\n|rule|Gravity Sleep Clause: The combination of sleep-inducing moves with imperfect accuracy and Gravity or Gigantamax Orbeetle are banned\n|rule|Evasion Abilities Clause: Evasion abilities are banned\n|clearpoke\n|poke|p1|Corviknight, M|\n|poke|p1|Cresselia, F|\n|poke|p1|Dragapult, F|\n|poke|p1|Weezing-Galar, F|\n|poke|p1|Incineroar, M|\n|poke|p1|Ursaluna-Bloodmoon, M|\n|poke|p2|Chien-Pao|\n|poke|p2|Raging Bolt|\n|poke|p2|Incineroar, F|\n|poke|p2|Rillaboom, M|\n|poke|p2|Ogerpon-Hearthflame, F|\n|poke|p2|Landorus, M|\n|teampreview\n|inactive|Battle timer is ON: inactive players will automatically lose when time's up. (requested by ismelllikesocksbro)\n|inactive|ismelllikesocksbro has 120 seconds left.\n|\n|t:|1771187475\n|teamsize|p1|6\n|teamsize|p2|6\n|start\n|switch|p1a: Cresselia|Cresselia, F|100/100\n|switch|p1b: Incineroar|Incineroar, M|100/100\n|switch|p2a: Raging Bolt|Raging Bolt|100/100\n|switch|p2b: Incineroar|Incineroar, F|100/100\n|-ability|p1b: Incineroar|Intimidate|boost\n|-unboost|p2a: Raging Bolt|atk|1\n|-unboost|p2b: Incineroar|atk|1\n|-ability|p2b: Incineroar|Intimidate|boost\n|-unboost|p1a: Cresselia|atk|1\n|-unboost|p1b: Incineroar|atk|1\n|turn|1\n|\n|t:|1771187489\n|move|p1b: Incineroar|Fake Out|p2b: Incineroar\n|-damage|p2b: Incineroar|94/100\n|move|p2a: Raging Bolt|Calm Mind|p2a: Raging Bolt\n|-boost|p2a: Raging Bolt|spa|1\n|-boost|p2a: Raging Bolt|spd|1\n|cant|p2b: Incineroar|flinch\n|move|p1a: Cresselia|Trick Room|p1a: Cresselia\n|-fieldstart|move: Trick Room|[of] p1a: Cresselia\n|\n|upkeep\n|turn|2\n|\n|t:|1771187500\n|switch|p1a: Weezing|Weezing-Galar, F|100/100\n|-ability|p1a: Weezing|Neutralizing Gas\n|move|p2b: Incineroar|Parting Shot|p1b: Incineroar\n|-unboost|p1b: Incineroar|atk|1\n|-unboost|p1b: Incineroar|spa|1\n|\n|t:|1771187509\n|switch|p2b: Rillaboom|Rillaboom, M|100/100|[from] Parting Shot\n|move|p1b: Incineroar|Knock Off|p2a: Raging Bolt\n|-damage|p2a: Raging Bolt|82/100\n|-enditem|p2a: Raging Bolt|Leftovers|[from] move: Knock Off|[of] p1b: Incineroar\n|move|p2a: Raging Bolt|Calm Mind|p2a: Raging Bolt\n|-boost|p2a: Raging Bolt|spa|1\n|-boost|p2a: Raging Bolt|spd|1\n|\n|upkeep\n|turn|3\n|\n|t:|1771187529\n|move|p2b: Rillaboom|Fake Out|p1a: Weezing\n|-damage|p1a: Weezing|89/100\n|cant|p1a: Weezing|flinch\n|move|p1b: Incineroar|Flare Blitz|p2b: Rillaboom\n|-supereffective|p2b: Rillaboom\n|-damage|p2b: Rillaboom|45/100\n|-damage|p1b: Incineroar|82/100|[from] Recoil\n|move|p2a: Raging Bolt|Calm Mind|p2a: Raging Bolt\n|-boost|p2a: Raging Bolt|spa|1\n|-boost|p2a: Raging Bolt|spd|1\n|\n|-heal|p1a: Weezing|95/100|[from] item: Leftovers\n|upkeep\n|turn|4\n|\n|t:|1771187551\n|switch|p2b: Incineroar|Incineroar, F|94/100\n|move|p2a: Raging Bolt|Protect|p2a: Raging Bolt\n|-singleturn|p2a: Raging Bolt|Protect\n|move|p1a: Weezing|Haze|p1a: Weezing\n|-clearallboost\n|move|p1b: Incineroar|Flare Blitz|p2b: Incineroar\n|-resisted|p2b: Incineroar\n|-damage|p2b: Incineroar|70/100\n|-damage|p1b: Incineroar|74/100|[from] Recoil\n|\n|-heal|p1a: Weezing|100/100|[from] item: Leftovers\n|upkeep\n|turn|5\n|\n|t:|1771187566\n|move|p2b: Incineroar|Fake Out|p1a: Weezing\n|-damage|p1a: Weezing|91/100\n|cant|p1a: Weezing|flinch\n|move|p1b: Incineroar|Snarl|p2b: Incineroar|[spread] p2a,p2b\n|-resisted|p2b: Incineroar\n|-damage|p2a: Raging Bolt|74/100\n|-damage|p2b: Incineroar|65/100\n|-unboost|p2a: Raging Bolt|spa|1\n|-unboost|p2b: Incineroar|spa|1\n|move|p2a: Raging Bolt|Calm Mind|p2a: Raging Bolt\n|-boost|p2a: Raging Bolt|spa|1\n|-boost|p2a: Raging Bolt|spd|1\n|\n|-heal|p1a: Weezing|97/100|[from] item: Leftovers\n|-fieldend|move: Trick Room\n|upkeep\n|turn|6\n|\n|t:|1771187586\n|move|p2a: Raging Bolt|Dragon Pulse|p1b: Incineroar\n|-damage|p1b: Incineroar|43/100\n|move|p1b: Incineroar|Snarl|p2b: Incineroar|[spread] p2a,p2b\n|-resisted|p2b: Incineroar\n|-damage|p2a: Raging Bolt|68/100\n|-damage|p2b: Incineroar|61/100\n|-unboost|p2a: Raging Bolt|spa|1\n|-unboost|p2b: Incineroar|spa|1\n|move|p2b: Incineroar|Parting Shot|p1a: Weezing\n|-unboost|p1a: Weezing|atk|1\n|-unboost|p1a: Weezing|spa|1\n|inactive|ismelllikesocksbro has 120 seconds left.\n|\n|t:|1771187610\n|switch|p2b: Landorus|Landorus, M|100/100|[from] Parting Shot\n|move|p1a: Weezing|Taunt|p2a: Raging Bolt\n|-start|p2a: Raging Bolt|move: Taunt\n|\n|-heal|p1a: Weezing|100/100|[from] item: Leftovers\n|upkeep\n|turn|7\n|\n|t:|1771187622\n|switch|p1b: Cresselia|Cresselia, F|100/100\n|-end|p1a: Weezing|ability: Neutralizing Gas\n|switch|p1a: Corviknight|Corviknight, M, shiny|100/100\n|move|p2b: Landorus|Substitute|p2b: Landorus\n|-start|p2b: Landorus|Substitute\n|-damage|p2b: Landorus|76/100\n|move|p2a: Raging Bolt|Dragon Pulse|p1b: Cresselia\n|-damage|p1b: Cresselia|86/100\n|\n|upkeep\n|turn|8\n|inactive|ismelllikesocksbro has 120 seconds left.\n|\n|t:|1771187659\n|-end|p2a: Raging Bolt|Protosynthesis|[silent]\n|switch|p2a: Rillaboom|Rillaboom, M|45/100\n|-fieldstart|move: Grassy Terrain|[from] ability: Grassy Surge|[of] p2a: Rillaboom\n|switch|p1a: Ursaluna|Ursaluna-Bloodmoon, M|100/100\n|move|p2b: Landorus|Sludge Bomb|p1b: Cresselia\n|-damage|p1b: Cresselia|61/100\n|move|p1b: Cresselia|Trick Room|p1b: Cresselia\n|-fieldstart|move: Trick Room|[of] p1b: Cresselia\n|\n|-heal|p2a: Rillaboom|51/100|[from] Grassy Terrain\n|upkeep\n|turn|9\n|\n|t:|1771187682\n|switch|p1b: Incineroar|Incineroar, M|43/100\n|-ability|p1b: Incineroar|Intimidate|boost\n|-unboost|p2a: Rillaboom|atk|1\n|-immune|p2b: Landorus\n|-terastallize|p1a: Ursaluna|Ghost\n|move|p2a: Rillaboom|Grassy Glide|p1a: Ursaluna\n|-damage|p1a: Ursaluna|84/100\n|move|p1a: Ursaluna|Hyper Voice|p2a: Rillaboom|[spread] p2a,p2b\n|-damage|p2a: Rillaboom|26/100\n|-damage|p2b: Landorus|26/100\n|-enditem|p1a: Ursaluna|Throat Spray\n|-boost|p1a: Ursaluna|spa|1|[from] item: Throat Spray\n|move|p2b: Landorus|Earth Power|p1a: Ursaluna\n|-damage|p1a: Ursaluna|9/100\n|\n|-heal|p1a: Ursaluna|15/100|[from] Grassy Terrain\n|-heal|p1b: Incineroar|49/100|[from] Grassy Terrain\n|-heal|p2a: Rillaboom|32/100|[from] Grassy Terrain\n|upkeep\n|turn|10\n|\n|t:|1771187707\n|switch|p1b: Cresselia|Cresselia, F|61/100\n|switch|p2a: Incineroar|Incineroar, F|61/100\n|-ability|p2a: Incineroar|Intimidate|boost\n|-unboost|p1a: Ursaluna|atk|1\n|-unboost|p1b: Cresselia|atk|1\n|move|p2b: Landorus|Protect|p2b: Landorus\n|-singleturn|p2b: Landorus|Protect\n|move|p1a: Ursaluna|Hyper Voice|p2b: Landorus|[spread] p2a\n|-activate|p2b: Landorus|move: Protect\n|-damage|p2a: Incineroar|14/100\n|\n|-heal|p1a: Ursaluna|21/100|[from] Grassy Terrain\n|-heal|p2a: Incineroar|20/100|[from] Grassy Terrain\n|upkeep\n|turn|11\n|\n|t:|1771187725\n|switch|p2b: Raging Bolt|Raging Bolt|68/100\n|move|p1a: Ursaluna|Hyper Voice|p2b: Raging Bolt|[spread] p2a,p2b\n|-damage|p2a: Incineroar|0 fnt\n|-damage|p2b: Raging Bolt|18/100\n|faint|p2a: Incineroar\n|move|p1b: Cresselia|Lunar Blessing|p1b: Cresselia|[spread] p1a,p1b\n|-heal|p1a: Ursaluna|46/100\n|-heal|p1b: Cresselia|86/100\n|\n|-heal|p1a: Ursaluna|52/100|[from] Grassy Terrain\n|-heal|p2b: Raging Bolt|24/100|[from] Grassy Terrain\n|upkeep\n|\n|t:|1771187732\n|switch|p2a: Rillaboom|Rillaboom, M|32/100\n|turn|12\n|\n|t:|1771187741\n|move|p2a: Rillaboom|Fake Out|p1b: Cresselia\n|-damage|p1b: Cresselia|75/100\n|cant|p1b: Cresselia|flinch\n|move|p2b: Raging Bolt|Thunderclap|p1a: Ursaluna\n|-damage|p1a: Ursaluna|10/100\n|move|p1a: Ursaluna|Hyper Voice|p2a: Rillaboom|[spread] p2a,p2b\n|-damage|p2a: Rillaboom|0 fnt\n|-damage|p2b: Raging Bolt|0 fnt\n|faint|p2a: Rillaboom\n|faint|p2b: Raging Bolt\n|-end|p2b: Raging Bolt|Protosynthesis|[silent]\n|\n|-heal|p1a: Ursaluna|16/100|[from] Grassy Terrain\n|-fieldend|move: Trick Room\n|-fieldend|move: Grassy Terrain\n|upkeep\n|\n|t:|1771187755\n|switch|p2a: Ogerpon|Ogerpon-Hearthflame, F|100/100\n|switch|p2b: Landorus|Landorus, M|26/100\n|-ability|p2a: Ogerpon|Mold Breaker\n|turn|13\n|\n|t:|1771187763\n|-terastallize|p2a: Ogerpon|Fire\n|detailschange|p2a: Ogerpon|Ogerpon-Hearthflame-Tera, F, tera:Fire\n|-ability|p2a: Ogerpon|Embody Aspect (Hearthflame)|boost\n|-boost|p2a: Ogerpon|atk|1\n|move|p1a: Ursaluna|Protect|p1a: Ursaluna\n|-singleturn|p1a: Ursaluna|Protect\n|move|p2a: Ogerpon|Swords Dance|p2a: Ogerpon\n|-boost|p2a: Ogerpon|atk|2\n|move|p2b: Landorus|Earth Power|p1a: Ursaluna\n|-activate|p1a: Ursaluna|move: Protect\n|move|p1b: Cresselia|Trick Room|p1b: Cresselia\n|-fieldstart|move: Trick Room|[of] p1b: Cresselia\n|\n|upkeep\n|turn|14\n|-message|ismelllikesocksbro forfeited.\n|\n|win|Lokart\n|raw|Lokart's rating: 1634 &rarr; <strong>1658</strong><br />(+24 for winning)\n|raw|ismelllikesocksbro's rating: 1705 &rarr; <strong>1681</strong><br />(-24 for losing)\n|l|☆ismelllikesocksbro\n|player|p2|\n|l|☆Lokart\n|player|p1|\n", "uploadtime": 1771188041, "views": 13, "formatid": "gen9doublesou", "rating": 1658, "private": 0, "password": null}