{"id": "gen9doublesou-2539996247", "format": "[Gen 9] Doubles OU", "players": ["lxq74477", "slugpup stew"], "log": "|j|☆lxq74477\n|j|☆slugpup stew\n|t:|1771140887\n|gametype|doubles\n|player|p1|lxq74477|265|1573\n|player|p2|slugpup stew|265|1709\n|gen|9\n|tier|[Gen 9] Doubles OU\n|rated|\n|rule|HP Percentage Mod: HP is shown in percentages\n|rule|Endless Battle Clause: Forcing endless battles is banned\n|rule|Species Clause: Limit one of each Pokémon\n|rule|OHKO Clause: OHKO moves are banned\n|rule|Evasion Moves Clause: Evasion moves are banned\n|rule|Gravity Sleep Clause: The combination of sleep-inducing moves with imperfect accuracy and Gravity or Gigantamax Orbeetle are banned\n|rule|Evasion Abilities Clause: Evasion abilities are banned\n|clearpoke\n|poke|p1|Dragonite, F|\n|poke|p1|Ogerpon-Wellspring, F|\n|poke|p1|Gholdengo|\n|poke|p1|Tyranitar, F|\n|poke|p1|Rillaboom, M|\n|poke|p1|Incineroar, M|\n|poke|p2|Iron Crown|\n|poke|p2|Indeedee-F, F|\n|poke|p2|Ogerpon-Hearthflame, F|\n|poke|p2|Ursaluna, F|\n|poke|p2|Regidrago|\n|poke|p2|Tornadus, M|\n|teampreview\n|inactive|Battle timer is ON: inactive players will automatically lose when time's up. (requested by lxq74477)\n|inactive|slugpup stew also wants the timer to be on.\n|inactive|lxq74477 has 120 seconds left.\n|inactive|lxq74477 has 90 seconds left.\n|\n|t:|1771140952\n|teamsize|p1|6\n|teamsize|p2|6\n|start\n|switch|p1a: Gholdengo|Gholdengo|100/100\n|switch|p1b: Incineroar|Incineroar, M|100/100\n|switch|p2a: Regidrago|Regidrago|100/100\n|switch|p2b: Tornadus|Tornadus, M|100/100\n|-ability|p1b: Incineroar|Intimidate|boost\n|-unboost|p2a: Regidrago|atk|1\n|-unboost|p2b: Tornadus|atk|1\n|turn|1\n|inactive|slugpup stew has 120 seconds left.\n|\n|t:|1771140984\n|switch|p2b: lace|Indeedee-F, F|100/100\n|-fieldstart|move: Psychic Terrain|[from] ability: Psychic Surge|[of] p2b: lace\n|-enditem|p2b: lace|Psychic Seed\n|-boost|p2b: lace|spd|1|[from] item: Psychic Seed\n|-terastallize|p2a: Regidrago|Dragon\n|move|p2a: Regidrago|Dragon Energy|p1b: Incineroar|[spread] p1a,p1b\n|-resisted|p1a: Gholdengo\n|-damage|p1a: Gholdengo|35/100\n|-damage|p1b: Incineroar|16/100\n|move|p1a: Gholdengo|Make It Rain|p2b: lace|[spread] p2a,p2b\n|-damage|p2a: Regidrago|43/100\n|-damage|p2b: lace|65/100\n|-unboost|p1a: Gholdengo|spa|1\n|move|p1b: Incineroar|Knock Off|p2a: Regidrago\n|-damage|p2a: Regidrago|0 fnt\n|-enditem|p2a: Regidrago|Draco Plate|[from] move: Knock Off|[of] p1b: Incineroar\n|faint|p2a: Regidrago\n|\n|-heal|p1a: Gholdengo|42/100|[from] item: Leftovers\n|upkeep\n|inactive|slugpup stew has 120 seconds left.\n|\n|t:|1771140995\n|switch|p2a: Iron Crown|Iron Crown|100/100\n|-enditem|p2a: Iron Crown|Booster Energy\n|-activate|p2a: Iron Crown|ability: Quark Drive|[fromitem]\n|-start|p2a: Iron Crown|quarkdrivespe\n|turn|2\n|\n|t:|1771141024\n|switch|p2b: Ogerpon|Ogerpon-Hearthflame, F|100/100\n|-ability|p2b: Ogerpon|Mold Breaker\n|switch|p1b: Rillaboom|Rillaboom, M|100/100\n|-fieldstart|move: Grassy Terrain|[from] ability: Grassy Surge|[of] p1b: Rillaboom\n|move|p2a: Iron Crown|Protect|p2a: Iron Crown\n|-singleturn|p2a: Iron Crown|Protect\n|move|p1a: Gholdengo|Nasty Plot|p1a: Gholdengo\n|-boost|p1a: Gholdengo|spa|2\n|\n|-heal|p1a: Gholdengo|48/100|[from] Grassy Terrain\n|-heal|p1a: Gholdengo|54/100|[from] item: Leftovers\n|upkeep\n|turn|3\n|\n|t:|1771141054\n|-terastallize|p1b: Rillaboom|Fire\n|move|p1a: Gholdengo|Protect|p1a: Gholdengo\n|-singleturn|p1a: Gholdengo|Protect\n|move|p2a: Iron Crown|Calm Mind|p2a: Iron Crown\n|-boost|p2a: Iron Crown|spa|1\n|-boost|p2a: Iron Crown|spd|1\n|move|p2b: Ogerpon|Ivy Cudgel|p1a: Gholdengo|[anim] Ivy Cudgel Fire\n|-activate|p1a: Gholdengo|move: Protect\n|move|p1b: Rillaboom|High Horsepower|p2b: Ogerpon\n|-damage|p2b: Ogerpon|57/100\n|\n|-heal|p2b: Ogerpon|63/100|[from] Grassy Terrain\n|-heal|p1a: Gholdengo|60/100|[from] Grassy Terrain\n|-heal|p1a: Gholdengo|66/100|[from] item: Leftovers\n|upkeep\n|turn|4\n|\n|t:|1771141082\n|move|p1a: Gholdengo|Protect||[still]\n|-fail|p1a: Gholdengo\n|move|p2a: Iron Crown|Expanding Force|p1a: Gholdengo\n|-resisted|p1a: Gholdengo\n|-damage|p1a: Gholdengo|40/100\n|move|p2b: Ogerpon|Ivy Cudgel|p1a: Gholdengo|[anim] Ivy Cudgel Fire\n|-supereffective|p1a: Gholdengo\n|-damage|p1a: Gholdengo|0 fnt\n|faint|p1a: Gholdengo\n|move|p1b: Rillaboom|U-turn|p2b: Ogerpon\n|-damage|p2b: Ogerpon|31/100\n|inactive|lxq74477 has 120 seconds left.\n|\n|t:|1771141097\n|switch|p1b: Incineroar|Incineroar, M|16/100|[from] U-turn\n|-ability|p1b: Incineroar|Intimidate|boost\n|-unboost|p2a: Iron Crown|atk|1\n|-unboost|p2b: Ogerpon|atk|1\n|\n|-heal|p2b: Ogerpon|37/100|[from] Grassy Terrain\n|-heal|p1b: Incineroar|22/100|[from] Grassy Terrain\n|upkeep\n|\n|t:|1771141105\n|switch|p1a: Dragonite|Dragonite, F|100/100\n|turn|5\n|\n|t:|1771141123\n|switch|p2b: Tornadus|Tornadus, M|100/100\n|move|p1b: Incineroar|Fake Out|p2a: Iron Crown\n|-resisted|p2a: Iron Crown\n|-damage|p2a: Iron Crown|94/100\n|cant|p2a: Iron Crown|flinch\n|move|p1a: Dragonite|Scale Shot|p2b: Tornadus\n|-damage|p2b: Tornadus|77/100\n|-damage|p2b: Tornadus|54/100\n|-damage|p2b: Tornadus|31/100\n|-damage|p2b: Tornadus|9/100\n|-damage|p2b: Tornadus|0 fnt\n|faint|p2b: Tornadus\n|-hitcount|p2: Tornadus|5\n|-unboost|p1a: Dragonite|def|1\n|-boost|p1a: Dragonite|spe|1\n|\n|-heal|p2a: Iron Crown|99/100|[from] Grassy Terrain\n|-heal|p1b: Incineroar|28/100|[from] Grassy Terrain\n|upkeep\n|\n|t:|1771141132\n|switch|p2b: Ursaluna|Ursaluna, F|100/100\n|turn|6\n|inactive|lxq74477 has 120 seconds left.\n|\n|t:|1771141164\n|move|p2a: Iron Crown|Calm Mind|p2a: Iron Crown\n|-boost|p2a: Iron Crown|spa|1\n|-boost|p2a: Iron Crown|spd|1\n|move|p1a: Dragonite|Scale Shot|p2a: Iron Crown\n|-resisted|p2a: Iron Crown\n|-damage|p2a: Iron Crown|93/100\n|-resisted|p2a: Iron Crown\n|-crit|p2a: Iron Crown\n|-damage|p2a: Iron Crown|82/100\n|-resisted|p2a: Iron Crown\n|-damage|p2a: Iron Crown|75/100\n|-resisted|p2a: Iron Crown\n|-crit|p2a: Iron Crown\n|-damage|p2a: Iron Crown|63/100\n|-hitcount|p2a: Iron Crown|4\n|-unboost|p1a: Dragonite|def|1\n|-boost|p1a: Dragonite|spe|1\n|move|p2b: Ursaluna|Facade|p1b: Incineroar\n|-damage|p1b: Incineroar|0 fnt\n|faint|p1b: Incineroar\n|\n|-heal|p2a: Iron Crown|69/100|[from] Grassy Terrain\n|-fieldend|move: Grassy Terrain\n|-status|p2b: Ursaluna|brn|[from] item: Flame Orb\n|upkeep\n|inactive|lxq74477 has 120 seconds left.\n|\n|t:|1771141185\n|switch|p1b: Ogerpon|Ogerpon-Wellspring, F|100/100\n|turn|7\n|inactive|lxq74477 has 120 seconds left.\n|\n|t:|1771141197\n|switch|p2b: lace|Indeedee-F, F|65/100\n|-fieldstart|move: Psychic Terrain|[from] ability: Psychic Surge|[of] p2b: lace\n|move|p2a: Iron Crown|Expanding Force|p1a: Dragonite|[spread] p1a,p1b\n|-damage|p1a: Dragonite|0 fnt\n|-damage|p1b: Ogerpon|0 fnt\n|faint|p1a: Dragonite\n|faint|p1b: Ogerpon\n|\n|upkeep\n|inactive|lxq74477 has 120 seconds left.\n|\n|t:|1771141207\n|switch|p1b: Tyranitar|Tyranitar, F|100/100\n|switch|p1a: Rillaboom|Rillaboom, M, tera:Fire|100/100\n|-fieldstart|move: Grassy Terrain|[from] ability: Grassy Surge|[of] p1a: Rillaboom\n|-weather|Sandstorm|[from] ability: Sand Stream|[of] p1b: Tyranitar\n|turn|8\n|inactive|lxq74477 has 120 seconds left.\n|\n|t:|1771141232\n|switch|p2b: Ogerpon|Ogerpon-Hearthflame, F|37/100\n|-ability|p2b: Ogerpon|Mold Breaker\n|move|p2a: Iron Crown|Protect|p2a: Iron Crown\n|-singleturn|p2a: Iron Crown|Protect\n|move|p1a: Rillaboom|Wood Hammer|p2b: Ogerpon\n|-resisted|p2b: Ogerpon\n|-damage|p2b: Ogerpon|12/100\n|-damage|p1a: Rillaboom|94/100|[from] Recoil\n|move|p1b: Tyranitar|Knock Off|p2a: Iron Crown\n|-activate|p2a: Iron Crown|move: Protect\n|\n|-weather|Sandstorm|[upkeep]\n|-damage|p2b: Ogerpon|6/100|[from] Sandstorm\n|-damage|p1a: Rillaboom|87/100|[from] Sandstorm\n|-heal|p2a: Iron Crown|75/100|[from] Grassy Terrain\n|-heal|p2b: Ogerpon|12/100|[from] Grassy Terrain\n|-heal|p1a: Rillaboom|94/100|[from] Grassy Terrain\n|upkeep\n|turn|9\n|inactive|lxq74477 has 120 seconds left.\n|\n|t:|1771141263\n|move|p2a: Iron Crown|Tachyon Cutter|p1b: Tyranitar\n|-supereffective|p1b: Tyranitar\n|-damage|p1b: Tyranitar|51/100\n|-enditem|p1b: Tyranitar|Weakness Policy\n|-boost|p1b: Tyranitar|atk|2|[from] item: Weakness Policy\n|-boost|p1b: Tyranitar|spa|2|[from] item: Weakness Policy\n|-supereffective|p1b: Tyranitar\n|-damage|p1b: Tyranitar|0 fnt\n|faint|p1b: Tyranitar\n|-hitcount|p1: Tyranitar|2\n|move|p2b: Ogerpon|Horn Leech|p1a: Rillaboom\n|-resisted|p1a: Rillaboom\n|-damage|p1a: Rillaboom|71/100\n|-heal|p2b: Ogerpon|25/100|[from] drain|[of] p1a: Rillaboom\n|move|p1a: Rillaboom|Wood Hammer|p2b: Ogerpon\n|-resisted|p2b: Ogerpon\n|-damage|p2b: Ogerpon|1/100\n|-damage|p1a: Rillaboom|65/100|[from] Recoil\n|\n|-weather|Sandstorm|[upkeep]\n|-damage|p2b: Ogerpon|0 fnt|[from] Sandstorm\n|-damage|p1a: Rillaboom|59/100|[from] Sandstorm\n|faint|p2b: Ogerpon\n|-heal|p2a: Iron Crown|81/100|[from] Grassy Terrain\n|-heal|p1a: Rillaboom|65/100|[from] Grassy Terrain\n|upkeep\n|-message|lxq74477 forfeited.\n|\n|win|slugpup stew\n|raw|lxq74477's rating: 1573 &rarr; <strong>1560</strong><br />(-13 for losing)\n|raw|slugpup stew's rating: 1709 &rarr; <strong>1722</strong><br />(+13 for winning)\n|l|☆lxq74477\n|player|p1|\n", "uploadtime": 1771141574, "views": 23, "formatid": "gen9doublesou", "rating": 1560, "private": 0, "password": null}