{"id": "gen9doublesou-2540905527", "format": "[Gen 9] Doubles OU", "players": ["ellis9274", "drapionelectivire"], "log": "|badge|p2|silver|gen9doublesou|30-8\n|uhtml|medal-msg|<div class=\"broadcast-blue\">Curious what those medals under the avatar are? PS now has Ladder Seasons! For more information, check out the <a href=\"https://www.smogon.com/forums/threads/3740067/\">thread on Smogon.</a></div>\n|j|☆ellis9274\n|j|☆drapionelectivire\n|t:|1771265827\n|gametype|doubles\n|player|p1|ellis9274|volkner|1575\n|player|p2|drapionelectivire|102|1808\n|gen|9\n|tier|[Gen 9] Doubles OU\n|rated|\n|rule|HP Percentage Mod: HP is shown in percentages\n|rule|Endless Battle Clause: Forcing endless battles is banned\n|rule|Species Clause: Limit one of each Pokémon\n|rule|OHKO Clause: OHKO moves are banned\n|rule|Evasion Moves Clause: Evasion moves are banned\n|rule|Gravity Sleep Clause: The combination of sleep-inducing moves with imperfect accuracy and Gravity or Gigantamax Orbeetle are banned\n|rule|Evasion Abilities Clause: Evasion abilities are banned\n|clearpoke\n|poke|p1|Torkoal, F|\n|poke|p1|Hatterene, F|\n|poke|p1|Gholdengo|\n|poke|p1|Indeedee-F, F|\n|poke|p1|Lilligant-Hisui, F|\n|poke|p1|Iron Hands|\n|poke|p2|Torkoal, M|\n|poke|p2|Lilligant-Hisui, F|\n|poke|p2|Farigiraf, M|\n|poke|p2|Raging Bolt|\n|poke|p2|Walking Wake|\n|poke|p2|Typhlosion-Hisui, F|\n|teampreview\n|inactive|Battle timer is ON: inactive players will automatically lose when time's up. (requested by drapionelectivire)\n|inactive|drapionelectivire has 120 seconds left.\n|\n|t:|1771265884\n|teamsize|p1|6\n|teamsize|p2|6\n|start\n|switch|p1a: Torkoal|Torkoal, F|100/100\n|switch|p1b: Lilligant|Lilligant-Hisui, F|100/100\n|switch|p2a: Torkoal|Torkoal, M|100/100\n|switch|p2b: Typhlosion|Typhlosion-Hisui, F|100/100\n|-weather|SunnyDay|[from] ability: Drought|[of] p2a: Torkoal\n|turn|1\n|\n|t:|1771265902\n|move|p1a: Torkoal|Protect|p1a: Torkoal\n|-singleturn|p1a: Torkoal|Protect\n|move|p1b: Lilligant|Sleep Powder|p2b: Typhlosion|[miss]\n|-miss|p1b: Lilligant|p2b: Typhlosion\n|move|p2b: Typhlosion|Eruption|p1b: Lilligant|[spread] p1b\n|-activate|p1a: Torkoal|move: Protect\n|-supereffective|p1b: Lilligant\n|-damage|p1b: Lilligant|0 fnt\n|faint|p1b: Lilligant\n|move|p2a: Torkoal|Heat Wave|p1a: Torkoal\n|-activate|p1a: Torkoal|move: Protect\n|\n|-weather|SunnyDay|[upkeep]\n|upkeep\n|\n|t:|1771265914\n|switch|p1b: Indeedee|Indeedee-F, F|100/100\n|-fieldstart|move: Psychic Terrain|[from] ability: Psychic Surge|[of] p1b: Indeedee\n|turn|2\n|\n|t:|1771265923\n|-terastallize|p2b: Typhlosion|Fire\n|move|p2b: Typhlosion|Eruption|p1a: Torkoal|[spread] p1a,p1b\n|-resisted|p1a: Torkoal\n|-damage|p1a: Torkoal|19/100\n|-damage|p1b: Indeedee|0 fnt\n|faint|p1b: Indeedee\n|move|p2a: Torkoal|Heat Wave|p1a: Torkoal\n|-resisted|p1a: Torkoal\n|-damage|p1a: Torkoal|0 fnt\n|faint|p1a: Torkoal\n|\n|-weather|SunnyDay|[upkeep]\n|upkeep\n|\n|t:|1771265938\n|switch|p1b: Hatterene|Hatterene, F|100/100\n|switch|p1a: Iron Hands|Iron Hands|100/100\n|turn|3\n|\n|t:|1771265947\n|-terastallize|p1b: Hatterene|Water\n|move|p2b: Typhlosion|Eruption|p1a: Iron Hands|[spread] p1a,p1b\n|-resisted|p1b: Hatterene\n|-damage|p1a: Iron Hands|24/100\n|-damage|p1b: Hatterene|41/100\n|move|p1a: Iron Hands|Drain Punch|p2a: Torkoal\n|-damage|p2a: Torkoal|63/100\n|-heal|p1a: Iron Hands|35/100|[from] drain|[of] p2a: Torkoal\n|move|p1b: Hatterene|Expanding Force|p2a: Torkoal|[spread] p2a,p2b\n|-damage|p2a: Torkoal|0 fnt\n|-damage|p2b: Typhlosion|8/100\n|faint|p2a: Torkoal\n|\n|-weather|SunnyDay|[upkeep]\n|-heal|p1b: Hatterene|47/100|[from] item: Leftovers\n|upkeep\n|\n|t:|1771265963\n|switch|p2a: Raging Bolt|Raging Bolt|100/100\n|-activate|p2a: Raging Bolt|ability: Protosynthesis\n|-start|p2a: Raging Bolt|protosynthesisspa\n|turn|4\n|\n|t:|1771265975\n|switch|p2b: Farigiraf|Farigiraf, M|100/100\n|move|p2a: Raging Bolt|Thunderbolt|p1b: Hatterene\n|-supereffective|p1b: Hatterene\n|-damage|p1b: Hatterene|0 fnt\n|faint|p1b: Hatterene\n|move|p1a: Iron Hands|Heavy Slam|p2b: Farigiraf\n|-damage|p2b: Farigiraf|77/100\n|\n|-weather|SunnyDay|[upkeep]\n|upkeep\n|\n|t:|1771265980\n|switch|p1b: Gholdengo|Gholdengo|100/100\n|-item|p1b: Gholdengo|Air Balloon\n|turn|5\n|\n|t:|1771266002\n|move|p1b: Gholdengo|Nasty Plot|p1b: Gholdengo\n|-boost|p1b: Gholdengo|spa|2\n|move|p2a: Raging Bolt|Thunderbolt|p1b: Gholdengo\n|-damage|p1b: Gholdengo|30/100\n|-enditem|p1b: Gholdengo|Air Balloon\n|move|p2b: Farigiraf|Psychic|p1a: Iron Hands\n|-supereffective|p1a: Iron Hands\n|-damage|p1a: Iron Hands|0 fnt\n|faint|p1a: Iron Hands\n|-end|p1a: Iron Hands|Quark Drive|[silent]\n|\n|-weather|SunnyDay|[upkeep]\n|upkeep\n|turn|6\n|\n|t:|1771266022\n|move|p1b: Gholdengo|Make It Rain|p2b: Farigiraf|[spread] p2a,p2b\n|-resisted|p2a: Raging Bolt\n|-damage|p2a: Raging Bolt|55/100\n|-damage|p2b: Farigiraf|0 fnt\n|-unboost|p1b: Gholdengo|spa|1\n|faint|p2b: Farigiraf\n|move|p2a: Raging Bolt|Thunderbolt|p1b: Gholdengo\n|-damage|p1b: Gholdengo|0 fnt\n|faint|p1b: Gholdengo\n|\n|win|drapionelectivire\n|raw|ellis9274's rating: 1575 &rarr; <strong>1567</strong><br />(-8 for losing)\n|raw|drapionelectivire's rating: 1808 &rarr; <strong>1816</strong><br />(+8 for winning)\n|l|☆ellis9274\n|player|p1|\n|l|☆drapionelectivire\n|player|p2|\n", "uploadtime": 1771266169, "views": 2, "formatid": "gen9doublesou", "rating": 1567, "private": 0, "password": null}