{"id": "gen9doublesou-2540180308", "format": "[Gen 9] Doubles OU", "players": ["86602l", "GrayWolf5"], "log": "|j|☆86602l\n|j|☆GrayWolf5\n|t:|1771172636\n|gametype|doubles\n|player|p1|86602l|102|1525\n|player|p2|GrayWolf5|lucas|1522\n|gen|9\n|tier|[Gen 9] Doubles OU\n|rated|\n|rule|HP Percentage Mod: HP is shown in percentages\n|rule|Endless Battle Clause: Forcing endless battles is banned\n|rule|Species Clause: Limit one of each Pokémon\n|rule|OHKO Clause: OHKO moves are banned\n|rule|Evasion Moves Clause: Evasion moves are banned\n|rule|Gravity Sleep Clause: The combination of sleep-inducing moves with imperfect accuracy and Gravity or Gigantamax Orbeetle are banned\n|rule|Evasion Abilities Clause: Evasion abilities are banned\n|clearpoke\n|poke|p1|Chi-Yu|\n|poke|p1|Gholdengo|\n|poke|p1|Iron Hands|\n|poke|p1|Tornadus, M|\n|poke|p1|Incineroar, F|\n|poke|p1|Ogerpon-Wellspring, F|\n|poke|p2|Garganacl, M|\n|poke|p2|Glimmora, M|\n|poke|p2|Incineroar, M|\n|poke|p2|Grimmsnarl, M|\n|poke|p2|Kleavor, M|\n|poke|p2|Rillaboom, M|\n|teampreview\n|inactive|Battle timer is ON: inactive players will automatically lose when time's up. (requested by 86602l)\n|\n|t:|1771172662\n|teamsize|p1|6\n|teamsize|p2|6\n|start\n|switch|p1a: Tornadus|Tornadus, M|100/100\n|switch|p1b: Chi-Yu|Chi-Yu|100/100\n|switch|p2a: Incineroar|Incineroar, M, shiny|100/100\n|switch|p2b: Kleavor|Kleavor, M, shiny|100/100\n|-ability|p1b: Chi-Yu|Beads of Ruin\n|-ability|p2a: Incineroar|Intimidate|boost\n|-unboost|p1a: Tornadus|atk|1\n|-unboost|p1b: Chi-Yu|atk|1\n|turn|1\n|\n|t:|1771172680\n|switch|p1b: Incineroar|Incineroar, F|100/100\n|-ability|p1b: Incineroar|Intimidate|boost\n|-unboost|p2a: Incineroar|atk|1\n|-unboost|p2b: Kleavor|atk|1\n|move|p2a: Incineroar|Fake Out|p1a: Tornadus\n|-damage|p1a: Tornadus|90/100\n|move|p2b: Kleavor|Stone Axe|p1b: Incineroar\n|-supereffective|p1b: Incineroar\n|-damage|p1b: Incineroar|36/100\n|-sidestart|p1: 86602l|move: Stealth Rock\n|-enditem|p1b: Incineroar|Sitrus Berry|[eat]\n|-heal|p1b: Incineroar|61/100|[from] item: Sitrus Berry\n|cant|p1a: Tornadus|flinch\n|\n|upkeep\n|turn|2\n|\n|t:|1771172702\n|switch|p2b: Glimmora|Glimmora, M, shiny|100/100\n|move|p1b: Incineroar|Fake Out|p2b: Glimmora\n|-resisted|p2b: Glimmora\n|-damage|p2b: Glimmora|96/100\n|-activate|p2b: Glimmora|ability: Toxic Debris\n|-sidestart|p1: 86602l|move: Toxic Spikes\n|move|p1a: Tornadus|Bleakwind Storm|p2a: Incineroar|[spread] p2a\n|-miss|p1a: Tornadus|p2b: Glimmora\n|-damage|p2a: Incineroar|73/100\n|move|p2a: Incineroar|Parting Shot|p1a: Tornadus\n|-unboost|p1a: Tornadus|atk|1\n|-unboost|p1a: Tornadus|spa|1\n|\n|t:|1771172717\n|switch|p2a: Kleavor|Kleavor, M, shiny|100/100|[from] Parting Shot\n|\n|-heal|p2b: Glimmora|100/100|[from] item: Black Sludge\n|upkeep\n|turn|3\n|\n|t:|1771172728\n|move|p1a: Tornadus|Tailwind|p1a: Tornadus\n|-sidestart|p1: 86602l|move: Tailwind\n|move|p2a: Kleavor|Stone Axe|p1a: Tornadus\n|-supereffective|p1a: Tornadus\n|-damage|p1a: Tornadus|0 fnt\n|faint|p1a: Tornadus\n|move|p1b: Incineroar|Parting Shot|p2b: Glimmora\n|-unboost|p2b: Glimmora|atk|1\n|-unboost|p2b: Glimmora|spa|1\n|\n|t:|1771172738\n|switch|p1b: Gholdengo|Gholdengo|100/100|[from] Parting Shot\n|-damage|p1b: Gholdengo|94/100|[from] Stealth Rock\n|move|p2b: Glimmora|Mortal Spin|p1b: Gholdengo\n|-immune|p1b: Gholdengo\n|\n|-heal|p1b: Gholdengo|100/100|[from] item: Leftovers\n|upkeep\n|\n|t:|1771172746\n|switch|p1a: Chi-Yu|Chi-Yu|100/100\n|-damage|p1a: Chi-Yu|76/100|[from] Stealth Rock\n|-status|p1a: Chi-Yu|psn\n|-ability|p1a: Chi-Yu|Beads of Ruin\n|turn|4\n|\n|t:|1771172768\n|switch|p2a: Incineroar|Incineroar, M, shiny|73/100\n|-ability|p2a: Incineroar|Intimidate|boost\n|-unboost|p1a: Chi-Yu|atk|1\n|-unboost|p1b: Gholdengo|atk|1\n|move|p2b: Glimmora|Spiky Shield|p2b: Glimmora\n|-singleturn|p2b: Glimmora|move: Protect\n|move|p1a: Chi-Yu|Heat Wave|p2b: Glimmora|[spread] \n|-activate|p2b: Glimmora|move: Protect\n|-miss|p1a: Chi-Yu|p2a: Incineroar\n|move|p1b: Gholdengo|Make It Rain|p2b: Glimmora|[spread] p2a\n|-activate|p2b: Glimmora|move: Protect\n|-resisted|p2a: Incineroar\n|-damage|p2a: Incineroar|47/100\n|-unboost|p1b: Gholdengo|spa|1\n|-enditem|p2a: Incineroar|Sitrus Berry|[eat]\n|-heal|p2a: Incineroar|72/100|[from] item: Sitrus Berry\n|\n|-damage|p1a: Chi-Yu|63/100 psn|[from] psn\n|upkeep\n|turn|5\n|\n|t:|1771172796\n|switch|p1a: Incineroar|Incineroar, F|61/100\n|-damage|p1a: Incineroar|36/100|[from] Stealth Rock\n|-status|p1a: Incineroar|psn\n|-ability|p1a: Incineroar|Intimidate|boost\n|-unboost|p2a: Incineroar|atk|1\n|-unboost|p2b: Glimmora|atk|1\n|move|p2a: Incineroar|Fake Out|p1a: Incineroar\n|-damage|p1a: Incineroar|30/100 psn\n|move|p1b: Gholdengo|Nasty Plot|p1b: Gholdengo\n|-boost|p1b: Gholdengo|spa|2\n|move|p2b: Glimmora|Earth Power|p1b: Gholdengo\n|-supereffective|p1b: Gholdengo\n|-damage|p1b: Gholdengo|64/100\n|\n|-heal|p1b: Gholdengo|71/100|[from] item: Leftovers\n|-damage|p1a: Incineroar|18/100 psn|[from] psn\n|upkeep\n|turn|6\n|\n|t:|1771172820\n|move|p2b: Glimmora|Spiky Shield|p2b: Glimmora\n|-singleturn|p2b: Glimmora|move: Protect\n|move|p1a: Incineroar|Fake Out|p2a: Incineroar\n|-damage|p2a: Incineroar|64/100\n|move|p1b: Gholdengo|Make It Rain|p2a: Incineroar|[spread] p2a\n|-activate|p2b: Glimmora|move: Protect\n|-resisted|p2a: Incineroar\n|-damage|p2a: Incineroar|39/100\n|-unboost|p1b: Gholdengo|spa|1\n|cant|p2a: Incineroar|flinch\n|\n|-heal|p1b: Gholdengo|77/100|[from] item: Leftovers\n|-damage|p1a: Incineroar|5/100 psn|[from] psn\n|-sideend|p1: 86602l|move: Tailwind\n|upkeep\n|turn|7\n|\n|t:|1771172841\n|move|p1b: Gholdengo|Nasty Plot|p1b: Gholdengo\n|-boost|p1b: Gholdengo|spa|2\n|move|p2b: Glimmora|Earth Power|p1b: Gholdengo\n|-supereffective|p1b: Gholdengo\n|-damage|p1b: Gholdengo|45/100\n|move|p1a: Incineroar|Parting Shot|p2b: Glimmora\n|-unboost|p2b: Glimmora|atk|1\n|-unboost|p2b: Glimmora|spa|1\n|\n|t:|1771172852\n|switch|p1a: Chi-Yu|Chi-Yu|63/100 psn|[from] Parting Shot\n|-damage|p1a: Chi-Yu|39/100 psn|[from] Stealth Rock\n|-ability|p1a: Chi-Yu|Beads of Ruin\n|move|p2a: Incineroar|Knock Off|p1b: Gholdengo\n|-supereffective|p1b: Gholdengo\n|-damage|p1b: Gholdengo|0 fnt\n|-enditem|p1b: Gholdengo|Leftovers|[from] move: Knock Off|[of] p2a: Incineroar\n|faint|p1b: Gholdengo\n|\n|-damage|p1a: Chi-Yu|26/100 psn|[from] psn\n|upkeep\n|inactive|86602l has 120 seconds left.\n|\n|t:|1771172867\n|switch|p1b: Ogerpon|Ogerpon-Wellspring, F|100/100\n|-damage|p1b: Ogerpon|88/100|[from] Stealth Rock\n|-status|p1b: Ogerpon|psn\n|turn|8\n|\n|t:|1771172880\n|switch|p2a: Grimmsnarl|Grimmsnarl, M, shiny|100/100\n|move|p2b: Glimmora|Spiky Shield|p2b: Glimmora\n|-singleturn|p2b: Glimmora|move: Protect\n|move|p1b: Ogerpon|Ivy Cudgel|p2a: Grimmsnarl|[anim] Ivy Cudgel Water\n|-damage|p2a: Grimmsnarl|49/100\n|move|p1a: Chi-Yu|Dark Pulse|p2b: Glimmora\n|-activate|p2b: Glimmora|move: Protect\n|\n|-damage|p1b: Ogerpon|76/100 psn|[from] psn\n|-damage|p1a: Chi-Yu|14/100 psn|[from] psn\n|upkeep\n|turn|9\n|\n|t:|1771172898\n|switch|p2b: Incineroar|Incineroar, M, shiny|39/100\n|-ability|p2b: Incineroar|Intimidate|boost\n|-unboost|p1a: Chi-Yu|atk|1\n|-unboost|p1b: Ogerpon|atk|1\n|move|p2a: Grimmsnarl|Parting Shot|p1b: Ogerpon\n|-unboost|p1b: Ogerpon|atk|1\n|-unboost|p1b: Ogerpon|spa|1\n|\n|t:|1771172912\n|switch|p2a: Glimmora|Glimmora, M, shiny|100/100|[from] Parting Shot\n|move|p1b: Ogerpon|Ivy Cudgel|p2a: Glimmora|[anim] Ivy Cudgel Water\n|-supereffective|p2a: Glimmora\n|-damage|p2a: Glimmora|56/100\n|-activate|p2a: Glimmora|ability: Toxic Debris\n|-sidestart|p1: 86602l|move: Toxic Spikes\n|move|p1a: Chi-Yu|Dark Pulse|p2b: Incineroar\n|-resisted|p2b: Incineroar\n|-damage|p2b: Incineroar|7/100\n|\n|-heal|p2a: Glimmora|62/100|[from] item: Black Sludge\n|-damage|p1b: Ogerpon|64/100 psn|[from] psn\n|-damage|p1a: Chi-Yu|2/100 psn|[from] psn\n|upkeep\n|turn|10\n|\n|t:|1771172935\n|switch|p1b: Incineroar|Incineroar, F|5/100 psn\n|-damage|p1b: Incineroar|0 fnt|[from] Stealth Rock\n|faint|p1b: Incineroar\n|move|p2b: Incineroar|Protect|p2b: Incineroar\n|-singleturn|p2b: Incineroar|Protect\n|move|p1a: Chi-Yu|Dark Pulse|p2a: Glimmora\n|-damage|p2a: Glimmora|0 fnt\n|faint|p2a: Glimmora\n|\n|-damage|p1a: Chi-Yu|0 fnt|[from] psn\n|faint|p1a: Chi-Yu\n|upkeep\n|\n|t:|1771172949\n|switch|p1a: Iron Hands|Iron Hands|100/100\n|switch|p2a: Grimmsnarl|Grimmsnarl, M, shiny|49/100\n|switch|p1b: Ogerpon|Ogerpon-Wellspring, F|64/100 psn\n|-damage|p1b: Ogerpon|51/100 psn|[from] Stealth Rock\n|-damage|p1a: Iron Hands|94/100|[from] Stealth Rock\n|-status|p1a: Iron Hands|tox\n|turn|11\n|\n|t:|1771172963\n|switch|p2b: Rillaboom|Rillaboom, M, shiny|100/100\n|-fieldstart|move: Grassy Terrain|[from] ability: Grassy Surge|[of] p2b: Rillaboom\n|move|p2a: Grimmsnarl|Parting Shot|p1a: Iron Hands\n|-fail|p1a: Iron Hands|unboost|[from] item: Clear Amulet|[of] p1a: Iron Hands\n|move|p1b: Ogerpon|Ivy Cudgel|p2a: Grimmsnarl|[anim] Ivy Cudgel Water\n|-damage|p2a: Grimmsnarl|0 fnt\n|faint|p2a: Grimmsnarl\n|move|p1a: Iron Hands|Swords Dance|p1a: Iron Hands\n|-boost|p1a: Iron Hands|atk|2\n|\n|-heal|p1b: Ogerpon|57/100 psn|[from] Grassy Terrain\n|-heal|p1a: Iron Hands|100/100 tox|[from] Grassy Terrain\n|-damage|p1b: Ogerpon|45/100 psn|[from] psn\n|-damage|p1a: Iron Hands|94/100 tox|[from] psn\n|upkeep\n|inactive|GrayWolf5 has 120 seconds left.\n|\n|t:|1771172993\n|switch|p2a: Kleavor|Kleavor, M, shiny|100/100\n|turn|12\n|\n|t:|1771173005\n|move|p1b: Ogerpon|Follow Me|p1b: Ogerpon\n|-singleturn|p1b: Ogerpon|move: Follow Me\n|move|p2a: Kleavor|X-Scissor|p1b: Ogerpon\n|-supereffective|p1b: Ogerpon\n|-damage|p1b: Ogerpon|0 fnt\n|faint|p1b: Ogerpon\n|move|p2b: Rillaboom|U-turn|p1a: Iron Hands\n|-resisted|p1a: Iron Hands\n|-damage|p1a: Iron Hands|85/100 tox\n|\n|t:|1771173021\n|switch|p2b: Garganacl|Garganacl, M, shiny|100/100|[from] U-turn\n|move|p1a: Iron Hands|Ice Punch|p2b: Garganacl\n|-damage|p2b: Garganacl|63/100\n|\n|-heal|p1a: Iron Hands|91/100 tox|[from] Grassy Terrain\n|-heal|p2b: Garganacl|70/100|[from] Grassy Terrain\n|-heal|p2b: Garganacl|76/100|[from] item: Leftovers\n|-damage|p1a: Iron Hands|79/100 tox|[from] psn\n|upkeep\n|turn|13\n|\n|t:|1771173040\n|-terastallize|p2b: Garganacl|Fighting\n|move|p2a: Kleavor|X-Scissor|p1a: Iron Hands\n|-resisted|p1a: Iron Hands\n|-damage|p1a: Iron Hands|56/100 tox\n|move|p1a: Iron Hands|Drain Punch|p2a: Kleavor\n|-damage|p2a: Kleavor|0 fnt\n|-heal|p1a: Iron Hands|87/100 tox|[from] drain|[of] p2a: Kleavor\n|faint|p2a: Kleavor\n|move|p2b: Garganacl|Iron Defense|p2b: Garganacl\n|-boost|p2b: Garganacl|def|2\n|\n|-heal|p1a: Iron Hands|94/100 tox|[from] Grassy Terrain\n|-heal|p2b: Garganacl|82/100|[from] Grassy Terrain\n|-heal|p2b: Garganacl|88/100|[from] item: Leftovers\n|-damage|p1a: Iron Hands|75/100 tox|[from] psn\n|upkeep\n|\n|t:|1771173055\n|switch|p2a: Incineroar|Incineroar, M, shiny|7/100\n|-ability|p2a: Incineroar|Intimidate|boost\n|-fail|p1a: Iron Hands|unboost|[from] item: Clear Amulet|[of] p1a: Iron Hands\n|turn|14\n|\n|t:|1771173061\n|move|p1a: Iron Hands|Protect|p1a: Iron Hands\n|-singleturn|p1a: Iron Hands|Protect\n|move|p2a: Incineroar|Fake Out|p1a: Iron Hands\n|-activate|p1a: Iron Hands|move: Protect\n|move|p2b: Garganacl|Iron Defense|p2b: Garganacl\n|-boost|p2b: Garganacl|def|2\n|\n|-heal|p1a: Iron Hands|81/100 tox|[from] Grassy Terrain\n|-heal|p2a: Incineroar|13/100|[from] Grassy Terrain\n|-heal|p2b: Garganacl|95/100|[from] Grassy Terrain\n|-heal|p2b: Garganacl|100/100|[from] item: Leftovers\n|-damage|p1a: Iron Hands|56/100 tox|[from] psn\n|upkeep\n|turn|15\n|\n|t:|1771173075\n|move|p1a: Iron Hands|Swords Dance|p1a: Iron Hands\n|-boost|p1a: Iron Hands|atk|2\n|move|p2a: Incineroar|Knock Off|p1a: Iron Hands\n|-resisted|p1a: Iron Hands\n|-damage|p1a: Iron Hands|42/100 tox\n|-enditem|p1a: Iron Hands|Clear Amulet|[from] move: Knock Off|[of] p2a: Incineroar\n|move|p2b: Garganacl|Salt Cure|p1a: Iron Hands\n|-resisted|p1a: Iron Hands\n|-crit|p1a: Iron Hands\n|-damage|p1a: Iron Hands|34/100 tox\n|-start|p1a: Iron Hands|Salt Cure\n|\n|-heal|p1a: Iron Hands|40/100 tox|[from] Grassy Terrain\n|-heal|p2a: Incineroar|19/100|[from] Grassy Terrain\n|-damage|p1a: Iron Hands|9/100 tox|[from] psn\n|-damage|p1a: Iron Hands|0 fnt|[from] Salt Cure\n|faint|p1a: Iron Hands\n|-end|p1a: Iron Hands|Quark Drive|[silent]\n|\n|win|GrayWolf5\n|raw|86602l's rating: 1525 &rarr; <strong>1505</strong><br />(-20 for losing)\n|raw|GrayWolf5's rating: 1522 &rarr; <strong>1542</strong><br />(+20 for winning)\n|l|☆GrayWolf5\n|player|p2|\n", "uploadtime": 1771173465, "views": 12, "formatid": "gen9doublesou", "rating": 1505, "private": 0, "password": null}