{"id": "gen9doublesou-2540571971", "format": "[Gen 9] Doubles OU", "players": ["LeBronFan54", "kingbeee"], "log": "|j|☆LeBronFan54\n|j|☆kingbeee\n|t:|1771219951\n|gametype|doubles\n|player|p1|LeBronFan54|170|1575\n|player|p2|kingbeee|waiter-gen4dp|1665\n|gen|9\n|tier|[Gen 9] Doubles OU\n|rated|\n|rule|HP Percentage Mod: HP is shown in percentages\n|rule|Endless Battle Clause: Forcing endless battles is banned\n|rule|Species Clause: Limit one of each Pokémon\n|rule|OHKO Clause: OHKO moves are banned\n|rule|Evasion Moves Clause: Evasion moves are banned\n|rule|Gravity Sleep Clause: The combination of sleep-inducing moves with imperfect accuracy and Gravity or Gigantamax Orbeetle are banned\n|rule|Evasion Abilities Clause: Evasion abilities are banned\n|clearpoke\n|poke|p1|Primarina, M|\n|poke|p1|Rillaboom, M|\n|poke|p1|Raging Bolt|\n|poke|p1|Gholdengo|\n|poke|p1|Clefairy, M|\n|poke|p1|Ursaluna-Bloodmoon, M|\n|poke|p2|Hoopa-Unbound|\n|poke|p2|Indeedee-F, F|\n|poke|p2|Torkoal, M|\n|poke|p2|Diancie|\n|poke|p2|Hatterene, F|\n|poke|p2|Ursaluna, M|\n|teampreview\n|inactive|Battle timer is ON: inactive players will automatically lose when time's up. (requested by LeBronFan54)\n|j| Dark darmanitan\n|\n|t:|1771219982\n|teamsize|p1|6\n|teamsize|p2|6\n|start\n|switch|p1a: Von|Ursaluna-Bloodmoon, M|100/100\n|switch|p1b: Blackrock|Gholdengo|100/100\n|switch|p2a: Hoopa|Hoopa-Unbound|100/100\n|switch|p2b: Indeedee|Indeedee-F, F, shiny|100/100\n|-fieldstart|move: Psychic Terrain|[from] ability: Psychic Surge|[of] p2b: Indeedee\n|-enditem|p2a: Hoopa|Psychic Seed\n|-boost|p2a: Hoopa|spd|1|[from] item: Psychic Seed\n|turn|1\n|\n|t:|1771219999\n|switch|p1b: CP3|Clefairy, M|100/100\n|move|p2a: Hoopa|Hyperspace Fury|p1b: CP3\n|-resisted|p1b: CP3\n|-damage|p1b: CP3|65/100\n|-unboost|p2a: Hoopa|def|1\n|-item|p2a: Hoopa|Eviolite|[from] ability: Magician|[of] p1b: CP3\n|move|p1a: Von|Taunt|p2b: Indeedee\n|-start|p2b: Indeedee|move: Taunt\n|cant|p2b: Indeedee|move: Taunt|Trick Room\n|\n|upkeep\n|turn|2\n|\n|t:|1771220013\n|move|p1b: CP3|Helping Hand|p1a: Von\n|-singleturn|p1a: Von|Helping Hand|[of] p1b: CP3\n|move|p2b: Indeedee|Dazzling Gleam|p1a: Von|[spread] p1a,p1b\n|-damage|p1a: Von|90/100\n|-damage|p1b: CP3|52/100\n|move|p2a: Hoopa|Expanding Force|p1a: Von|[spread] p1a,p1b\n|-damage|p1a: Von|40/100\n|-damage|p1b: CP3|0 fnt\n|faint|p1b: CP3\n|move|p1a: Von|Hyper Voice|p2a: Hoopa|[spread] p2a,p2b\n|-damage|p2a: Hoopa|73/100\n|-damage|p2b: Indeedee|49/100\n|-enditem|p1a: Von|Throat Spray\n|-boost|p1a: Von|spa|1|[from] item: Throat Spray\n|\n|upkeep\n|\n|t:|1771220024\n|switch|p1b: Riller|Rillaboom, M|100/100\n|-fieldstart|move: Grassy Terrain|[from] ability: Grassy Surge|[of] p1b: Riller\n|turn|3\n|\n|t:|1771220038\n|switch|p2b: Hatterene|Hatterene, F|100/100\n|switch|p2a: Diancie|Diancie, shiny|100/100\n|move|p1b: Riller|U-turn|p2a: Diancie\n|-resisted|p2a: Diancie\n|-damage|p2a: Diancie|92/100\n|\n|t:|1771220046\n|switch|p1b: Blackrock|Gholdengo|100/100|[from] U-turn\n|move|p1a: Von|Hyper Voice|p2a: Diancie|[spread] p2a,p2b\n|-resisted|p2a: Diancie\n|-damage|p2a: Diancie|69/100\n|-damage|p2b: Hatterene|34/100\n|\n|-heal|p1a: Von|46/100|[from] Grassy Terrain\n|-heal|p2a: Diancie|75/100|[from] Grassy Terrain\n|-heal|p2b: Hatterene|39/100|[from] Grassy Terrain\n|upkeep\n|turn|4\n|\n|t:|1771220054\n|switch|p2a: Indeedee|Indeedee-F, F, shiny|49/100\n|-fieldstart|move: Psychic Terrain|[from] ability: Psychic Surge|[of] p2a: Indeedee\n|move|p1b: Blackrock|Make It Rain|p2b: Hatterene|[spread] p2a,p2b\n|-supereffective|p2b: Hatterene\n|-damage|p2a: Indeedee|4/100\n|-damage|p2b: Hatterene|0 fnt\n|-unboost|p1b: Blackrock|spa|1\n|faint|p2b: Hatterene\n|move|p1a: Von|Hyper Voice|p2a: Indeedee\n|-damage|p2a: Indeedee|0 fnt\n|faint|p2a: Indeedee\n|\n|upkeep\n|\n|t:|1771220064\n|switch|p2a: Diancie|Diancie, shiny|75/100\n|switch|p2b: Hoopa|Hoopa-Unbound|73/100\n|turn|5\n|\n|t:|1771220076\n|-terastallize|p2a: Diancie|Grass\n|move|p1b: Blackrock|Make It Rain|p2a: Diancie|[spread] p2a,p2b\n|-damage|p2a: Diancie|43/100\n|-damage|p2b: Hoopa|44/100\n|-unboost|p1b: Blackrock|spa|1\n|move|p2b: Hoopa|Hyperspace Fury|p1a: Von\n|-damage|p1a: Von|0 fnt\n|-unboost|p2b: Hoopa|def|1\n|faint|p1a: Von\n|move|p2a: Diancie|Trick Room|p2a: Diancie\n|-fieldstart|move: Trick Room|[of] p2a: Diancie\n|\n|upkeep\n|\n|t:|1771220087\n|switch|p1a: Agenda Maintainer|Raging Bolt|100/100\n|turn|6\n|\n|t:|1771220105\n|switch|p1b: Riller|Rillaboom, M|100/100\n|-fieldstart|move: Grassy Terrain|[from] ability: Grassy Surge|[of] p1b: Riller\n|-terastallize|p1a: Agenda Maintainer|Fairy\n|move|p2a: Diancie|Diamond Storm|p1b: Riller|[spread] p1a,p1b\n|-damage|p1a: Agenda Maintainer|67/100\n|-damage|p1b: Riller|57/100\n|move|p2b: Hoopa|Hyperspace Fury|p1b: Riller\n|-damage|p1b: Riller|0 fnt\n|-unboost|p2b: Hoopa|def|1\n|faint|p1b: Riller\n|move|p1a: Agenda Maintainer|Thunderbolt|p2b: Hoopa\n|-damage|p2b: Hoopa|6/100\n|\n|-heal|p2a: Diancie|49/100|[from] Grassy Terrain\n|-heal|p2b: Hoopa|12/100|[from] Grassy Terrain\n|-heal|p1a: Agenda Maintainer|73/100|[from] Grassy Terrain\n|-heal|p1a: Agenda Maintainer|79/100|[from] item: Leftovers\n|upkeep\n|\n|t:|1771220118\n|switch|p1b: Tha Big Rina|Primarina, M|100/100\n|turn|7\n|\n|t:|1771220127\n|switch|p2b: Ursaluna|Ursaluna, M, shiny|100/100\n|move|p1a: Agenda Maintainer|Thunderclap||[still]\n|-fail|p1a: Agenda Maintainer\n|move|p2a: Diancie|Diamond Storm|p1a: Agenda Maintainer|[spread] p1a,p1b\n|-damage|p1a: Agenda Maintainer|45/100\n|-damage|p1b: Tha Big Rina|47/100\n|move|p1b: Tha Big Rina|Moonblast|p2a: Diancie\n|-damage|p2a: Diancie|5/100\n|\n|-heal|p2a: Diancie|11/100|[from] Grassy Terrain\n|-heal|p1b: Tha Big Rina|53/100|[from] Grassy Terrain\n|-heal|p1b: Tha Big Rina|59/100|[from] item: Leftovers\n|-heal|p1a: Agenda Maintainer|51/100|[from] Grassy Terrain\n|-heal|p1a: Agenda Maintainer|57/100|[from] item: Leftovers\n|-status|p2b: Ursaluna|brn|[from] item: Flame Orb\n|upkeep\n|turn|8\n|\n|t:|1771220144\n|move|p1b: Tha Big Rina|Protect|p1b: Tha Big Rina\n|-singleturn|p1b: Tha Big Rina|Protect\n|move|p2b: Ursaluna|Facade|p1b: Tha Big Rina\n|-activate|p1b: Tha Big Rina|move: Protect\n|move|p2a: Diancie|Diamond Storm|p1b: Tha Big Rina|[spread] p1a\n|-activate|p1b: Tha Big Rina|move: Protect\n|-damage|p1a: Agenda Maintainer|21/100\n|move|p1a: Agenda Maintainer|Dragon Pulse|p2a: Diancie\n|-damage|p2a: Diancie|0 fnt\n|faint|p2a: Diancie\n|\n|-heal|p1b: Tha Big Rina|65/100|[from] Grassy Terrain\n|-heal|p1b: Tha Big Rina|71/100|[from] item: Leftovers\n|-heal|p1a: Agenda Maintainer|27/100|[from] Grassy Terrain\n|-heal|p1a: Agenda Maintainer|33/100|[from] item: Leftovers\n|-damage|p2b: Ursaluna|94/100 brn|[from] brn\n|upkeep\n|\n|t:|1771220157\n|switch|p2a: Torkoal|Torkoal, M, shiny|100/100\n|-weather|SunnyDay|[from] ability: Drought|[of] p2a: Torkoal\n|-activate|p1a: Agenda Maintainer|ability: Protosynthesis\n|-start|p1a: Agenda Maintainer|protosynthesisspa\n|turn|9\n|\n|t:|1771220167\n|move|p1a: Agenda Maintainer|Thunderclap|p2a: Torkoal\n|-damage|p2a: Torkoal|31/100\n|move|p2a: Torkoal|Heat Wave|p1a: Agenda Maintainer|[spread] p1a,p1b\n|-resisted|p1b: Tha Big Rina\n|-damage|p1a: Agenda Maintainer|0 fnt\n|-damage|p1b: Tha Big Rina|49/100\n|faint|p1a: Agenda Maintainer\n|-end|p1a: Agenda Maintainer|Protosynthesis|[silent]\n|move|p2b: Ursaluna|Headlong Rush|p1b: Tha Big Rina\n|-damage|p1b: Tha Big Rina|0 fnt\n|-unboost|p2b: Ursaluna|def|1\n|-unboost|p2b: Ursaluna|spd|1\n|faint|p1b: Tha Big Rina\n|\n|-weather|SunnyDay|[upkeep]\n|-heal|p2a: Torkoal|38/100|[from] Grassy Terrain\n|-heal|p2b: Ursaluna|100/100 brn|[from] Grassy Terrain\n|-damage|p2b: Ursaluna|94/100 brn|[from] brn\n|-fieldend|move: Trick Room\n|upkeep\n|\n|t:|1771220175\n|switch|p1b: Blackrock|Gholdengo|100/100\n|turn|10\n|\n|t:|1771220180\n|switch|p2b: Hoopa|Hoopa-Unbound|12/100\n|move|p1b: Blackrock|Make It Rain|p2b: Hoopa|[spread] p2a,p2b\n|-resisted|p2a: Torkoal\n|-damage|p2a: Torkoal|3/100\n|-damage|p2b: Hoopa|0 fnt\n|-unboost|p1b: Blackrock|spa|1\n|faint|p2b: Hoopa\n|move|p2a: Torkoal|Heat Wave|p1b: Blackrock\n|-supereffective|p1b: Blackrock\n|-damage|p1b: Blackrock|0 fnt\n|faint|p1b: Blackrock\n|\n|win|kingbeee\n|raw|LeBronFan54's rating: 1575 &rarr; <strong>1560</strong><br />(-15 for losing)\n|raw|kingbeee's rating: 1665 &rarr; <strong>1680</strong><br />(+15 for winning)\n|l|☆LeBronFan54\n|player|p1|\n|l|☆kingbeee\n|player|p2|\n", "uploadtime": 1771220485, "views": 14, "formatid": "gen9doublesou", "rating": 1560, "private": 0, "password": null}