{"id": "gen9doublesou-2540902017", "format": "[Gen 9] Doubles OU", "players": ["Whiteflame20", "refridgenator"], "log": "|j|☆Whiteflame20\n|j|☆refridgenator\n|t:|1771265487\n|gametype|doubles\n|player|p1|Whiteflame20|hilda-masters3|1615\n|player|p2|refridgenator|swimmer-gen4dp|1658\n|gen|9\n|tier|[Gen 9] Doubles OU\n|rated|\n|rule|HP Percentage Mod: HP is shown in percentages\n|rule|Endless Battle Clause: Forcing endless battles is banned\n|rule|Species Clause: Limit one of each Pokémon\n|rule|OHKO Clause: OHKO moves are banned\n|rule|Evasion Moves Clause: Evasion moves are banned\n|rule|Gravity Sleep Clause: The combination of sleep-inducing moves with imperfect accuracy and Gravity or Gigantamax Orbeetle are banned\n|rule|Evasion Abilities Clause: Evasion abilities are banned\n|clearpoke\n|poke|p1|Mew|\n|poke|p1|Dragonite, M|\n|poke|p1|Chien-Pao|\n|poke|p1|Okidogi, M|\n|poke|p1|Gholdengo|\n|poke|p1|Ogerpon-Wellspring, F|\n|poke|p2|Milotic, F|\n|poke|p2|Ninetales-Alola, F|\n|poke|p2|Incineroar, M|\n|poke|p2|Amoonguss, M|\n|poke|p2|Cresselia, F|\n|poke|p2|Porygon2|\n|teampreview\n|\n|t:|1771265511\n|teamsize|p1|6\n|teamsize|p2|6\n|start\n|switch|p1a: Ogerpon|Ogerpon-Wellspring, F|100/100\n|switch|p1b: Chien-Pao|Chien-Pao|100/100\n|switch|p2a: Porygon2|Porygon2|100/100\n|switch|p2b: Cresselia|Cresselia, F|100/100\n|-ability|p1b: Chien-Pao|Sword of Ruin\n|-ability|p2a: Porygon2|Download|boost\n|-boost|p2a: Porygon2|spa|1\n|turn|1\n|inactive|Battle timer is ON: inactive players will automatically lose when time's up. (requested by refridgenator)\n|inactive|refridgenator has 120 seconds left.\n|\n|t:|1771265549\n|switch|p2b: Ninetales|Ninetales-Alola, F|100/100\n|-weather|Snowscape|[from] ability: Snow Warning|[of] p2b: Ninetales\n|move|p1b: Chien-Pao|Brick Break|p2a: Porygon2\n|-supereffective|p2a: Porygon2\n|-damage|p2a: Porygon2|57/100\n|move|p1a: Ogerpon|Taunt|p2b: Ninetales\n|-start|p2b: Ninetales|move: Taunt\n|move|p2a: Porygon2|Trick Room|p2a: Porygon2\n|-fieldstart|move: Trick Room|[of] p2a: Porygon2\n|\n|-weather|Snowscape|[upkeep]\n|upkeep\n|turn|2\n|inactive|refridgenator has 120 seconds left.\n|\n|t:|1771265582\n|switch|p1b: Gholdengo|Gholdengo|100/100\n|move|p2a: Porygon2|Blizzard|p1b: Gholdengo|[spread] p1a,p1b\n|-resisted|p1b: Gholdengo\n|-damage|p1a: Ogerpon|59/100\n|-damage|p1b: Gholdengo|81/100\n|-status|p1a: Ogerpon|frz\n|move|p2b: Ninetales|Moonblast|p1b: Gholdengo\n|-resisted|p1b: Gholdengo\n|-damage|p1b: Gholdengo|67/100\n|cant|p1a: Ogerpon|frz\n|\n|-weather|Snowscape|[upkeep]\n|-heal|p1b: Gholdengo|73/100|[from] item: Leftovers\n|upkeep\n|turn|3\n|\n|t:|1771265604\n|switch|p2b: Incineroar|Incineroar, M|100/100\n|-ability|p2b: Incineroar|Intimidate|boost\n|-unboost|p1a: Ogerpon|atk|1\n|-unboost|p1b: Gholdengo|atk|1\n|-terastallize|p2a: Porygon2|Ground\n|move|p1b: Gholdengo|Protect|p1b: Gholdengo\n|-singleturn|p1b: Gholdengo|Protect\n|move|p2a: Porygon2|Tera Blast|p1b: Gholdengo|[anim] Tera Blast Ground\n|-activate|p1b: Gholdengo|move: Protect\n|-curestatus|p1a: Ogerpon|frz|[msg]\n|move|p1a: Ogerpon|Ivy Cudgel|p2a: Porygon2|[anim] Ivy Cudgel Water\n|-supereffective|p2a: Porygon2\n|-damage|p2a: Porygon2|10/100\n|\n|-weather|Snowscape|[upkeep]\n|-heal|p1b: Gholdengo|79/100|[from] item: Leftovers\n|upkeep\n|turn|4\n|\n|t:|1771265629\n|switch|p1b: Dragonite|Dragonite, M|100/100\n|move|p1a: Ogerpon|Spiky Shield|p1a: Ogerpon\n|-singleturn|p1a: Ogerpon|move: Protect\n|move|p2b: Incineroar|Fake Out|p1a: Ogerpon\n|-activate|p1a: Ogerpon|move: Protect\n|-damage|p2b: Incineroar|88/100|[from] Spiky Shield|[of] p1a: Ogerpon\n|move|p2a: Porygon2|Tera Blast|p1b: Dragonite|[anim] Tera Blast Ground\n|-immune|p1b: Dragonite\n|\n|-weather|Snowscape|[upkeep]\n|upkeep\n|turn|5\n|\n|t:|1771265650\n|move|p2a: Porygon2|Blizzard|p1a: Ogerpon|[spread] p1a,p1b\n|-supereffective|p1b: Dragonite\n|-damage|p1a: Ogerpon|19/100\n|-damage|p1b: Dragonite|14/100\n|move|p2b: Incineroar|Knock Off|p1b: Dragonite\n|-damage|p1b: Dragonite|0 fnt\n|-enditem|p1b: Dragonite|Loaded Dice|[from] move: Knock Off|[of] p2b: Incineroar\n|faint|p1b: Dragonite\n|move|p1a: Ogerpon|Ivy Cudgel|p2a: Porygon2|[anim] Ivy Cudgel Water\n|-supereffective|p2a: Porygon2\n|-damage|p2a: Porygon2|0 fnt\n|faint|p2a: Porygon2\n|\n|-weather|none\n|-fieldend|move: Trick Room\n|upkeep\n|inactive|refridgenator has 120 seconds left.\n|\n|t:|1771265673\n|switch|p1b: Okidogi|Okidogi, M|100/100\n|switch|p2a: Amoonguss|Amoonguss, M|100/100\n|turn|6\n|\n|t:|1771265685\n|switch|p2b: Cresselia|Cresselia, F|100/100\n|move|p1a: Ogerpon|Ivy Cudgel|p2b: Cresselia|[anim] Ivy Cudgel Water\n|-damage|p2b: Cresselia|75/100\n|move|p1b: Okidogi|Gunk Shot|p2a: Amoonguss\n|-damage|p2a: Amoonguss|36/100\n|move|p2a: Amoonguss|Spore|p1b: Okidogi\n|-status|p1b: Okidogi|slp|[from] move: Spore\n|\n|upkeep\n|turn|7\n|\n|t:|1771265708\n|switch|p1b: Chien-Pao|Chien-Pao|100/100\n|-ability|p1b: Chien-Pao|Sword of Ruin\n|move|p1a: Ogerpon|Taunt|p2b: Cresselia\n|-start|p2b: Cresselia|move: Taunt\n|move|p2a: Amoonguss|Pollen Puff|p1a: Ogerpon\n|-supereffective|p1a: Ogerpon\n|-damage|p1a: Ogerpon|0 fnt\n|faint|p1a: Ogerpon\n|cant|p2b: Cresselia|move: Taunt|Trick Room\n|\n|upkeep\n|\n|t:|1771265716\n|switch|p1a: Gholdengo|Gholdengo|79/100\n|turn|8\n|\n|t:|1771265729\n|switch|p2b: Milotic|Milotic, F|100/100\n|switch|p2a: Incineroar|Incineroar, M|88/100\n|-ability|p2a: Incineroar|Intimidate|boost\n|-unboost|p1a: Gholdengo|atk|1\n|-unboost|p1b: Chien-Pao|atk|1\n|move|p1b: Chien-Pao|Ice Spinner|p2a: Incineroar\n|-resisted|p2a: Incineroar\n|-damage|p2a: Incineroar|72/100\n|move|p1a: Gholdengo|Nasty Plot|p1a: Gholdengo\n|-boost|p1a: Gholdengo|spa|2\n|\n|-heal|p1a: Gholdengo|85/100|[from] item: Leftovers\n|upkeep\n|turn|9\n|\n|t:|1771265757\n|switch|p1b: Okidogi|Okidogi, M|100/100 slp\n|-terastallize|p1a: Gholdengo|Dragon\n|move|p1a: Gholdengo|Shadow Ball|p2b: Milotic\n|-damage|p2b: Milotic|50/100\n|move|p2a: Incineroar|Knock Off|p1a: Gholdengo\n|-damage|p1a: Gholdengo|46/100\n|-enditem|p1a: Gholdengo|Leftovers|[from] move: Knock Off|[of] p2a: Incineroar\n|move|p2b: Milotic|Muddy Water|p1a: Gholdengo|[spread] p1a,p1b\n|-resisted|p1a: Gholdengo\n|-damage|p1a: Gholdengo|33/100\n|-damage|p1b: Okidogi|79/100 slp\n|\n|-heal|p2b: Milotic|56/100|[from] item: Leftovers\n|upkeep\n|turn|10\n|\n|t:|1771265785\n|move|p1a: Gholdengo|Shadow Ball|p2b: Milotic\n|-damage|p2b: Milotic|0 fnt\n|faint|p2b: Milotic\n|cant|p1b: Okidogi|slp\n|move|p2a: Incineroar|Knock Off|p1a: Gholdengo\n|-damage|p1a: Gholdengo|9/100\n|\n|upkeep\n|\n|t:|1771265794\n|switch|p2b: Cresselia|Cresselia, F|75/100\n|turn|11\n|\n|t:|1771265810\n|switch|p2b: Amoonguss|Amoonguss, M|69/100\n|move|p1a: Gholdengo|Shadow Ball|p2b: Amoonguss\n|-damage|p2b: Amoonguss|0 fnt\n|faint|p2b: Amoonguss\n|-curestatus|p1b: Okidogi|slp|[msg]\n|move|p1b: Okidogi|Drain Punch|p2a: Incineroar\n|-supereffective|p2a: Incineroar\n|-damage|p2a: Incineroar|7/100\n|-heal|p1b: Okidogi|100/100|[from] drain|[of] p2a: Incineroar\n|-enditem|p2a: Incineroar|Sitrus Berry|[eat]\n|-heal|p2a: Incineroar|31/100|[from] item: Sitrus Berry\n|move|p2a: Incineroar|Knock Off|p1a: Gholdengo\n|-crit|p1a: Gholdengo\n|-damage|p1a: Gholdengo|0 fnt\n|faint|p1a: Gholdengo\n|\n|upkeep\n|inactive|refridgenator has 120 seconds left.\n|\n|t:|1771265831\n|switch|p1a: Mew|Mew|100/100\n|switch|p2b: Cresselia|Cresselia, F|75/100\n|turn|12\n|\n|t:|1771265844\n|switch|p2a: Ninetales|Ninetales-Alola, F|100/100\n|-weather|Snowscape|[from] ability: Snow Warning|[of] p2a: Ninetales\n|move|p1b: Okidogi|Protect|p1b: Okidogi\n|-singleturn|p1b: Okidogi|Protect\n|move|p1a: Mew|Snarl|p2a: Ninetales|[spread] p2a,p2b\n|-resisted|p2a: Ninetales\n|-supereffective|p2b: Cresselia\n|-damage|p2a: Ninetales|97/100\n|-damage|p2b: Cresselia|66/100\n|-unboost|p2a: Ninetales|spa|1\n|-unboost|p2b: Cresselia|spa|1\n|move|p2b: Cresselia|Psychic|p1b: Okidogi\n|-activate|p1b: Okidogi|move: Protect\n|\n|-weather|Snowscape|[upkeep]\n|upkeep\n|turn|13\n|\n|t:|1771265871\n|switch|p1b: Chien-Pao|Chien-Pao|100/100\n|-ability|p1b: Chien-Pao|Sword of Ruin\n|move|p2a: Ninetales|Protect|p2a: Ninetales\n|-singleturn|p2a: Ninetales|Protect\n|move|p1a: Mew|Snarl|p2a: Ninetales|[spread] p2b\n|-activate|p2a: Ninetales|move: Protect\n|-supereffective|p2b: Cresselia\n|-damage|p2b: Cresselia|55/100\n|-unboost|p2b: Cresselia|spa|1\n|move|p2b: Cresselia|Trick Room|p2b: Cresselia\n|-fieldstart|move: Trick Room|[of] p2b: Cresselia\n|\n|-weather|Snowscape|[upkeep]\n|upkeep\n|turn|14\n|\n|t:|1771265894\n|switch|p2b: Incineroar|Incineroar, M|31/100\n|-ability|p2b: Incineroar|Intimidate|boost\n|-unboost|p1a: Mew|atk|1\n|-unboost|p1b: Chien-Pao|atk|1\n|move|p2a: Ninetales|Moonblast|p1b: Chien-Pao\n|-supereffective|p1b: Chien-Pao\n|-damage|p1b: Chien-Pao|46/100\n|move|p1a: Mew|Snarl|p2a: Ninetales|[spread] p2a,p2b\n|-resisted|p2a: Ninetales\n|-resisted|p2b: Incineroar\n|-damage|p2a: Ninetales|94/100\n|-damage|p2b: Incineroar|28/100\n|-unboost|p2a: Ninetales|spa|1\n|-unboost|p2b: Incineroar|spa|1\n|move|p1b: Chien-Pao|Ice Spinner|p2b: Incineroar\n|-resisted|p2b: Incineroar\n|-damage|p2b: Incineroar|13/100\n|\n|-weather|Snowscape|[upkeep]\n|upkeep\n|turn|15\n|\n|t:|1771265918\n|move|p1b: Chien-Pao|Protect|p1b: Chien-Pao\n|-singleturn|p1b: Chien-Pao|Protect\n|move|p2b: Incineroar|Knock Off|p1a: Mew\n|-supereffective|p1a: Mew\n|-damage|p1a: Mew|7/100\n|-enditem|p1a: Mew|Mental Herb|[from] move: Knock Off|[of] p2b: Incineroar\n|move|p2a: Ninetales|Aurora Veil|p2a: Ninetales\n|-sidestart|p2: refridgenator|move: Aurora Veil\n|move|p1a: Mew|Snarl|p2a: Ninetales|[spread] p2a,p2b\n|-resisted|p2a: Ninetales\n|-resisted|p2b: Incineroar\n|-damage|p2a: Ninetales|91/100\n|-damage|p2b: Incineroar|10/100\n|-unboost|p2a: Ninetales|spa|1\n|-unboost|p2b: Incineroar|spa|1\n|\n|-weather|Snowscape|[upkeep]\n|upkeep\n|turn|16\n|\n|t:|1771265936\n|move|p1b: Chien-Pao|Sucker Punch|p2b: Incineroar\n|-resisted|p2b: Incineroar\n|-damage|p2b: Incineroar|2/100\n|move|p2b: Incineroar|Flare Blitz|p1b: Chien-Pao\n|-supereffective|p1b: Chien-Pao\n|-damage|p1b: Chien-Pao|0 fnt\n|faint|p1b: Chien-Pao\n|-damage|p2b: Incineroar|0 fnt|[from] Recoil\n|faint|p2b: Incineroar\n|move|p2a: Ninetales|Moonblast|p1a: Mew\n|-damage|p1a: Mew|0 fnt\n|faint|p1a: Mew\n|\n|-weather|none\n|upkeep\n|\n|t:|1771265951\n|switch|p2b: Cresselia|Cresselia, F|55/100\n|switch|p1b: Okidogi|Okidogi, M|100/100\n|turn|17\n|\n|t:|1771265960\n|move|p1b: Okidogi|Protect|p1b: Okidogi\n|-singleturn|p1b: Okidogi|Protect\n|move|p2b: Cresselia|Psychic|p1b: Okidogi\n|-activate|p1b: Okidogi|move: Protect\n|move|p2a: Ninetales|Moonblast|p1b: Okidogi\n|-activate|p1b: Okidogi|move: Protect\n|\n|-fieldend|move: Trick Room\n|upkeep\n|turn|18\n|\n|t:|1771265972\n|move|p2a: Ninetales|Protect|p2a: Ninetales\n|-singleturn|p2a: Ninetales|Protect\n|move|p1b: Okidogi|Knock Off|p2b: Cresselia\n|-supereffective|p2b: Cresselia\n|-damage|p2b: Cresselia|27/100\n|-enditem|p2b: Cresselia|Safety Goggles|[from] move: Knock Off|[of] p1b: Okidogi\n|move|p2b: Cresselia|Trick Room|p2b: Cresselia\n|-fieldstart|move: Trick Room|[of] p2b: Cresselia\n|\n|upkeep\n|turn|19\n|\n|t:|1771265985\n|move|p2b: Cresselia|Lunar Blessing|p2b: Cresselia|[spread] p2a,p2b\n|-heal|p2a: Ninetales|100/100\n|-heal|p2b: Cresselia|52/100\n|move|p1b: Okidogi|Gunk Shot|p2b: Cresselia\n|-damage|p2b: Cresselia|25/100\n|move|p2a: Ninetales|Moonblast|p1b: Okidogi\n|-damage|p1b: Okidogi|90/100\n|\n|upkeep\n|turn|20\n|\n|t:|1771266003\n|move|p1b: Okidogi|Protect|p1b: Okidogi\n|-singleturn|p1b: Okidogi|Protect\n|move|p2b: Cresselia|Lunar Blessing|p2b: Cresselia|[spread] p2a,p2b\n|-heal|p2b: Cresselia|50/100\n|move|p2a: Ninetales|Moonblast|p1b: Okidogi\n|-activate|p1b: Okidogi|move: Protect\n|\n|upkeep\n|turn|21\n|\n|t:|1771266016\n|move|p2b: Cresselia|Psychic|p1b: Okidogi\n|-supereffective|p1b: Okidogi\n|-damage|p1b: Okidogi|0 fnt\n|faint|p1b: Okidogi\n|\n|win|refridgenator\n|raw|Whiteflame20's rating: 1615 &rarr; <strong>1597</strong><br />(-18 for losing)\n|raw|refridgenator's rating: 1658 &rarr; <strong>1676</strong><br />(+18 for winning)\n|l|☆Whiteflame20\n|player|p1|\n|c|☆refridgenator|Gg\n|l|☆refridgenator\n|player|p2|\n", "uploadtime": 1771266169, "views": 2, "formatid": "gen9doublesou", "rating": 1597, "private": 0, "password": null}