{"id": "gen9doublesou-2540577724", "format": "[Gen 9] Doubles OU", "players": ["lelatez", "julien142"], "log": "|j|☆lelatez\n|j|☆julien142\n|t:|1771220876\n|gametype|doubles\n|player|p1|lelatez|2|1568\n|player|p2|julien142|bruno|1526\n|gen|9\n|tier|[Gen 9] Doubles OU\n|rated|\n|rule|HP Percentage Mod: HP is shown in percentages\n|rule|Endless Battle Clause: Forcing endless battles is banned\n|rule|Species Clause: Limit one of each Pokémon\n|rule|OHKO Clause: OHKO moves are banned\n|rule|Evasion Moves Clause: Evasion moves are banned\n|rule|Gravity Sleep Clause: The combination of sleep-inducing moves with imperfect accuracy and Gravity or Gigantamax Orbeetle are banned\n|rule|Evasion Abilities Clause: Evasion abilities are banned\n|clearpoke\n|poke|p1|Primarina, F|\n|poke|p1|Rillaboom, M|\n|poke|p1|Incineroar, F|\n|poke|p1|Whimsicott, F|\n|poke|p1|Cresselia, F|\n|poke|p1|Gholdengo|\n|poke|p2|Ursaluna-Bloodmoon, M|\n|poke|p2|Diancie|\n|poke|p2|Sinistcha|\n|poke|p2|Incineroar, F|\n|poke|p2|Ninetales-Alola, M|\n|poke|p2|Kyurem|\n|teampreview\n|inactive|Battle timer is ON: inactive players will automatically lose when time's up. (requested by lelatez)\n|\n|t:|1771220901\n|teamsize|p1|6\n|teamsize|p2|6\n|start\n|switch|p1a: Whimsicott|Whimsicott, F|100/100\n|switch|p1b: Incineroar|Incineroar, F|100/100\n|switch|p2a: Diancie|Diancie|100/100\n|switch|p2b: Incineroar|Incineroar, F|100/100\n|-ability|p2b: Incineroar|Intimidate|boost\n|-unboost|p1a: Whimsicott|atk|1\n|-unboost|p1b: Incineroar|atk|1\n|-ability|p1b: Incineroar|Intimidate|boost\n|-fail|p2a: Diancie|unboost|[from] ability: Clear Body|[of] p2a: Diancie\n|-unboost|p2b: Incineroar|atk|1\n|turn|1\n|\n|t:|1771220922\n|move|p2b: Incineroar|Fake Out|p1b: Incineroar\n|-damage|p1b: Incineroar|94/100\n|cant|p1b: Incineroar|flinch\n|move|p1a: Whimsicott|Taunt|p2a: Diancie\n|-start|p2a: Diancie|move: Taunt\n|cant|p2a: Diancie|move: Taunt|Trick Room\n|\n|upkeep\n|turn|2\n|\n|t:|1771220949\n|switch|p1a: Primarina|Primarina, F|100/100\n|switch|p2a: Ninetales|Ninetales-Alola, M|100/100\n|-weather|Snowscape|[from] ability: Snow Warning|[of] p2a: Ninetales\n|move|p2b: Incineroar|Parting Shot|p1b: Incineroar\n|-unboost|p1b: Incineroar|atk|1\n|-unboost|p1b: Incineroar|spa|1\n|inactive|julien142 has 120 seconds left.\n|\n|t:|1771220965\n|switch|p2b: Kyurem|Kyurem|100/100|[from] Parting Shot\n|-ability|p2b: Kyurem|Pressure\n|move|p1b: Incineroar|Knock Off|p2a: Ninetales\n|-resisted|p2a: Ninetales\n|-damage|p2a: Ninetales|93/100\n|-enditem|p2a: Ninetales|Light Clay|[from] move: Knock Off|[of] p1b: Incineroar\n|\n|-weather|Snowscape|[upkeep]\n|upkeep\n|turn|3\n|\n|t:|1771220983\n|move|p2a: Ninetales|Aurora Veil|p2a: Ninetales\n|-sidestart|p2: julien142|move: Aurora Veil\n|move|p2b: Kyurem|Earth Power|p1b: Incineroar\n|-supereffective|p1b: Incineroar\n|-damage|p1b: Incineroar|45/100\n|-enditem|p1b: Incineroar|Sitrus Berry|[eat]\n|-heal|p1b: Incineroar|70/100|[from] item: Sitrus Berry\n|move|p1a: Primarina|Hyper Voice|p2a: Ninetales|[spread] p2a,p2b\n|-resisted|p2b: Kyurem\n|-damage|p2a: Ninetales|71/100\n|-damage|p2b: Kyurem|91/100\n|-enditem|p1a: Primarina|Throat Spray\n|-boost|p1a: Primarina|spa|1|[from] item: Throat Spray\n|move|p1b: Incineroar|Parting Shot|p2b: Kyurem\n|-unboost|p2b: Kyurem|atk|1\n|-unboost|p2b: Kyurem|spa|1\n|\n|t:|1771220998\n|switch|p1b: Cresselia|Cresselia, F|100/100|[from] Parting Shot\n|\n|-weather|Snowscape|[upkeep]\n|upkeep\n|turn|4\n|\n|t:|1771221012\n|switch|p2a: Sinistcha|Sinistcha|100/100\n|-heal|p2b: Kyurem|100/100|[from] ability: Hospitality|[of] p2a: Sinistcha\n|move|p2b: Kyurem|Flash Cannon|p1a: Primarina\n|-damage|p1a: Primarina|85/100\n|move|p1b: Cresselia|Calm Mind|p1b: Cresselia\n|-boost|p1b: Cresselia|spa|1\n|-boost|p1b: Cresselia|spd|1\n|move|p1a: Primarina|Moonblast|p2b: Kyurem\n|-supereffective|p2b: Kyurem\n|-damage|p2b: Kyurem|21/100\n|-enditem|p2b: Kyurem|Weakness Policy\n|-boost|p2b: Kyurem|atk|2|[from] item: Weakness Policy\n|-boost|p2b: Kyurem|spa|2|[from] item: Weakness Policy\n|\n|-weather|Snowscape|[upkeep]\n|upkeep\n|turn|5\n|\n|t:|1771221039\n|move|p1a: Primarina|Protect|p1a: Primarina\n|-singleturn|p1a: Primarina|Protect\n|move|p2b: Kyurem|Blizzard|p1a: Primarina|[spread] p1b\n|-activate|p1a: Primarina|move: Protect\n|-damage|p1b: Cresselia|71/100\n|move|p1b: Cresselia|Moonblast|p2b: Kyurem\n|-supereffective|p2b: Kyurem\n|-damage|p2b: Kyurem|0 fnt\n|faint|p2b: Kyurem\n|move|p2a: Sinistcha|Trick Room|p2a: Sinistcha\n|-fieldstart|move: Trick Room|[of] p2a: Sinistcha\n|\n|-weather|Snowscape|[upkeep]\n|-heal|p1b: Cresselia|78/100|[from] item: Leftovers\n|upkeep\n|inactive|julien142 has 120 seconds left.\n|\n|t:|1771221051\n|switch|p2b: Diancie|Diancie|100/100\n|turn|6\n|\n|t:|1771221061\n|-terastallize|p2b: Diancie|Dragon\n|move|p2b: Diancie|Diamond Storm|p1b: Cresselia|[spread] p1a,p1b\n|-damage|p1a: Primarina|36/100\n|-damage|p1b: Cresselia|56/100\n|move|p2a: Sinistcha|Matcha Gotcha|p1b: Cresselia|[spread] p1a,p1b\n|-supereffective|p1a: Primarina\n|-damage|p1a: Primarina|0 fnt\n|-damage|p1b: Cresselia|45/100\n|faint|p1a: Primarina\n|move|p1b: Cresselia|Trick Room|p1b: Cresselia\n|-fieldend|move: Trick Room\n|\n|-weather|none\n|-heal|p1b: Cresselia|51/100|[from] item: Leftovers\n|upkeep\n|\n|t:|1771221076\n|switch|p1a: Incineroar|Incineroar, F|70/100\n|-ability|p1a: Incineroar|Intimidate|boost\n|-unboost|p2a: Sinistcha|atk|1\n|-fail|p2b: Diancie|unboost|[from] ability: Clear Body|[of] p2b: Diancie\n|turn|7\n|\n|t:|1771221093\n|move|p1a: Incineroar|Fake Out|p2b: Diancie\n|-damage|p2b: Diancie|94/100\n|move|p2a: Sinistcha|Rage Powder|p2a: Sinistcha\n|-singleturn|p2a: Sinistcha|move: Rage Powder\n|move|p1b: Cresselia|Moonblast|p2a: Sinistcha\n|-damage|p2a: Sinistcha|85/100\n|cant|p2b: Diancie|flinch\n|\n|-heal|p1b: Cresselia|57/100|[from] item: Leftovers\n|-sideend|p2: julien142|move: Aurora Veil\n|upkeep\n|turn|8\n|\n|t:|1771221122\n|move|p1b: Cresselia|Lunar Blessing|p1b: Cresselia|[spread] p1a,p1b\n|-heal|p1a: Incineroar|95/100\n|-heal|p1b: Cresselia|82/100\n|move|p1a: Incineroar|Knock Off|p2a: Sinistcha\n|-supereffective|p2a: Sinistcha\n|-damage|p2a: Sinistcha|20/100\n|-enditem|p2a: Sinistcha|Sitrus Berry|[from] move: Knock Off|[of] p1a: Incineroar\n|move|p2b: Diancie|Diamond Storm|p1b: Cresselia|[spread] p1a,p1b\n|-supereffective|p1a: Incineroar\n|-damage|p1a: Incineroar|17/100\n|-damage|p1b: Cresselia|60/100\n|-boost|p2b: Diancie|def|2\n|move|p2a: Sinistcha|Trick Room|p2a: Sinistcha\n|-fieldstart|move: Trick Room|[of] p2a: Sinistcha\n|\n|-heal|p1b: Cresselia|66/100|[from] item: Leftovers\n|upkeep\n|turn|9\n|\n|t:|1771221146\n|move|p2b: Diancie|Diamond Storm|p1a: Incineroar|[spread] p1b\n|-miss|p2b: Diancie|p1a: Incineroar\n|-damage|p1b: Cresselia|42/100\n|-boost|p2b: Diancie|def|2\n|move|p1a: Incineroar|Knock Off|p2b: Diancie\n|-damage|p2b: Diancie|81/100\n|-enditem|p2b: Diancie|Hard Stone|[from] move: Knock Off|[of] p1a: Incineroar\n|move|p2a: Sinistcha|Matcha Gotcha|p1a: Incineroar|[spread] p1a,p1b\n|-resisted|p1a: Incineroar\n|-damage|p1a: Incineroar|8/100\n|-heal|p2a: Sinistcha|26/100|[from] drain|[of] p1a: Incineroar\n|-damage|p1b: Cresselia|32/100\n|-heal|p2a: Sinistcha|33/100|[from] drain|[of] p1b: Cresselia\n|move|p1b: Cresselia|Moonblast|p2b: Diancie\n|-supereffective|p2b: Diancie\n|-damage|p2b: Diancie|34/100\n|\n|-heal|p1b: Cresselia|38/100|[from] item: Leftovers\n|upkeep\n|turn|10\n|\n|t:|1771221171\n|move|p2b: Diancie|Diamond Storm|p1b: Cresselia|[spread] p1a,p1b\n|-supereffective|p1a: Incineroar\n|-damage|p1a: Incineroar|0 fnt\n|-damage|p1b: Cresselia|19/100\n|-boost|p2b: Diancie|def|2\n|faint|p1a: Incineroar\n|move|p2a: Sinistcha|Life Dew|p2a: Sinistcha|[spread] p2a,p2b\n|-heal|p2a: Sinistcha|58/100\n|-heal|p2b: Diancie|59/100\n|move|p1b: Cresselia|Moonblast|p2b: Diancie\n|-supereffective|p2b: Diancie\n|-damage|p2b: Diancie|8/100\n|\n|-heal|p1b: Cresselia|25/100|[from] item: Leftovers\n|upkeep\n|inactive|lelatez has 120 seconds left.\n|\n|t:|1771221198\n|switch|p1a: Gholdengo|Gholdengo|100/100\n|turn|11\n|inactive|lelatez has 120 seconds left.\n|\n|t:|1771221218\n|-terastallize|p1a: Gholdengo|Steel\n|move|p2b: Diancie|Protect|p2b: Diancie\n|-singleturn|p2b: Diancie|Protect\n|move|p2a: Sinistcha|Life Dew|p2a: Sinistcha|[spread] p2a,p2b\n|-heal|p2a: Sinistcha|83/100\n|-heal|p2b: Diancie|32/100\n|move|p1a: Gholdengo|Make It Rain|p2a: Sinistcha|[spread] p2a\n|-activate|p2b: Diancie|move: Protect\n|-damage|p2a: Sinistcha|0 fnt\n|-unboost|p1a: Gholdengo|spa|1\n|faint|p2a: Sinistcha\n|move|p1b: Cresselia|Lunar Blessing|p1b: Cresselia|[spread] p1b\n|-immune|p1a: Gholdengo|[from] ability: Good as Gold\n|-heal|p1b: Cresselia|50/100\n|\n|-heal|p1b: Cresselia|56/100|[from] item: Leftovers\n|upkeep\n|\n|t:|1771221239\n|switch|p2a: Incineroar|Incineroar, F|100/100\n|-ability|p2a: Incineroar|Intimidate|boost\n|-unboost|p1a: Gholdengo|atk|1\n|-unboost|p1b: Cresselia|atk|1\n|turn|12\n|\n|t:|1771221255\n|switch|p1a: Whimsicott|Whimsicott, F|100/100\n|move|p2b: Diancie|Body Press|p1a: Whimsicott\n|-resisted|p1a: Whimsicott\n|-damage|p1a: Whimsicott|18/100\n|move|p2a: Incineroar|Flare Blitz|p1a: Whimsicott\n|-supereffective|p1a: Whimsicott\n|-crit|p1a: Whimsicott\n|-damage|p1a: Whimsicott|0 fnt\n|faint|p1a: Whimsicott\n|-damage|p2a: Incineroar|97/100|[from] Recoil\n|move|p1b: Cresselia|Moonblast|p2b: Diancie\n|-supereffective|p2b: Diancie\n|-damage|p2b: Diancie|0 fnt\n|faint|p2b: Diancie\n|\n|-heal|p1b: Cresselia|62/100|[from] item: Leftovers\n|-fieldend|move: Trick Room\n|upkeep\n|inactive|lelatez has 120 seconds left.\n|\n|t:|1771221277\n|switch|p1a: Rillaboom|Rillaboom, M|100/100\n|switch|p2b: Ursaluna|Ursaluna-Bloodmoon, M|100/100\n|-fieldstart|move: Grassy Terrain|[from] ability: Grassy Surge|[of] p1a: Rillaboom\n|turn|13\n|\n|t:|1771221292\n|move|p1a: Rillaboom|Wood Hammer|p2b: Ursaluna\n|-supereffective|p2b: Ursaluna\n|-damage|p2b: Ursaluna|0 fnt\n|faint|p2b: Ursaluna\n|-damage|p1a: Rillaboom|64/100|[from] Recoil\n|move|p1b: Cresselia|Calm Mind|p1b: Cresselia\n|-boost|p1b: Cresselia|spa|1\n|-boost|p1b: Cresselia|spd|1\n|move|p2a: Incineroar|Knock Off|p1b: Cresselia\n|-supereffective|p1b: Cresselia\n|-crit|p1b: Cresselia\n|-damage|p1b: Cresselia|0 fnt\n|-enditem|p1b: Cresselia|Leftovers|[from] move: Knock Off|[of] p2a: Incineroar\n|faint|p1b: Cresselia\n|\n|-heal|p1a: Rillaboom|71/100|[from] Grassy Terrain\n|-heal|p2a: Incineroar|100/100|[from] Grassy Terrain\n|upkeep\n|inactive|lelatez has 120 seconds left.\n|\n|t:|1771221308\n|switch|p1b: Gholdengo|Gholdengo, tera:Steel|100/100\n|switch|p2b: Ninetales|Ninetales-Alola, M|71/100\n|-weather|Snowscape|[from] ability: Snow Warning|[of] p2b: Ninetales\n|turn|14\n|\n|t:|1771221326\n|move|p2b: Ninetales|Protect|p2b: Ninetales\n|-singleturn|p2b: Ninetales|Protect\n|move|p1a: Rillaboom|Wood Hammer|p2a: Incineroar\n|-resisted|p2a: Incineroar\n|-damage|p2a: Incineroar|61/100\n|-damage|p1a: Rillaboom|58/100|[from] Recoil\n|move|p1b: Gholdengo|Make It Rain|p2a: Incineroar|[spread] p2a\n|-activate|p2b: Ninetales|move: Protect\n|-resisted|p2a: Incineroar\n|-damage|p2a: Incineroar|21/100\n|-unboost|p1b: Gholdengo|spa|1\n|move|p2a: Incineroar|Flare Blitz|p1b: Gholdengo\n|-supereffective|p1b: Gholdengo\n|-damage|p1b: Gholdengo|19/100\n|-damage|p2a: Incineroar|0 fnt|[from] Recoil\n|faint|p2a: Incineroar\n|\n|-weather|Snowscape|[upkeep]\n|-heal|p2b: Ninetales|77/100|[from] Grassy Terrain\n|-heal|p1a: Rillaboom|64/100|[from] Grassy Terrain\n|-heal|p1b: Gholdengo|25/100|[from] Grassy Terrain\n|upkeep\n|turn|15\n|\n|t:|1771221347\n|move|p2b: Ninetales|Blizzard|p1a: Rillaboom|[spread] p1a,p1b\n|-supereffective|p1a: Rillaboom\n|-resisted|p1b: Gholdengo\n|-damage|p1a: Rillaboom|30/100\n|-damage|p1b: Gholdengo|13/100\n|move|p1a: Rillaboom|Wood Hammer|p2b: Ninetales\n|-damage|p2b: Ninetales|0 fnt\n|faint|p2b: Ninetales\n|-damage|p1a: Rillaboom|8/100|[from] Recoil\n|\n|win|lelatez\n|raw|lelatez's rating: 1568 &rarr; <strong>1586</strong><br />(+18 for winning)\n|raw|julien142's rating: 1526 &rarr; <strong>1508</strong><br />(-18 for losing)\n|l|☆lelatez\n|player|p1|\n|l|☆julien142\n|player|p2|\n", "uploadtime": 1771221724, "views": 13, "formatid": "gen9doublesou", "rating": 1508, "private": 0, "password": null}