{"id": "gen9doublesou-2540593533", "format": "[Gen 9] Doubles OU", "players": ["phononmode", "Poly love"], "log": "|badge|p2|silver|gen9doublesou|30-8\n|uhtml|medal-msg|<div class=\"broadcast-blue\">Curious what those medals under the avatar are? PS now has Ladder Seasons! For more information, check out the <a href=\"https://www.smogon.com/forums/threads/3740067/\">thread on Smogon.</a></div>\n|j|☆phononmode\n|j|☆Poly love\n|t:|1771223633\n|gametype|doubles\n|player|p1|phononmode|169|1552\n|player|p2|Poly love|marnie-masters2|1847\n|gen|9\n|tier|[Gen 9] Doubles OU\n|rated|\n|rule|HP Percentage Mod: HP is shown in percentages\n|rule|Endless Battle Clause: Forcing endless battles is banned\n|rule|Species Clause: Limit one of each Pokémon\n|rule|OHKO Clause: OHKO moves are banned\n|rule|Evasion Moves Clause: Evasion moves are banned\n|rule|Gravity Sleep Clause: The combination of sleep-inducing moves with imperfect accuracy and Gravity or Gigantamax Orbeetle are banned\n|rule|Evasion Abilities Clause: Evasion abilities are banned\n|clearpoke\n|poke|p1|Flamigo, M|\n|poke|p1|Blaziken, M|\n|poke|p1|Iron Hands|\n|poke|p1|Whimsicott, F|\n|poke|p1|Lucario, M|\n|poke|p1|Riolu, F|\n|poke|p2|Tyranitar, M|\n|poke|p2|Ting-Lu|\n|poke|p2|Orthworm, M|\n|poke|p2|Houndstone, M|\n|poke|p2|Chien-Pao|\n|poke|p2|Glimmora, F|\n|teampreview\n|inactive|Battle timer is ON: inactive players will automatically lose when time's up. (requested by phononmode)\n|\n|t:|1771223646\n|teamsize|p1|6\n|teamsize|p2|6\n|start\n|switch|p1a: Whimsicott|Whimsicott, F|100/100\n|switch|p1b: Lucario|Lucario, M|100/100\n|switch|p2a: Stalling power|Ting-Lu|100/100\n|switch|p2b: Spinner ball|Glimmora, F|100/100\n|-ability|p2a: Stalling power|Vessel of Ruin\n|turn|1\n|\n|t:|1771223660\n|move|p1a: Whimsicott|Beat Up|p1b: Lucario\n|-resisted|p1b: Lucario\n|-damage|p1b: Lucario|99/100\n|-ability|p1b: Lucario|Justified|boost\n|-boost|p1b: Lucario|atk|1\n|-resisted|p1b: Lucario\n|-damage|p1b: Lucario|97/100\n|-ability|p1b: Lucario|Justified|boost\n|-boost|p1b: Lucario|atk|1\n|-resisted|p1b: Lucario\n|-damage|p1b: Lucario|95/100\n|-ability|p1b: Lucario|Justified|boost\n|-boost|p1b: Lucario|atk|1\n|-resisted|p1b: Lucario\n|-damage|p1b: Lucario|93/100\n|-ability|p1b: Lucario|Justified|boost\n|-boost|p1b: Lucario|atk|1\n|-resisted|p1b: Lucario\n|-damage|p1b: Lucario|91/100\n|-ability|p1b: Lucario|Justified|boost\n|-boost|p1b: Lucario|atk|1\n|-resisted|p1b: Lucario\n|-crit|p1b: Lucario\n|-damage|p1b: Lucario|89/100\n|-ability|p1b: Lucario|Justified|boost\n|-boost|p1b: Lucario|atk|1\n|-hitcount|p1b: Lucario|6\n|move|p1b: Lucario|Meteor Mash|p2a: Stalling power\n|-damage|p2a: Stalling power|18/100\n|move|p2b: Spinner ball|Stealth Rock|p1a: Whimsicott\n|-sidestart|p1: phononmode|move: Stealth Rock\n|move|p2a: Stalling power|Whirlwind|p1b: Lucario\n|drag|p1b: Riolu|Riolu, F|100/100\n|-damage|p1b: Riolu|95/100|[from] Stealth Rock\n|\n|-heal|p2a: Stalling power|24/100|[from] item: Leftovers\n|upkeep\n|turn|2\n|\n|t:|1771223685\n|move|p1a: Whimsicott|Encore|p2b: Spinner ball\n|-start|p2b: Spinner ball|Encore\n|move|p1b: Riolu|Copycat|p1b: Riolu\n|move|p1b: Riolu|Encore||[from] move: Copycat|[still]\n|-fail|p1b: Riolu\n|move|p2b: Spinner ball|Stealth Rock||[still]\n|-fail|p2b: Spinner ball\n|move|p2a: Stalling power|Spikes|p1b: Riolu\n|-sidestart|p1: phononmode|Spikes\n|\n|-heal|p2a: Stalling power|30/100|[from] item: Leftovers\n|upkeep\n|turn|3\n|\n|t:|1771223708\n|switch|p2b: Migajas|Orthworm, M|100/100\n|switch|p1b: Lucario|Lucario, M|89/100\n|-damage|p1b: Lucario|86/100|[from] Stealth Rock\n|-damage|p1b: Lucario|73/100|[from] Spikes\n|move|p1a: Whimsicott|Beat Up|p1b: Lucario\n|-resisted|p1b: Lucario\n|-damage|p1b: Lucario|72/100\n|-ability|p1b: Lucario|Justified|boost\n|-boost|p1b: Lucario|atk|1\n|-resisted|p1b: Lucario\n|-damage|p1b: Lucario|70/100\n|-ability|p1b: Lucario|Justified|boost\n|-boost|p1b: Lucario|atk|1\n|-resisted|p1b: Lucario\n|-damage|p1b: Lucario|68/100\n|-ability|p1b: Lucario|Justified|boost\n|-boost|p1b: Lucario|atk|1\n|-resisted|p1b: Lucario\n|-damage|p1b: Lucario|66/100\n|-ability|p1b: Lucario|Justified|boost\n|-boost|p1b: Lucario|atk|1\n|-resisted|p1b: Lucario\n|-damage|p1b: Lucario|63/100\n|-ability|p1b: Lucario|Justified|boost\n|-boost|p1b: Lucario|atk|1\n|-resisted|p1b: Lucario\n|-damage|p1b: Lucario|62/100\n|-ability|p1b: Lucario|Justified|boost\n|-boost|p1b: Lucario|atk|1\n|-hitcount|p1b: Lucario|6\n|move|p2a: Stalling power|Spikes|p1b: Lucario\n|-sidestart|p1: phononmode|Spikes\n|\n|-heal|p2a: Stalling power|36/100|[from] item: Leftovers\n|upkeep\n|turn|4\n|\n|t:|1771223727\n|switch|p1a: Flamigo|Flamigo, M|100/100\n|-damage|p1a: Flamigo|88/100|[from] Stealth Rock\n|-copyboost|p1a: Flamigo|p1b: Lucario|[from] ability: Costar\n|-terastallize|p2a: Stalling power|Ghost\n|move|p1b: Lucario|Drain Punch|p2b: Migajas\n|-supereffective|p2b: Migajas\n|-damage|p2b: Migajas|0 fnt\n|-heal|p1b: Lucario|100/100|[from] drain|[of] p2b: Migajas\n|faint|p2b: Migajas\n|move|p2a: Stalling power|Whirlwind|p1a: Flamigo\n|drag|p1a: Whimsicott|Whimsicott, F|100/100\n|-damage|p1a: Whimsicott|88/100|[from] Stealth Rock\n|-damage|p1a: Whimsicott|71/100|[from] Spikes\n|\n|-heal|p2a: Stalling power|43/100|[from] item: Leftovers\n|upkeep\n|\n|t:|1771223741\n|switch|p2b: Spinner ball|Glimmora, F|100/100\n|turn|5\n|\n|t:|1771223755\n|switch|p1a: Flamigo|Flamigo, M|88/100\n|-damage|p1a: Flamigo|76/100|[from] Stealth Rock\n|-copyboost|p1a: Flamigo|p1b: Lucario|[from] ability: Costar\n|move|p1b: Lucario|Meteor Mash|p2a: Stalling power\n|-damage|p2a: Stalling power|0 fnt\n|faint|p2a: Stalling power\n|move|p2b: Spinner ball|Earth Power|p1b: Lucario\n|-supereffective|p1b: Lucario\n|-damage|p1b: Lucario|0 fnt\n|faint|p1b: Lucario\n|\n|upkeep\n|\n|t:|1771223767\n|switch|p1b: Whimsicott|Whimsicott, F|71/100\n|switch|p2a: Bite ice|Chien-Pao|100/100\n|-ability|p2a: Bite ice|Sword of Ruin\n|-damage|p1b: Whimsicott|59/100|[from] Stealth Rock\n|-damage|p1b: Whimsicott|42/100|[from] Spikes\n|turn|6\n|\n|t:|1771223776\n|move|p2a: Bite ice|Protect|p2a: Bite ice\n|-singleturn|p2a: Bite ice|Protect\n|move|p1b: Whimsicott|Tailwind|p1b: Whimsicott\n|-sidestart|p1: phononmode|move: Tailwind\n|move|p1a: Flamigo|Close Combat|p2b: Spinner ball\n|-enditem|p2b: Spinner ball|Focus Sash\n|-damage|p2b: Spinner ball|1/100\n|-unboost|p1a: Flamigo|def|1\n|-unboost|p1a: Flamigo|spd|1\n|-activate|p2b: Spinner ball|ability: Toxic Debris\n|-sidestart|p1: phononmode|move: Toxic Spikes\n|move|p2b: Spinner ball|Mortal Spin|p1b: Whimsicott|[spread] p1a,p1b\n|-supereffective|p1b: Whimsicott\n|-damage|p1a: Flamigo|63/100\n|-damage|p1b: Whimsicott|13/100\n|-status|p1b: Whimsicott|psn\n|\n|-damage|p1b: Whimsicott|0 fnt|[from] psn\n|faint|p1b: Whimsicott\n|upkeep\n|\n|t:|1771223784\n|switch|p1b: Riolu|Riolu, F|95/100\n|-damage|p1b: Riolu|89/100|[from] Stealth Rock\n|-damage|p1b: Riolu|72/100|[from] Spikes\n|-status|p1b: Riolu|psn\n|turn|7\n|\n|t:|1771223804\n|move|p2a: Bite ice|Protect||[still]\n|-fail|p2a: Bite ice\n|move|p1b: Riolu|Feint|p2a: Bite ice\n|-damage|p2a: Bite ice|90/100\n|move|p1a: Flamigo|Brave Bird|p2a: Bite ice\n|-damage|p2a: Bite ice|0 fnt\n|faint|p2a: Bite ice\n|-damage|p1a: Flamigo|34/100|[from] Recoil\n|move|p2b: Spinner ball|Power Gem|p1a: Flamigo\n|-damage|p1a: Flamigo|0 fnt\n|faint|p1a: Flamigo\n|\n|-damage|p1b: Riolu|60/100 psn|[from] psn\n|upkeep\n|\n|t:|1771223814\n|switch|p2a: Godzilla|Tyranitar, M|100/100\n|switch|p1a: Iron Hands|Iron Hands|100/100\n|-weather|Sandstorm|[from] ability: Sand Stream|[of] p2a: Godzilla\n|-damage|p1a: Iron Hands|94/100|[from] Stealth Rock\n|-damage|p1a: Iron Hands|78/100|[from] Spikes\n|-status|p1a: Iron Hands|psn\n|turn|8\n|\n|t:|1771223833\n|move|p2a: Godzilla|Protect|p2a: Godzilla\n|-singleturn|p2a: Godzilla|Protect\n|move|p1b: Riolu|Feint|p2b: Spinner ball\n|-resisted|p2b: Spinner ball\n|-damage|p2b: Spinner ball|0 fnt\n|-activate|p2b: Spinner ball|ability: Toxic Debris\n|-sidestart|p1: phononmode|move: Toxic Spikes\n|faint|p2b: Spinner ball\n|move|p1a: Iron Hands|Wild Charge|p2a: Godzilla\n|-activate|p2a: Godzilla|move: Protect\n|\n|-weather|Sandstorm|[upkeep]\n|-damage|p1b: Riolu|54/100 psn|[from] Sandstorm\n|-damage|p1a: Iron Hands|71/100 psn|[from] Sandstorm\n|-damage|p1b: Riolu|42/100 psn|[from] psn\n|-damage|p1a: Iron Hands|59/100 psn|[from] psn\n|upkeep\n|\n|t:|1771223843\n|switch|p2b: Doggy attack|Houndstone, M|100/100\n|turn|9\n|\n|t:|1771223854\n|move|p1b: Riolu|Coaching|p1a: Iron Hands\n|-boost|p1a: Iron Hands|atk|1\n|-boost|p1a: Iron Hands|def|1\n|move|p2b: Doggy attack|Last Respects|p1a: Iron Hands\n|-damage|p1a: Iron Hands|11/100 psn\n|move|p2a: Godzilla|Knock Off|p1b: Riolu\n|-resisted|p1b: Riolu\n|-damage|p1b: Riolu|0 fnt\n|-enditem|p1b: Riolu|Focus Sash|[from] move: Knock Off|[of] p2a: Godzilla\n|faint|p1b: Riolu\n|move|p1a: Iron Hands|Drain Punch|p2a: Godzilla\n|-supereffective|p2a: Godzilla\n|-damage|p2a: Godzilla|0 fnt\n|-heal|p1a: Iron Hands|47/100 psn|[from] drain|[of] p2a: Godzilla\n|faint|p2a: Godzilla\n|\n|-weather|Sandstorm|[upkeep]\n|-damage|p1a: Iron Hands|41/100 psn|[from] Sandstorm\n|-damage|p1a: Iron Hands|28/100 psn|[from] psn\n|-sideend|p1: phononmode|move: Tailwind\n|upkeep\n|\n|t:|1771223869\n|switch|p1b: Blaziken|Blaziken, M|100/100\n|-damage|p1b: Blaziken|88/100|[from] Stealth Rock\n|-damage|p1b: Blaziken|72/100|[from] Spikes\n|-status|p1b: Blaziken|tox\n|turn|10\n|\n|t:|1771223883\n|move|p2b: Doggy attack|Protect|p2b: Doggy attack\n|-singleturn|p2b: Doggy attack|Protect\n|move|p1b: Blaziken|Swords Dance|p1b: Blaziken\n|-boost|p1b: Blaziken|atk|2\n|move|p1a: Iron Hands|Wild Charge|p2b: Doggy attack\n|-activate|p2b: Doggy attack|move: Protect\n|\n|-weather|Sandstorm|[upkeep]\n|-damage|p1b: Blaziken|66/100 tox|[from] Sandstorm\n|-damage|p1a: Iron Hands|22/100 psn|[from] Sandstorm\n|-damage|p1b: Blaziken|60/100 tox|[from] psn\n|-damage|p1a: Iron Hands|9/100 psn|[from] psn\n|-ability|p1b: Blaziken|Speed Boost|boost\n|-boost|p1b: Blaziken|spe|1\n|upkeep\n|turn|11\n|\n|t:|1771223897\n|move|p1b: Blaziken|Protect|p1b: Blaziken\n|-singleturn|p1b: Blaziken|Protect\n|move|p2b: Doggy attack|Last Respects|p1b: Blaziken\n|-activate|p1b: Blaziken|move: Protect\n|move|p1a: Iron Hands|Wild Charge|p2b: Doggy attack\n|-damage|p2b: Doggy attack|20/100\n|-damage|p1a: Iron Hands|0 fnt|[from] Recoil\n|faint|p1a: Iron Hands\n|-end|p1a: Iron Hands|Quark Drive|[silent]\n|\n|-weather|Sandstorm|[upkeep]\n|-damage|p1b: Blaziken|54/100 tox|[from] Sandstorm\n|-damage|p1b: Blaziken|42/100 tox|[from] psn\n|-ability|p1b: Blaziken|Speed Boost|boost\n|-boost|p1b: Blaziken|spe|1\n|upkeep\n|turn|12\n|inactive|phononmode has 120 seconds left.\n|\n|t:|1771223929\n|move|p1b: Blaziken|Flare Blitz|p2b: Doggy attack\n|-damage|p2b: Doggy attack|0 fnt\n|faint|p2b: Doggy attack\n|-damage|p1b: Blaziken|36/100 tox|[from] Recoil\n|\n|win|phononmode\n|raw|phononmode's rating: 1552 &rarr; <strong>1586</strong><br />(+34 for winning)\n|raw|Poly love's rating: 1847 &rarr; <strong>1813</strong><br />(-34 for losing)\n|l|☆phononmode\n|player|p1|\n|l|☆Poly love\n|player|p2|\n", "uploadtime": 1771224339, "views": 13, "formatid": "gen9doublesou", "rating": 1586, "private": 0, "password": null}