{"id": "gen9doublesou-2539966763", "format": "[Gen 9] Doubles OU", "players": ["NotDogeMaterial", "mammoforest"], "log": "|j|☆NotDogeMaterial\n|j|☆mammoforest\n|t:|1771135000\n|gametype|doubles\n|player|p1|NotDogeMaterial|2|1482\n|player|p2|mammoforest|ghetsis|1612\n|gen|9\n|tier|[Gen 9] Doubles OU\n|rated|\n|rule|HP Percentage Mod: HP is shown in percentages\n|rule|Endless Battle Clause: Forcing endless battles is banned\n|rule|Species Clause: Limit one of each Pokémon\n|rule|OHKO Clause: OHKO moves are banned\n|rule|Evasion Moves Clause: Evasion moves are banned\n|rule|Gravity Sleep Clause: The combination of sleep-inducing moves with imperfect accuracy and Gravity or Gigantamax Orbeetle are banned\n|rule|Evasion Abilities Clause: Evasion abilities are banned\n|clearpoke\n|poke|p1|Dragonite, F|\n|poke|p1|Chien-Pao|\n|poke|p1|Bronzong|\n|poke|p1|Incineroar, F|\n|poke|p1|Sylveon, F|\n|poke|p1|Amoonguss, M|\n|poke|p2|Chien-Pao|\n|poke|p2|Landorus, M|\n|poke|p2|Rillaboom, F|\n|poke|p2|Raging Bolt|\n|poke|p2|Incineroar, F|\n|poke|p2|Ogerpon-Wellspring, F|\n|teampreview\n|inactive|Battle timer is ON: inactive players will automatically lose when time's up. (requested by mammoforest)\n|\n|t:|1771135010\n|teamsize|p1|6\n|teamsize|p2|6\n|start\n|switch|p1a: Bronzong|Bronzong|100/100\n|switch|p1b: Incineroar|Incineroar, F|100/100\n|switch|p2a: Ogerpon|Ogerpon-Wellspring, F|100/100\n|switch|p2b: MonsterCat|Incineroar, F, shiny|100/100\n|-ability|p2b: MonsterCat|Intimidate|boost\n|-unboost|p1a: Bronzong|atk|1\n|-unboost|p1b: Incineroar|atk|1\n|-ability|p1b: Incineroar|Intimidate|boost\n|-unboost|p2a: Ogerpon|atk|1\n|-unboost|p2b: MonsterCat|atk|1\n|turn|1\n|\n|t:|1771135018\n|move|p2b: MonsterCat|Fake Out|p1b: Incineroar\n|-damage|p1b: Incineroar|93/100\n|cant|p1b: Incineroar|flinch\n|move|p2a: Ogerpon|Ivy Cudgel|p1b: Incineroar|[anim] Ivy Cudgel Water\n|-supereffective|p1b: Incineroar\n|-damage|p1b: Incineroar|31/100\n|move|p1a: Bronzong|Trick Room|p1a: Bronzong\n|-fieldstart|move: Trick Room|[of] p1a: Bronzong\n|\n|upkeep\n|turn|2\n|\n|t:|1771135034\n|move|p2a: Ogerpon|Spiky Shield|p2a: Ogerpon\n|-singleturn|p2a: Ogerpon|move: Protect\n|move|p1a: Bronzong|Skill Swap|p2b: MonsterCat\n|-activate|p1a: Bronzong|Skill Swap|p2b: MonsterCat|[ability] Intimidate|[ability2] Levitate\n|-ability|p1a: Bronzong|Intimidate|boost\n|-unboost|p2a: Ogerpon|atk|1\n|-unboost|p2b: MonsterCat|atk|1\n|move|p1b: Incineroar|U-turn|p2a: Ogerpon\n|-activate|p2a: Ogerpon|move: Protect\n|-damage|p1b: Incineroar|19/100|[from] Spiky Shield|[of] p2a: Ogerpon\n|move|p2b: MonsterCat|Flare Blitz|p1a: Bronzong\n|-supereffective|p1a: Bronzong\n|-damage|p1a: Bronzong|46/100\n|-damage|p2b: MonsterCat|84/100|[from] Recoil\n|\n|upkeep\n|turn|3\n|\n|t:|1771135059\n|move|p1a: Bronzong|Skill Swap|p1b: Incineroar\n|-activate|p1a: Bronzong|Skill Swap\n|-ability|p1b: Incineroar|Intimidate|boost\n|-unboost|p2a: Ogerpon|atk|1\n|-unboost|p2b: MonsterCat|atk|1\n|-ability|p1a: Bronzong|Intimidate|boost\n|-unboost|p2a: Ogerpon|atk|1\n|-unboost|p2b: MonsterCat|atk|1\n|move|p1b: Incineroar|U-turn|p2a: Ogerpon\n|-supereffective|p2a: Ogerpon\n|-damage|p2a: Ogerpon|70/100\n|\n|t:|1771135067\n|switch|p1b: Sylveon|Sylveon, F|100/100|[from] U-turn\n|move|p2b: MonsterCat|Flare Blitz|p1a: Bronzong\n|-supereffective|p1a: Bronzong\n|-damage|p1a: Bronzong|12/100\n|-damage|p2b: MonsterCat|74/100|[from] Recoil\n|move|p2a: Ogerpon|Ivy Cudgel|p1b: Sylveon|[anim] Ivy Cudgel Water\n|-crit|p1b: Sylveon\n|-damage|p1b: Sylveon|0 fnt\n|faint|p1b: Sylveon\n|\n|upkeep\n|c|☆NotDogeMaterial|WHat\n|c|☆NotDogeMaterial|CRITICAL HIT\n|inactive|NotDogeMaterial has 120 seconds left.\n|c|☆mammoforest|hehe\n|\n|t:|1771135096\n|switch|p1b: Dragonite|Dragonite, F|100/100\n|turn|4\n|\n|t:|1771135105\n|-terastallize|p1b: Dragonite|Normal\n|move|p2a: Ogerpon|Spiky Shield|p2a: Ogerpon\n|-singleturn|p2a: Ogerpon|move: Protect\n|move|p1b: Dragonite|Extreme Speed|p2b: MonsterCat\n|-damage|p2b: MonsterCat|0 fnt\n|faint|p2b: MonsterCat\n|move|p1a: Bronzong|Gyro Ball|p2a: Ogerpon\n|-activate|p2a: Ogerpon|move: Protect\n|-damage|p1a: Bronzong|0 fnt|[from] Spiky Shield|[of] p2a: Ogerpon\n|faint|p1a: Bronzong\n|\n|upkeep\n|\n|t:|1771135120\n|switch|p1a: Incineroar|Incineroar, F|19/100\n|switch|p2b: My friend|Rillaboom, F, shiny|100/100\n|-ability|p1a: Incineroar|Intimidate|boost\n|-unboost|p2a: Ogerpon|atk|1\n|-unboost|p2b: My friend|atk|1\n|-fieldstart|move: Grassy Terrain|[from] ability: Grassy Surge|[of] p2b: My friend\n|turn|5\n|\n|t:|1771135135\n|switch|p2a: dont move|Raging Bolt|100/100\n|-enditem|p2a: dont move|Booster Energy\n|-activate|p2a: dont move|ability: Protosynthesis|[fromitem]\n|-start|p2a: dont move|protosynthesisspa\n|move|p1a: Incineroar|Fake Out|p2b: My friend\n|-damage|p2b: My friend|90/100\n|cant|p2b: My friend|flinch\n|move|p1b: Dragonite|Extreme Speed|p2a: dont move\n|-crit|p2a: dont move\n|-damage|p2a: dont move|10/100\n|\n|-heal|p1a: Incineroar|25/100|[from] Grassy Terrain\n|-heal|p2a: dont move|17/100|[from] Grassy Terrain\n|-heal|p2b: My friend|96/100|[from] Grassy Terrain\n|-fieldend|move: Trick Room\n|upkeep\n|turn|6\n|c|☆NotDogeMaterial|im sending you to the shadow realm\n|\n|t:|1771135156\n|move|p2a: dont move|Protect|p2a: dont move\n|-singleturn|p2a: dont move|Protect\n|move|p1b: Dragonite|Extreme Speed|p2a: dont move\n|-activate|p2a: dont move|move: Protect\n|move|p2b: My friend|Grassy Glide|p1b: Dragonite\n|-damage|p1b: Dragonite|75/100\n|move|p1a: Incineroar|Flare Blitz|p2b: My friend\n|-supereffective|p2b: My friend\n|-damage|p2b: My friend|0 fnt\n|faint|p2b: My friend\n|-damage|p1a: Incineroar|0 fnt|[from] Recoil\n|faint|p1a: Incineroar\n|\n|-heal|p1b: Dragonite|82/100|[from] Grassy Terrain\n|-heal|p2a: dont move|23/100|[from] Grassy Terrain\n|upkeep\n|\n|t:|1771135167\n|switch|p2b: Ogerpon|Ogerpon-Wellspring, F|70/100\n|switch|p1a: Chien-Pao|Chien-Pao|100/100\n|-ability|p1a: Chien-Pao|Sword of Ruin\n|turn|7\n|\n|t:|1771135181\n|move|p2b: Ogerpon|Follow Me|p2b: Ogerpon\n|-singleturn|p2b: Ogerpon|move: Follow Me\n|move|p1b: Dragonite|Extreme Speed|p2b: Ogerpon\n|-damage|p2b: Ogerpon|0 fnt\n|faint|p2b: Ogerpon\n|move|p1a: Chien-Pao|Icicle Crash|p2a: dont move\n|-supereffective|p2a: dont move\n|-damage|p2a: dont move|0 fnt\n|faint|p2a: dont move\n|-end|p2a: dont move|Protosynthesis|[silent]\n|\n|-heal|p1b: Dragonite|88/100|[from] Grassy Terrain\n|upkeep\n|\n|t:|1771135189\n|switch|p2b: Pops|Landorus, M|100/100\n|switch|p2a: ToothBreaker|Chien-Pao, shiny|100/100\n|-ability|p2a: ToothBreaker|Sword of Ruin\n|turn|8\n|\n|t:|1771135199\n|-terastallize|p2b: Pops|Steel\n|move|p2a: ToothBreaker|Protect|p2a: ToothBreaker\n|-singleturn|p2a: ToothBreaker|Protect\n|move|p1b: Dragonite|Extreme Speed|p2a: ToothBreaker\n|-activate|p2a: ToothBreaker|move: Protect\n|move|p1a: Chien-Pao|Icicle Crash|p2b: Pops\n|-resisted|p2b: Pops\n|-damage|p2b: Pops|68/100\n|move|p2b: Pops|Sandsear Storm|p1b: Dragonite|[spread] p1a,p1b\n|-enditem|p1a: Chien-Pao|Focus Sash\n|-damage|p1a: Chien-Pao|1/100\n|-damage|p1b: Dragonite|32/100\n|\n|-heal|p1a: Chien-Pao|7/100|[from] Grassy Terrain\n|-heal|p2b: Pops|74/100|[from] Grassy Terrain\n|-heal|p1b: Dragonite|38/100|[from] Grassy Terrain\n|upkeep\n|turn|9\n|\n|t:|1771135218\n|move|p1b: Dragonite|Extreme Speed|p2a: ToothBreaker\n|-damage|p2a: ToothBreaker|6/100\n|move|p2a: ToothBreaker|Ice Shard|p1b: Dragonite\n|-damage|p1b: Dragonite|13/100\n|move|p1a: Chien-Pao|Sacred Sword|p2b: Pops\n|-supereffective|p2b: Pops\n|-crit|p2b: Pops\n|-damage|p2b: Pops|0 fnt\n|faint|p2b: Pops\n|\n|-heal|p2a: ToothBreaker|12/100|[from] Grassy Terrain\n|-heal|p1a: Chien-Pao|13/100|[from] Grassy Terrain\n|-heal|p1b: Dragonite|20/100|[from] Grassy Terrain\n|-fieldend|move: Grassy Terrain\n|upkeep\n|turn|10\n|-message|mammoforest forfeited.\n|\n|win|NotDogeMaterial\n|raw|NotDogeMaterial's rating: 1482 &rarr; <strong>1509</strong><br />(+27 for winning)\n|raw|mammoforest's rating: 1612 &rarr; <strong>1585</strong><br />(-27 for losing)\n|l|☆mammoforest\n|player|p2|\n|l|☆NotDogeMaterial\n|player|p1|\n", "uploadtime": 1771135536, "views": 17, "formatid": "gen9doublesou", "rating": 1509, "private": 0, "password": null}