{"id": "gen9doublesou-2540516578", "format": "[Gen 9] Doubles OU", "players": ["vokytr", "lucus27"], "log": "|j|☆vokytr\n|j|☆lucus27\n|t:|1771211906\n|gametype|doubles\n|player|p1|vokytr|169|1542\n|player|p2|lucus27|lucas|1620\n|gen|9\n|tier|[Gen 9] Doubles OU\n|rated|\n|rule|HP Percentage Mod: HP is shown in percentages\n|rule|Endless Battle Clause: Forcing endless battles is banned\n|rule|Species Clause: Limit one of each Pokémon\n|rule|OHKO Clause: OHKO moves are banned\n|rule|Evasion Moves Clause: Evasion moves are banned\n|rule|Gravity Sleep Clause: The combination of sleep-inducing moves with imperfect accuracy and Gravity or Gigantamax Orbeetle are banned\n|rule|Evasion Abilities Clause: Evasion abilities are banned\n|clearpoke\n|poke|p1|Whimsicott, F|\n|poke|p1|Incineroar, M|\n|poke|p1|Landorus-Therian, M|\n|poke|p1|Ninetales-Alola, F|\n|poke|p1|Tornadus, M|\n|poke|p1|Indeedee, M|\n|poke|p2|Hydreigon, M|\n|poke|p2|Goodra-Hisui, F|\n|poke|p2|Ninetales-Alola, F|\n|poke|p2|Gastrodon-East, F|\n|poke|p2|Corviknight, F|\n|poke|p2|Tauros-Paldea-Blaze, M|\n|teampreview\n|inactive|Battle timer is ON: inactive players will automatically lose when time's up. (requested by vokytr)\n|\n|t:|1771211912\n|teamsize|p1|6\n|teamsize|p2|6\n|start\n|switch|p1a: Landorus|Landorus-Therian, M|100/100\n|switch|p1b: Tornadus|Tornadus, M|100/100\n|switch|p2a: Tauros|Tauros-Paldea-Blaze, M|100/100\n|switch|p2b: Goodra|Goodra-Hisui, F|100/100\n|-ability|p2a: Tauros|Intimidate|boost\n|-unboost|p1a: Landorus|atk|1\n|-unboost|p1b: Tornadus|atk|1\n|-ability|p1b: Tornadus|Defiant|boost\n|-boost|p1b: Tornadus|atk|2\n|-ability|p1a: Landorus|Intimidate|boost\n|-fail|p2a: Tauros|unboost|[from] item: Clear Amulet|[of] p2a: Tauros\n|-unboost|p2b: Goodra|atk|1\n|turn|1\n|\n|t:|1771211921\n|switch|p2a: Corviknight|Corviknight, F, shiny|100/100\n|-terastallize|p1a: Landorus|Steel\n|move|p1b: Tornadus|Acrobatics|p2a: Corviknight\n|-resisted|p2a: Corviknight\n|-damage|p2a: Corviknight|72/100\n|-damage|p1b: Tornadus|84/100|[from] item: Rocky Helmet|[of] p2a: Corviknight\n|move|p1a: Landorus|Swords Dance|p1a: Landorus\n|-boost|p1a: Landorus|atk|2\n|move|p2b: Goodra|Ice Beam|p1a: Landorus\n|-resisted|p1a: Landorus\n|-damage|p1a: Landorus|84/100\n|\n|upkeep\n|turn|2\n|j| bladeleo\n|l| bladeleo\n|\n|t:|1771211939\n|switch|p2b: Hydreigon|Hydreigon, M|100/100\n|move|p1b: Tornadus|Taunt|p2a: Corviknight\n|-start|p2a: Corviknight|move: Taunt\n|move|p1a: Landorus|Earthquake|p2a: Corviknight|[spread] \n|-immune|p1b: Tornadus\n|-immune|p2a: Corviknight\n|-immune|p2b: Hydreigon|[from] ability: Levitate\n|move|p2a: Corviknight|Body Press|p1a: Landorus\n|-supereffective|p1a: Landorus\n|-damage|p1a: Landorus|33/100\n|\n|upkeep\n|turn|3\n|\n|t:|1771211959\n|-terastallize|p2b: Hydreigon|Steel\n|move|p1b: Tornadus|Tailwind|p1b: Tornadus\n|-sidestart|p1: vokytr|move: Tailwind\n|move|p1a: Landorus|Rock Slide|p2b: Hydreigon|[spread] p2a,p2b\n|-resisted|p2b: Hydreigon\n|-damage|p2a: Corviknight|40/100\n|-damage|p2b: Hydreigon|77/100\n|-damage|p1a: Landorus|23/100|[from] item: Life Orb\n|cant|p2b: Hydreigon|flinch\n|move|p2a: Corviknight|Body Press|p1a: Landorus\n|-supereffective|p1a: Landorus\n|-damage|p1a: Landorus|0 fnt\n|faint|p1a: Landorus\n|\n|upkeep\n|\n|t:|1771211973\n|switch|p1a: Incineroar|Incineroar, M|100/100\n|-ability|p1a: Incineroar|Intimidate|boost\n|-ability|p2a: Corviknight|Mirror Armor\n|-unboost|p1a: Incineroar|atk|1\n|-unboost|p2b: Hydreigon|atk|1\n|turn|4\n|\n|t:|1771211997\n|switch|p2b: Goodra|Goodra-Hisui, F|100/100\n|move|p1b: Tornadus|Acrobatics|p2b: Goodra\n|-resisted|p2b: Goodra\n|-damage|p2b: Goodra|64/100\n|move|p1a: Incineroar|Flare Blitz|p2a: Corviknight\n|-supereffective|p2a: Corviknight\n|-damage|p2a: Corviknight|0 fnt\n|-damage|p1a: Incineroar|84/100|[from] item: Rocky Helmet|[of] p2a: Corviknight\n|faint|p2a: Corviknight\n|-damage|p1a: Incineroar|73/100|[from] Recoil\n|\n|upkeep\n|\n|t:|1771212014\n|switch|p2a: Gastrodon|Gastrodon-East, F|100/100\n|turn|5\n|inactive|vokytr has 120 seconds left.\n|\n|t:|1771212046\n|move|p1b: Tornadus|Acrobatics|p2a: Gastrodon\n|-damage|p2a: Gastrodon|23/100\n|move|p1a: Incineroar|Close Combat|p2b: Goodra\n|-supereffective|p2b: Goodra\n|-damage|p2b: Goodra|6/100\n|-unboost|p1a: Incineroar|def|1\n|-unboost|p1a: Incineroar|spd|1\n|move|p2b: Goodra|Ice Beam|p1b: Tornadus\n|-supereffective|p1b: Tornadus\n|-damage|p1b: Tornadus|8/100\n|move|p2a: Gastrodon|Ice Beam|p1b: Tornadus\n|-supereffective|p1b: Tornadus\n|-damage|p1b: Tornadus|0 fnt\n|faint|p1b: Tornadus\n|\n|upkeep\n|inactive|vokytr has 120 seconds left.\n|\n|t:|1771212063\n|switch|p1b: Indeedee|Indeedee, M|100/100\n|-fieldstart|move: Psychic Terrain|[from] ability: Psychic Surge|[of] p1b: Indeedee\n|turn|6\n|\n|t:|1771212073\n|switch|p1a: Whimsicott|Whimsicott, F|100/100\n|move|p1b: Indeedee|Expanding Force|p2a: Gastrodon|[spread] p2a,p2b\n|-resisted|p2b: Goodra\n|-damage|p2a: Gastrodon|0 fnt\n|-damage|p2b: Goodra|0 fnt\n|faint|p2a: Gastrodon\n|faint|p2b: Goodra\n|\n|-sideend|p1: vokytr|move: Tailwind\n|upkeep\n|\n|t:|1771212078\n|switch|p2b: Hydreigon|Hydreigon, M, tera:Steel|77/100\n|switch|p2a: Ninetales|Ninetales-Alola, F, shiny|100/100\n|-weather|Snowscape|[from] ability: Snow Warning|[of] p2a: Ninetales\n|turn|7\n|\n|t:|1771212086\n|move|p1a: Whimsicott|Tailwind|p1a: Whimsicott\n|-sidestart|p1: vokytr|move: Tailwind\n|move|p1b: Indeedee|Expanding Force|p2a: Ninetales|[spread] p2a,p2b\n|-resisted|p2b: Hydreigon\n|-damage|p2a: Ninetales|54/100\n|-damage|p2b: Hydreigon|56/100\n|move|p2a: Ninetales|Blizzard|p1b: Indeedee|[spread] p1a,p1b\n|-supereffective|p1a: Whimsicott\n|-damage|p1a: Whimsicott|16/100\n|-damage|p1b: Indeedee|61/100\n|move|p2b: Hydreigon|Snarl|p1b: Indeedee|[spread] p1a,p1b\n|-resisted|p1a: Whimsicott\n|-supereffective|p1b: Indeedee\n|-damage|p1a: Whimsicott|0 fnt\n|-damage|p1b: Indeedee|6/100\n|-unboost|p1b: Indeedee|spa|1\n|faint|p1a: Whimsicott\n|\n|-weather|Snowscape|[upkeep]\n|upkeep\n|\n|t:|1771212097\n|switch|p1a: Incineroar|Incineroar, M|73/100\n|-ability|p1a: Incineroar|Intimidate|boost\n|-unboost|p2a: Ninetales|atk|1\n|-unboost|p2b: Hydreigon|atk|1\n|turn|8\n|\n|t:|1771212118\n|switch|p1b: Ninetales|Ninetales-Alola, F|100/100\n|move|p1a: Incineroar|Flare Blitz|p2b: Hydreigon\n|-supereffective|p2b: Hydreigon\n|-damage|p2b: Hydreigon|0 fnt\n|faint|p2b: Hydreigon\n|-damage|p1a: Incineroar|58/100|[from] Recoil\n|move|p2a: Ninetales|Blizzard|p1b: Ninetales|[spread] p1a,p1b\n|-resisted|p1a: Incineroar\n|-resisted|p1b: Ninetales\n|-damage|p1a: Incineroar|49/100\n|-damage|p1b: Ninetales|85/100\n|\n|-weather|Snowscape|[upkeep]\n|upkeep\n|\n|t:|1771212125\n|switch|p2b: Tauros|Tauros-Paldea-Blaze, M|100/100\n|-ability|p2b: Tauros|Intimidate|boost\n|-unboost|p1a: Incineroar|atk|1\n|-unboost|p1b: Ninetales|atk|1\n|turn|9\n|\n|t:|1771212153\n|move|p2a: Ninetales|Protect|p2a: Ninetales\n|-singleturn|p2a: Ninetales|Protect\n|move|p1b: Ninetales|Dazzling Gleam|p2b: Tauros|[spread] p2b\n|-activate|p2a: Ninetales|move: Protect\n|-damage|p2b: Tauros|73/100\n|move|p1a: Incineroar|Flare Blitz|p2a: Ninetales\n|-activate|p2a: Ninetales|move: Protect\n|move|p2b: Tauros|Rock Slide|p1a: Incineroar|[spread] p1a,p1b\n|-supereffective|p1a: Incineroar\n|-supereffective|p1b: Ninetales\n|-damage|p1a: Incineroar|9/100\n|-damage|p1b: Ninetales|44/100\n|\n|-weather|Snowscape|[upkeep]\n|upkeep\n|turn|10\n|\n|t:|1771212174\n|move|p1b: Ninetales|Dazzling Gleam|p2a: Ninetales|[spread] p2a,p2b\n|-damage|p2a: Ninetales|36/100\n|-damage|p2b: Tauros|48/100\n|move|p1a: Incineroar|Flare Blitz|p2a: Ninetales\n|-supereffective|p2a: Ninetales\n|-damage|p2a: Ninetales|0 fnt\n|faint|p2a: Ninetales\n|-damage|p1a: Incineroar|0 fnt|[from] Recoil\n|faint|p1a: Incineroar\n|move|p2b: Tauros|Rock Slide|p1b: Ninetales\n|-supereffective|p1b: Ninetales\n|-damage|p1b: Ninetales|0 fnt\n|faint|p1b: Ninetales\n|\n|-weather|Snowscape|[upkeep]\n|-sideend|p1: vokytr|move: Tailwind\n|-fieldend|move: Psychic Terrain\n|upkeep\n|\n|t:|1771212186\n|switch|p1b: Indeedee|Indeedee, M|6/100\n|-fieldstart|move: Psychic Terrain|[from] ability: Psychic Surge|[of] p1b: Indeedee\n|turn|11\n|\n|t:|1771212190\n|move|p2b: Tauros|Protect|p2b: Tauros\n|-singleturn|p2b: Tauros|Protect\n|move|p1b: Indeedee|Expanding Force|p2b: Tauros\n|-activate|p2b: Tauros|move: Protect\n|\n|-weather|none\n|upkeep\n|turn|12\n|\n|t:|1771212198\n|move|p1b: Indeedee|Expanding Force|p2b: Tauros\n|-supereffective|p2b: Tauros\n|-damage|p2b: Tauros|0 fnt\n|faint|p2b: Tauros\n|\n|win|vokytr\n|raw|vokytr's rating: 1542 &rarr; <strong>1566</strong><br />(+24 for winning)\n|raw|lucus27's rating: 1620 &rarr; <strong>1596</strong><br />(-24 for losing)\n|l|☆lucus27\n|player|p2|\n|l|☆vokytr\n|player|p1|\n", "uploadtime": 1771212534, "views": 14, "formatid": "gen9doublesou", "rating": 1566, "private": 0, "password": null}