{"id": "gen9doublesou-2540728519", "format": "[Gen 9] Doubles OU", "players": ["dracarysbow", "transformi"], "log": "|j|☆dracarysbow\n|j|☆transformi\n|t:|1771246711\n|gametype|doubles\n|player|p1|dracarysbow|101|1569\n|player|p2|transformi|veteran|1547\n|gen|9\n|tier|[Gen 9] Doubles OU\n|rated|\n|rule|HP Percentage Mod: HP is shown in percentages\n|rule|Endless Battle Clause: Forcing endless battles is banned\n|rule|Species Clause: Limit one of each Pokémon\n|rule|OHKO Clause: OHKO moves are banned\n|rule|Evasion Moves Clause: Evasion moves are banned\n|rule|Gravity Sleep Clause: The combination of sleep-inducing moves with imperfect accuracy and Gravity or Gigantamax Orbeetle are banned\n|rule|Evasion Abilities Clause: Evasion abilities are banned\n|clearpoke\n|poke|p1|Zapdos-Galar|\n|poke|p1|Sneasler, M|\n|poke|p1|Murkrow, F|\n|poke|p1|Primarina, M|\n|poke|p1|Pelipper, F|\n|poke|p1|Walking Wake|\n|poke|p2|Diancie|\n|poke|p2|Ogerpon-Wellspring, F|\n|poke|p2|Amoonguss, F|\n|poke|p2|Incineroar, F|\n|poke|p2|Landorus, M|\n|poke|p2|Regidrago|\n|teampreview\n|inactive|Battle timer is ON: inactive players will automatically lose when time's up. (requested by transformi)\n|\n|t:|1771246752\n|teamsize|p1|6\n|teamsize|p2|6\n|start\n|switch|p1a: Murkrow|Murkrow, F|100/100\n|switch|p1b: Primarina|Primarina, M|100/100\n|switch|p2a: Amoonguss|Amoonguss, F|100/100\n|switch|p2b: Regidrago|Regidrago|100/100\n|turn|1\n|\n|t:|1771246769\n|move|p2b: Regidrago|Protect|p2b: Regidrago\n|-singleturn|p2b: Regidrago|Protect\n|move|p1a: Murkrow|Taunt|p2a: Amoonguss\n|-start|p2a: Amoonguss|move: Taunt\n|move|p1b: Primarina|Dazzling Gleam|p2b: Regidrago|[spread] p2a\n|-activate|p2b: Regidrago|move: Protect\n|-resisted|p2a: Amoonguss\n|-damage|p2a: Amoonguss|89/100\n|cant|p2a: Amoonguss|move: Taunt|Spore\n|\n|-heal|p2a: Amoonguss|95/100|[from] item: Leftovers\n|upkeep\n|turn|2\n|\n|t:|1771246792\n|switch|p2b: Incineroar|Incineroar, F|100/100\n|move|p1a: Murkrow|Tailwind|p1a: Murkrow\n|-sidestart|p1: dracarysbow|move: Tailwind\n|move|p1b: Primarina|Dazzling Gleam|p2b: Incineroar|[spread] p2a,p2b\n|-resisted|p2a: Amoonguss\n|-crit|p2a: Amoonguss\n|-damage|p2a: Amoonguss|78/100\n|-damage|p2b: Incineroar|71/100\n|move|p2a: Amoonguss|Sludge Bomb|p1b: Primarina\n|-supereffective|p1b: Primarina\n|-damage|p1b: Primarina|72/100\n|-status|p1b: Primarina|psn\n|\n|-heal|p2a: Amoonguss|84/100|[from] item: Leftovers\n|-damage|p1b: Primarina|60/100 psn|[from] psn\n|upkeep\n|turn|3\n|\n|t:|1771246822\n|switch|p1a: Pelipper|Pelipper, F|100/100\n|-weather|RainDance|[from] ability: Drizzle|[of] p1a: Pelipper\n|move|p1b: Primarina|Psychic|p2a: Amoonguss\n|-supereffective|p2a: Amoonguss\n|-damage|p2a: Amoonguss|38/100\n|move|p2b: Incineroar|Parting Shot|p1b: Primarina\n|-unboost|p1b: Primarina|atk|1\n|-unboost|p1b: Primarina|spa|1\n|\n|t:|1771246828\n|switch|p2b: Ogerpon|Ogerpon-Wellspring, F|100/100|[from] Parting Shot\n|move|p2a: Amoonguss|Sludge Bomb|p1b: Primarina\n|-supereffective|p1b: Primarina\n|-damage|p1b: Primarina|30/100 psn\n|\n|-weather|RainDance|[upkeep]\n|-heal|p2a: Amoonguss|44/100|[from] item: Leftovers\n|-damage|p1b: Primarina|18/100 psn|[from] psn\n|-end|p2a: Amoonguss|move: Taunt\n|upkeep\n|turn|4\n|\n|t:|1771246849\n|switch|p1b: Sneasler|Sneasler, M|100/100\n|move|p2b: Ogerpon|Spiky Shield|p2b: Ogerpon\n|-singleturn|p2b: Ogerpon|move: Protect\n|move|p1a: Pelipper|Hurricane|p2a: Amoonguss\n|-supereffective|p2a: Amoonguss\n|-damage|p2a: Amoonguss|0 fnt\n|faint|p2a: Amoonguss\n|\n|-weather|RainDance|[upkeep]\n|upkeep\n|\n|t:|1771246867\n|switch|p2a: Diancie|Diancie|100/100\n|turn|5\n|\n|t:|1771246885\n|-terastallize|p2b: Ogerpon|Water\n|detailschange|p2b: Ogerpon|Ogerpon-Wellspring-Tera, F, tera:Water\n|-ability|p2b: Ogerpon|Embody Aspect (Wellspring)|boost\n|-boost|p2b: Ogerpon|spd|1\n|move|p1b: Sneasler|Dire Claw|p2b: Ogerpon\n|-damage|p2b: Ogerpon|41/100\n|move|p2b: Ogerpon|Swords Dance|p2b: Ogerpon\n|-boost|p2b: Ogerpon|atk|2\n|move|p1a: Pelipper|Muddy Water|p2b: Ogerpon|[spread] p2a\n|-miss|p1a: Pelipper|p2b: Ogerpon\n|-supereffective|p2a: Diancie\n|-damage|p2a: Diancie|21/100\n|move|p2a: Diancie|Trick Room|p2a: Diancie\n|-fieldstart|move: Trick Room|[of] p2a: Diancie\n|\n|-weather|RainDance|[upkeep]\n|-sideend|p1: dracarysbow|move: Tailwind\n|upkeep\n|turn|6\n|inactive|dracarysbow has 120 seconds left.\n|\n|t:|1771246918\n|switch|p1b: Murkrow|Murkrow, F|100/100\n|move|p2b: Ogerpon|Spiky Shield|p2b: Ogerpon\n|-singleturn|p2b: Ogerpon|move: Protect\n|move|p2a: Diancie|Diamond Storm|p1a: Pelipper|[spread] p1a,p1b\n|-supereffective|p1a: Pelipper\n|-supereffective|p1b: Murkrow\n|-damage|p1a: Pelipper|4/100\n|-damage|p1b: Murkrow|0 fnt\n|-boost|p2a: Diancie|def|2\n|faint|p1b: Murkrow\n|move|p1a: Pelipper|Muddy Water|p2a: Diancie|[spread] \n|-activate|p2b: Ogerpon|move: Protect\n|-miss|p1a: Pelipper|p2a: Diancie\n|\n|-weather|RainDance|[upkeep]\n|upkeep\n|inactive|dracarysbow has 120 seconds left.\n|\n|t:|1771246940\n|switch|p1b: Sneasler|Sneasler, M|100/100\n|turn|7\n|\n|t:|1771246953\n|move|p1b: Sneasler|Fake Out|p2a: Diancie\n|-enditem|p1b: Sneasler|Normal Gem|[from] gem\n|-resisted|p2a: Diancie\n|-damage|p2a: Diancie|17/100\n|cant|p2a: Diancie|flinch\n|move|p1a: Pelipper|Muddy Water|p2a: Diancie|[spread] p2a,p2b\n|-supereffective|p2a: Diancie\n|-resisted|p2b: Ogerpon\n|-damage|p2a: Diancie|0 fnt\n|-damage|p2b: Ogerpon|25/100\n|faint|p2a: Diancie\n|move|p2b: Ogerpon|Ivy Cudgel|p1b: Sneasler|[anim] Ivy Cudgel Water\n|-damage|p1b: Sneasler|0 fnt\n|faint|p1b: Sneasler\n|\n|-weather|none\n|upkeep\n|inactive|dracarysbow has 120 seconds left.\n|inactive|dracarysbow has 90 seconds left.\n|\n|t:|1771247004\n|switch|p2a: Regidrago|Regidrago|100/100\n|switch|p1b: Walking Wake|Walking Wake|100/100\n|turn|8\n|\n|t:|1771247023\n|move|p1a: Pelipper|Wide Guard|p1a: Pelipper\n|-singleturn|p1a: Pelipper|Wide Guard\n|move|p2a: Regidrago|Dragon Energy|p1a: Pelipper|[spread] \n|-activate|p1a: Pelipper|move: Wide Guard\n|-activate|p1b: Walking Wake|move: Wide Guard\n|move|p1b: Walking Wake|Dragon Pulse|p2a: Regidrago\n|-supereffective|p2a: Regidrago\n|-damage|p2a: Regidrago|9/100\n|move|p2b: Ogerpon|Horn Leech|p1b: Walking Wake\n|-damage|p1b: Walking Wake|4/100\n|-heal|p2b: Ogerpon|79/100|[from] drain|[of] p1b: Walking Wake\n|\n|upkeep\n|turn|9\n|inactive|dracarysbow has 120 seconds left.\n|\n|t:|1771247062\n|move|p1b: Walking Wake|Protect|p1b: Walking Wake\n|-singleturn|p1b: Walking Wake|Protect\n|move|p1a: Pelipper|Icy Wind|p2b: Ogerpon|[spread] p2a,p2b\n|-supereffective|p2a: Regidrago\n|-resisted|p2b: Ogerpon\n|-damage|p2a: Regidrago|0 fnt\n|-damage|p2b: Ogerpon|75/100\n|-unboost|p2b: Ogerpon|spe|1\n|faint|p2a: Regidrago\n|move|p2b: Ogerpon|Horn Leech|p1a: Pelipper\n|-damage|p1a: Pelipper|0 fnt\n|-heal|p2b: Ogerpon|77/100|[from] drain|[of] p1a: Pelipper\n|faint|p1a: Pelipper\n|\n|-fieldend|move: Trick Room\n|upkeep\n|inactive|dracarysbow has 90 seconds left.\n|inactive|dracarysbow has 60 seconds left.\n|\n|t:|1771247125\n|switch|p2a: Incineroar|Incineroar, F|71/100\n|switch|p1a: Zapdos|Zapdos-Galar|100/100\n|turn|10\n|inactive|dracarysbow has 60 seconds left.\n|inactive|transformi has 120 seconds left.\n|\n|t:|1771247159\n|-terastallize|p1a: Zapdos|Fighting\n|move|p1b: Walking Wake|Hydro Steam|p2a: Incineroar\n|-supereffective|p2a: Incineroar\n|-damage|p2a: Incineroar|0 fnt\n|faint|p2a: Incineroar\n|move|p1a: Zapdos|Thunderous Kick|p2b: Ogerpon\n|-crit|p2b: Ogerpon\n|-damage|p2b: Ogerpon|0 fnt\n|faint|p2b: Ogerpon\n|detailschange|p2: Ogerpon|Ogerpon-Wellspring, F|[silent]\n|\n|upkeep\n|inactive|transformi has 120 seconds left.\n|\n|t:|1771247169\n|switch|p2a: Landorus|Landorus, M|100/100\n|turn|11\n|\n|t:|1771247181\n|move|p1b: Walking Wake|Hydro Steam|p2a: Landorus\n|-supereffective|p2a: Landorus\n|-damage|p2a: Landorus|0 fnt\n|faint|p2a: Landorus\n|\n|win|dracarysbow\n|raw|dracarysbow's rating: 1569 &rarr; <strong>1590</strong><br />(+21 for winning)\n|raw|transformi's rating: 1580 &rarr; <strong>1559</strong><br />(-21 for losing)\n|l|☆dracarysbow\n|player|p1|\n|l|☆transformi\n|player|p2|\n", "uploadtime": 1771247497, "views": 6, "formatid": "gen9doublesou", "rating": 1559, "private": 0, "password": null}