{"id": "gen9doublesou-2540302192", "format": "[Gen 9] Doubles OU", "players": ["natana6l", "takisopalios"], "log": "|j|☆natana6l\n|j|☆takisopalios\n|t:|1771186429\n|gametype|doubles\n|player|p1|natana6l|flannery|1550\n|player|p2|takisopalios|shadowtriad|1619\n|gen|9\n|tier|[Gen 9] Doubles OU\n|rated|\n|rule|HP Percentage Mod: HP is shown in percentages\n|rule|Endless Battle Clause: Forcing endless battles is banned\n|rule|Species Clause: Limit one of each Pokémon\n|rule|OHKO Clause: OHKO moves are banned\n|rule|Evasion Moves Clause: Evasion moves are banned\n|rule|Gravity Sleep Clause: The combination of sleep-inducing moves with imperfect accuracy and Gravity or Gigantamax Orbeetle are banned\n|rule|Evasion Abilities Clause: Evasion abilities are banned\n|clearpoke\n|poke|p1|Sneasler, M|\n|poke|p1|Arcanine, M|\n|poke|p1|Latios, M|\n|poke|p1|Cinderace, F|\n|poke|p1|Tyranitar, F|\n|poke|p1|Serperior, M|\n|poke|p2|Tornadus, M|\n|poke|p2|Chien-Pao|\n|poke|p2|Gallade, M|\n|poke|p2|Chi-Yu|\n|poke|p2|Okidogi, M|\n|poke|p2|Raging Bolt|\n|teampreview\n|inactive|Battle timer is ON: inactive players will automatically lose when time's up. (requested by natana6l)\n|\n|t:|1771186441\n|teamsize|p1|6\n|teamsize|p2|6\n|start\n|switch|p1a: Sneasler|Sneasler, M|100/100\n|switch|p1b: Tyranitar|Tyranitar, F|100/100\n|switch|p2a: Tornadus|Tornadus, M|100/100\n|switch|p2b: Chi-Yu|Chi-Yu|100/100\n|-ability|p2b: Chi-Yu|Beads of Ruin\n|-weather|Sandstorm|[from] ability: Sand Stream|[of] p1b: Tyranitar\n|turn|1\n|\n|t:|1771186449\n|move|p2b: Chi-Yu|Protect|p2b: Chi-Yu\n|-singleturn|p2b: Chi-Yu|Protect\n|move|p1a: Sneasler|Fake Out|p2b: Chi-Yu\n|-activate|p2b: Chi-Yu|move: Protect\n|move|p2a: Tornadus|Tailwind|p2a: Tornadus\n|-sidestart|p2: takisopalios|move: Tailwind\n|move|p1b: Tyranitar|Rock Slide|p2a: Tornadus|[spread] p2a\n|-activate|p2b: Chi-Yu|move: Protect\n|-supereffective|p2a: Tornadus\n|-damage|p2a: Tornadus|10/100\n|\n|-weather|Sandstorm|[upkeep]\n|-damage|p2b: Chi-Yu|95/100|[from] Sandstorm\n|-damage|p2a: Tornadus|4/100|[from] Sandstorm\n|-damage|p1a: Sneasler|95/100|[from] Sandstorm\n|upkeep\n|turn|2\n|\n|t:|1771186472\n|switch|p1a: Serperior|Serperior, M|100/100\n|move|p2b: Chi-Yu|Dark Pulse|p1b: Tyranitar\n|-resisted|p1b: Tyranitar\n|-damage|p1b: Tyranitar|82/100\n|move|p2a: Tornadus|Bleakwind Storm|p1a: Serperior|[spread] p1a\n|-miss|p2a: Tornadus|p1b: Tyranitar\n|-supereffective|p1a: Serperior\n|-damage|p1a: Serperior|0 fnt\n|faint|p1a: Serperior\n|move|p1b: Tyranitar|Rock Slide|p2a: Tornadus|[spread] p2a,p2b\n|-supereffective|p2a: Tornadus\n|-crit|p2a: Tornadus\n|-supereffective|p2b: Chi-Yu\n|-damage|p2a: Tornadus|0 fnt\n|-damage|p2b: Chi-Yu|0 fnt\n|faint|p2a: Tornadus\n|faint|p2b: Chi-Yu\n|\n|-weather|Sandstorm|[upkeep]\n|upkeep\n|\n|t:|1771186487\n|switch|p1a: Sneasler|Sneasler, M|95/100\n|switch|p2b: Gallade|Gallade, M|100/100\n|switch|p2a: Chien-Pao|Chien-Pao|100/100\n|-ability|p2a: Chien-Pao|Sword of Ruin\n|turn|3\n|\n|t:|1771186501\n|-terastallize|p1b: Tyranitar|Ghost\n|move|p1a: Sneasler|Fake Out|p2b: Gallade\n|-damage|p2b: Gallade|63/100\n|-damage|p1a: Sneasler|85/100|[from] item: Life Orb\n|move|p2a: Chien-Pao|Sacred Sword|p1b: Tyranitar\n|-immune|p1b: Tyranitar\n|cant|p2b: Gallade|flinch\n|move|p1b: Tyranitar|Rock Slide|p2a: Chien-Pao|[spread] p2a,p2b\n|-supereffective|p2a: Chien-Pao\n|-resisted|p2b: Gallade\n|-damage|p2a: Chien-Pao|7/100\n|-damage|p2b: Gallade|33/100\n|\n|-weather|Sandstorm|[upkeep]\n|-damage|p2a: Chien-Pao|1/100|[from] Sandstorm\n|-damage|p1a: Sneasler|79/100|[from] Sandstorm\n|-damage|p1b: Tyranitar|76/100|[from] Sandstorm\n|upkeep\n|turn|4\n|\n|t:|1771186521\n|switch|p1a: Latios|Latios, M|100/100\n|move|p1b: Tyranitar|Protect|p1b: Tyranitar\n|-singleturn|p1b: Tyranitar|Protect\n|move|p2a: Chien-Pao|Sucker Punch||[still]\n|-fail|p2a: Chien-Pao\n|move|p2b: Gallade|Psycho Cut|p1a: Latios\n|-resisted|p1a: Latios\n|-damage|p1a: Latios|50/100\n|\n|-weather|Sandstorm|[upkeep]\n|-damage|p2a: Chien-Pao|0 fnt|[from] Sandstorm\n|-damage|p1a: Latios|44/100|[from] Sandstorm\n|-damage|p1b: Tyranitar|70/100|[from] Sandstorm\n|faint|p2a: Chien-Pao\n|-sideend|p2: takisopalios|move: Tailwind\n|upkeep\n|\n|t:|1771186530\n|switch|p2a: Raging Bolt|Raging Bolt|100/100\n|-enditem|p2a: Raging Bolt|Booster Energy\n|-activate|p2a: Raging Bolt|ability: Protosynthesis|[fromitem]\n|-start|p2a: Raging Bolt|protosynthesisspa\n|turn|5\n|\n|t:|1771186540\n|-terastallize|p2a: Raging Bolt|Electric\n|move|p2b: Gallade|Wide Guard|p2b: Gallade\n|-singleturn|p2b: Gallade|Wide Guard\n|move|p1a: Latios|Ally Switch|p1a: Latios\n|swap|p1a: Latios|1|[from] move: Ally Switch\n|move|p2a: Raging Bolt|Electroweb|p1b: Latios|[spread] p1a,p1b\n|-resisted|p1b: Latios\n|-damage|p1a: Tyranitar|29/100\n|-damage|p1b: Latios|21/100\n|-unboost|p1a: Tyranitar|spe|1\n|-unboost|p1b: Latios|spe|1\n|move|p1a: Tyranitar|Rock Slide|p2a: Raging Bolt|[spread] \n|-activate|p2a: Raging Bolt|move: Wide Guard\n|-activate|p2b: Gallade|move: Wide Guard\n|\n|-weather|none\n|upkeep\n|turn|6\n|\n|t:|1771186568\n|move|p1b: Latios|Tailwind|p1b: Latios\n|-sidestart|p1: natana6l|move: Tailwind\n|move|p1a: Tyranitar|Rock Slide|p2a: Raging Bolt|[spread] p2a,p2b\n|-resisted|p2b: Gallade\n|-damage|p2a: Raging Bolt|74/100\n|-damage|p2b: Gallade|10/100\n|cant|p2b: Gallade|flinch\n|move|p2a: Raging Bolt|Dragon Pulse|p1b: Latios\n|-supereffective|p1b: Latios\n|-crit|p1b: Latios\n|-damage|p1b: Latios|0 fnt\n|faint|p1b: Latios\n|\n|upkeep\n|\n|t:|1771186581\n|switch|p1b: Arcanine|Arcanine, M|100/100\n|-ability|p1b: Arcanine|Intimidate|boost\n|-unboost|p2a: Raging Bolt|atk|1\n|-unboost|p2b: Gallade|atk|1\n|turn|7\n|\n|t:|1771186594\n|move|p2b: Gallade|Wide Guard|p2b: Gallade\n|-singleturn|p2b: Gallade|Wide Guard\n|move|p1b: Arcanine|Extreme Speed|p2b: Gallade\n|-damage|p2b: Gallade|0 fnt\n|faint|p2b: Gallade\n|-damage|p1b: Arcanine|91/100|[from] item: Life Orb\n|move|p2a: Raging Bolt|Thunderclap||[still]\n|-fail|p2a: Raging Bolt\n|move|p1a: Tyranitar|Avalanche|p2a: Raging Bolt\n|-damage|p2a: Raging Bolt|55/100\n|\n|upkeep\n|\n|t:|1771186604\n|switch|p2b: Okidogi|Okidogi, M|100/100\n|turn|8\n|\n|t:|1771186614\n|switch|p1b: Sneasler|Sneasler, M|79/100\n|move|p1a: Tyranitar|Rock Slide|p2b: Okidogi|[spread] p2a,p2b\n|-resisted|p2b: Okidogi\n|-damage|p2a: Raging Bolt|26/100\n|-damage|p2b: Okidogi|87/100\n|move|p2b: Okidogi|Drain Punch|p1b: Sneasler\n|-resisted|p1b: Sneasler\n|-damage|p1b: Sneasler|40/100\n|-heal|p2b: Okidogi|100/100|[from] drain|[of] p1b: Sneasler\n|move|p2a: Raging Bolt|Thunderbolt|p1a: Tyranitar\n|-damage|p1a: Tyranitar|0 fnt\n|faint|p1a: Tyranitar\n|\n|upkeep\n|\n|t:|1771186624\n|switch|p1a: Arcanine|Arcanine, M|91/100\n|-ability|p1a: Arcanine|Intimidate|boost\n|-unboost|p2a: Raging Bolt|atk|1\n|-ability|p2b: Okidogi|Guard Dog|boost\n|-boost|p2b: Okidogi|atk|1\n|turn|9\n|\n|t:|1771186638\n|move|p1b: Sneasler|Fake Out|p2b: Okidogi\n|-damage|p2b: Okidogi|83/100\n|-damage|p1b: Sneasler|30/100|[from] item: Life Orb\n|move|p2a: Raging Bolt|Thunderclap||[still]\n|-fail|p2a: Raging Bolt\n|move|p1a: Arcanine|Will-O-Wisp|p2b: Okidogi\n|-status|p2b: Okidogi|brn\n|cant|p2b: Okidogi|flinch\n|\n|-damage|p2b: Okidogi|77/100 brn|[from] brn\n|-sideend|p1: natana6l|move: Tailwind\n|upkeep\n|turn|10\n|\n|t:|1771186654\n|move|p1b: Sneasler|Dire Claw|p2a: Raging Bolt\n|-damage|p2a: Raging Bolt|0 fnt\n|faint|p2a: Raging Bolt\n|-end|p2a: Raging Bolt|Protosynthesis|[silent]\n|-damage|p1b: Sneasler|20/100|[from] item: Life Orb\n|move|p1a: Arcanine|Flare Blitz|p2b: Okidogi\n|-damage|p2b: Okidogi|6/100 brn\n|-enditem|p2b: Okidogi|Sitrus Berry|[eat]\n|-heal|p2b: Okidogi|31/100 brn|[from] item: Sitrus Berry\n|-damage|p1a: Arcanine|71/100|[from] Recoil\n|-damage|p1a: Arcanine|61/100|[from] item: Life Orb\n|move|p2b: Okidogi|Gunk Shot|p1a: Arcanine\n|-damage|p1a: Arcanine|7/100\n|\n|-damage|p2b: Okidogi|25/100 brn|[from] brn\n|upkeep\n|turn|11\n|\n|t:|1771186672\n|move|p1a: Arcanine|Extreme Speed|p2b: Okidogi\n|-damage|p2b: Okidogi|0 fnt\n|faint|p2b: Okidogi\n|-damage|p1a: Arcanine|0 fnt|[from] item: Life Orb\n|faint|p1a: Arcanine\n|\n|win|natana6l\n|raw|natana6l's rating: 1550 &rarr; <strong>1574</strong><br />(+24 for winning)\n|raw|takisopalios's rating: 1619 &rarr; <strong>1595</strong><br />(-24 for losing)\n|l|☆natana6l\n|player|p1|\n|l|☆takisopalios\n|player|p2|\n", "uploadtime": 1771186951, "views": 11, "formatid": "gen9doublesou", "rating": 1574, "private": 0, "password": null}