{"id": "gen9doublesou-2540275118", "format": "[Gen 9] Doubles OU", "players": ["vokytr", "lpop"], "log": "|j|☆vokytr\n|j|☆lpop\n|t:|1771183495\n|gametype|doubles\n|player|p1|vokytr|1|1511\n|player|p2|lpop|roxie|1730\n|gen|9\n|tier|[Gen 9] Doubles OU\n|rated|\n|rule|HP Percentage Mod: HP is shown in percentages\n|rule|Endless Battle Clause: Forcing endless battles is banned\n|rule|Species Clause: Limit one of each Pokémon\n|rule|OHKO Clause: OHKO moves are banned\n|rule|Evasion Moves Clause: Evasion moves are banned\n|rule|Gravity Sleep Clause: The combination of sleep-inducing moves with imperfect accuracy and Gravity or Gigantamax Orbeetle are banned\n|rule|Evasion Abilities Clause: Evasion abilities are banned\n|clearpoke\n|poke|p1|Whimsicott, F|\n|poke|p1|Incineroar, M|\n|poke|p1|Landorus-Therian, M|\n|poke|p1|Ninetales-Alola, F|\n|poke|p1|Tornadus, M|\n|poke|p1|Indeedee, M|\n|poke|p2|Ninetales, F|\n|poke|p2|Venusaur, M|\n|poke|p2|Whimsicott, F|\n|poke|p2|Walking Wake|\n|poke|p2|Gouging Fire|\n|poke|p2|Raging Bolt|\n|teampreview\n|inactive|Battle timer is ON: inactive players will automatically lose when time's up. (requested by vokytr)\n|inactive|vokytr has 120 seconds left.\n|inactive|vokytr has 90 seconds left.\n|inactive|vokytr has 60 seconds left.\n|\n|t:|1771183590\n|teamsize|p1|6\n|teamsize|p2|6\n|start\n|switch|p1a: Landorus|Landorus-Therian, M|100/100\n|switch|p1b: Whimsicott|Whimsicott, F|100/100\n|switch|p2a: Whimsicott|Whimsicott, F|100/100\n|switch|p2b: Walking Wake|Walking Wake|100/100\n|-ability|p1a: Landorus|Intimidate|boost\n|-unboost|p2a: Whimsicott|atk|1\n|-unboost|p2b: Walking Wake|atk|1\n|turn|1\n|\n|t:|1771183609\n|-terastallize|p2b: Walking Wake|Water\n|-terastallize|p1a: Landorus|Steel\n|move|p2a: Whimsicott|Tailwind|p2a: Whimsicott\n|-sidestart|p2: lpop|move: Tailwind\n|move|p2b: Walking Wake|Hydro Steam|p1a: Landorus\n|-damage|p1a: Landorus|29/100\n|-damage|p2b: Walking Wake|91/100|[from] item: Life Orb\n|move|p1a: Landorus|Swords Dance|p1a: Landorus\n|-boost|p1a: Landorus|atk|2\n|move|p1b: Whimsicott|Trick Room|p1b: Whimsicott\n|-fieldstart|move: Trick Room|[of] p1b: Whimsicott\n|\n|upkeep\n|turn|2\n|\n|t:|1771183628\n|move|p1a: Landorus|Protect|p1a: Landorus\n|-singleturn|p1a: Landorus|Protect\n|move|p1b: Whimsicott|Dazzling Gleam|p2b: Walking Wake|[spread] p2a,p2b\n|-damage|p2a: Whimsicott|67/100\n|-damage|p2b: Walking Wake|67/100\n|move|p2b: Walking Wake|Hydro Steam|p1b: Whimsicott\n|-resisted|p1b: Whimsicott\n|-damage|p1b: Whimsicott|44/100\n|-damage|p2b: Walking Wake|57/100|[from] item: Life Orb\n|move|p2a: Whimsicott|Trick Room|p2a: Whimsicott\n|-fieldend|move: Trick Room\n|\n|upkeep\n|turn|3\n|\n|t:|1771183653\n|move|p1b: Whimsicott|Tailwind|p1b: Whimsicott\n|-sidestart|p1: vokytr|move: Tailwind\n|move|p2a: Whimsicott|Moonblast|p1b: Whimsicott\n|-damage|p1b: Whimsicott|0 fnt\n|faint|p1b: Whimsicott\n|move|p2b: Walking Wake|Hydro Steam|p1a: Landorus\n|-damage|p1a: Landorus|0 fnt\n|faint|p1a: Landorus\n|-damage|p2b: Walking Wake|47/100|[from] item: Life Orb\n|\n|upkeep\n|j| punyakoko\n|inactive|vokytr has 120 seconds left.\n|\n|t:|1771183669\n|switch|p1b: Indeedee|Indeedee, M|100/100\n|switch|p1a: Ninetales|Ninetales-Alola, F|100/100\n|-weather|Snowscape|[from] ability: Snow Warning|[of] p1a: Ninetales\n|-fieldstart|move: Psychic Terrain|[from] ability: Psychic Surge|[of] p1b: Indeedee\n|turn|4\n|\n|t:|1771183674\n|move|p2a: Whimsicott|Sunny Day|p2a: Whimsicott\n|-weather|SunnyDay\n|-activate|p2b: Walking Wake|ability: Protosynthesis\n|-start|p2b: Walking Wake|protosynthesisspe\n|move|p2b: Walking Wake|Draco Meteor|p1b: Indeedee\n|-enditem|p1b: Indeedee|Focus Sash\n|-damage|p1b: Indeedee|1/100\n|-unboost|p2b: Walking Wake|spa|2\n|-damage|p2b: Walking Wake|37/100|[from] item: Life Orb\n|move|p1a: Ninetales|Aurora Veil||[still]\n|-fail|p1a: Ninetales\n|move|p1b: Indeedee|Expanding Force|p2b: Walking Wake|[spread] p2a,p2b\n|-damage|p2a: Whimsicott|0 fnt\n|-damage|p2b: Walking Wake|0 fnt\n|faint|p2a: Whimsicott\n|faint|p2b: Walking Wake\n|-end|p2b: Walking Wake|Protosynthesis|[silent]\n|\n|-weather|SunnyDay|[upkeep]\n|-sideend|p2: lpop|move: Tailwind\n|upkeep\n|inactive|lpop has 120 seconds left.\n|\n|t:|1771183710\n|switch|p2a: Gouging Fire|Gouging Fire|100/100\n|switch|p2b: Raging Bolt|Raging Bolt|100/100\n|-activate|p2a: Gouging Fire|ability: Protosynthesis\n|-start|p2a: Gouging Fire|protosynthesisatk\n|-activate|p2b: Raging Bolt|ability: Protosynthesis\n|-start|p2b: Raging Bolt|protosynthesisspa\n|turn|5\n|\n|t:|1771183726\n|switch|p1a: Incineroar|Incineroar, M|100/100\n|-ability|p1a: Incineroar|Intimidate|boost\n|-fail|p2a: Gouging Fire|unboost|[from] item: Clear Amulet|[of] p2a: Gouging Fire\n|-unboost|p2b: Raging Bolt|atk|1\n|move|p1b: Indeedee|Expanding Force|p2a: Gouging Fire|[spread] p2a,p2b\n|-crit|p2b: Raging Bolt\n|-damage|p2a: Gouging Fire|45/100\n|-damage|p2b: Raging Bolt|32/100\n|move|p2a: Gouging Fire|Heat Crash|p1b: Indeedee\n|-damage|p1b: Indeedee|0 fnt\n|faint|p1b: Indeedee\n|move|p2b: Raging Bolt|Thunderbolt|p1a: Incineroar\n|-damage|p1a: Incineroar|47/100\n|-damage|p2b: Raging Bolt|22/100|[from] item: Life Orb\n|\n|-weather|SunnyDay|[upkeep]\n|upkeep\n|\n|t:|1771183740\n|switch|p1b: Ninetales|Ninetales-Alola, F|100/100\n|-weather|Snowscape|[from] ability: Snow Warning|[of] p1b: Ninetales\n|-end|p2a: Gouging Fire|Protosynthesis\n|-end|p2b: Raging Bolt|Protosynthesis\n|turn|6\n|\n|t:|1771183751\n|-end|p2b: Raging Bolt|Protosynthesis|[silent]\n|switch|p2b: Ninetales|Ninetales, F|100/100\n|-weather|SunnyDay|[from] ability: Drought|[of] p2b: Ninetales\n|-activate|p2a: Gouging Fire|ability: Protosynthesis\n|-start|p2a: Gouging Fire|protosynthesisatk\n|move|p2a: Gouging Fire|Burning Bulwark|p2a: Gouging Fire\n|-singleturn|p2a: Gouging Fire|move: Protect\n|move|p1b: Ninetales|Blizzard|p2b: Ninetales|[spread] p2b\n|-activate|p2a: Gouging Fire|move: Protect\n|-resisted|p2b: Ninetales\n|-damage|p2b: Ninetales|89/100\n|move|p1a: Incineroar|Darkest Lariat|p2a: Gouging Fire\n|-activate|p2a: Gouging Fire|move: Protect\n|\n|-weather|SunnyDay|[upkeep]\n|-sideend|p1: vokytr|move: Tailwind\n|upkeep\n|turn|7\n|\n|t:|1771183765\n|move|p1b: Ninetales|Protect|p1b: Ninetales\n|-singleturn|p1b: Ninetales|Protect\n|move|p2a: Gouging Fire|Stomping Tantrum|p1a: Incineroar\n|-supereffective|p1a: Incineroar\n|-damage|p1a: Incineroar|0 fnt\n|faint|p1a: Incineroar\n|move|p2b: Ninetales|Weather Ball|p1b: Ninetales\n|-activate|p1b: Ninetales|move: Protect\n|\n|-weather|SunnyDay|[upkeep]\n|upkeep\n|-message|vokytr forfeited.\n|\n|win|lpop\n|raw|vokytr's rating: 1511 &rarr; <strong>1502</strong><br />(-9 for losing)\n|raw|lpop's rating: 1730 &rarr; <strong>1739</strong><br />(+9 for winning)\n|l|☆vokytr\n|player|p1|\n|l|☆lpop\n|player|p2|\n|l| punyakoko\n", "uploadtime": 1771184088, "views": 12, "formatid": "gen9doublesou", "rating": 1502, "private": 0, "password": null}