{"id": "gen9doublesou-2540668332", "format": "[Gen 9] Doubles OU", "players": ["Jon Mateo", "ultimathrash"], "log": "|j|☆Jon Mateo\n|j|☆ultimathrash\n|t:|1771237223\n|gametype|doubles\n|player|p1|Jon Mateo|2|1636\n|player|p2|ultimathrash|pilot|1691\n|gen|9\n|tier|[Gen 9] Doubles OU\n|rated|\n|rule|HP Percentage Mod: HP is shown in percentages\n|rule|Endless Battle Clause: Forcing endless battles is banned\n|rule|Species Clause: Limit one of each Pokémon\n|rule|OHKO Clause: OHKO moves are banned\n|rule|Evasion Moves Clause: Evasion moves are banned\n|rule|Gravity Sleep Clause: The combination of sleep-inducing moves with imperfect accuracy and Gravity or Gigantamax Orbeetle are banned\n|rule|Evasion Abilities Clause: Evasion abilities are banned\n|clearpoke\n|poke|p1|Kleavor, F|\n|poke|p1|Kingdra, M|\n|poke|p1|Shiftry, M|\n|poke|p1|Chi-Yu|\n|poke|p1|Tinkaton, F|\n|poke|p1|Zapdos|\n|poke|p2|Moltres-Galar|\n|poke|p2|Sinistcha|\n|poke|p2|Incineroar, M|\n|poke|p2|Roaring Moon|\n|poke|p2|Gholdengo|\n|poke|p2|Ursaluna-Bloodmoon, M|\n|teampreview\n|\n|t:|1771237233\n|teamsize|p1|6\n|teamsize|p2|6\n|start\n|switch|p1a: Tinkaton|Tinkaton, F|100/100\n|switch|p1b: Kleavor|Kleavor, F|100/100\n|switch|p2a: Roaring Moon|Roaring Moon|100/100\n|switch|p2b: Ursaluna|Ursaluna-Bloodmoon, M|100/100\n|-enditem|p2a: Roaring Moon|Booster Energy\n|-activate|p2a: Roaring Moon|ability: Protosynthesis|[fromitem]\n|-start|p2a: Roaring Moon|protosynthesisspe\n|turn|1\n|inactive|Battle timer is ON: inactive players will automatically lose when time's up. (requested by ultimathrash)\n|\n|t:|1771237242\n|-terastallize|p2b: Ursaluna|Ghost\n|move|p1a: Tinkaton|Fake Out|p2b: Ursaluna\n|-immune|p2b: Ursaluna\n|move|p2a: Roaring Moon|Tailwind|p2a: Roaring Moon\n|-sidestart|p2: ultimathrash|move: Tailwind\n|move|p2b: Ursaluna|Earth Power|p1a: Tinkaton\n|-supereffective|p1a: Tinkaton\n|-damage|p1a: Tinkaton|3/100\n|-enditem|p1a: Tinkaton|Weakness Policy\n|-boost|p1a: Tinkaton|atk|2|[from] item: Weakness Policy\n|-boost|p1a: Tinkaton|spa|2|[from] item: Weakness Policy\n|move|p1b: Kleavor|X-Scissor|p2a: Roaring Moon\n|-supereffective|p2a: Roaring Moon\n|-damage|p2a: Roaring Moon|0 fnt\n|faint|p2a: Roaring Moon\n|-end|p2a: Roaring Moon|Protosynthesis|[silent]\n|\n|upkeep\n|\n|t:|1771237259\n|switch|p2a: Moltres|Moltres-Galar|100/100\n|turn|2\n|\n|t:|1771237267\n|move|p2a: Moltres|Protect|p2a: Moltres\n|-singleturn|p2a: Moltres|Protect\n|move|p1a: Tinkaton|Protect|p1a: Tinkaton\n|-singleturn|p1a: Tinkaton|Protect\n|move|p2b: Ursaluna|Hyper Voice|p1a: Tinkaton|[spread] p1b\n|-activate|p1a: Tinkaton|move: Protect\n|-resisted|p1b: Kleavor\n|-damage|p1b: Kleavor|66/100\n|move|p1b: Kleavor|Stone Axe|p2a: Moltres\n|-activate|p2a: Moltres|move: Protect\n|\n|upkeep\n|turn|3\n|\n|t:|1771237287\n|move|p1b: Kleavor|Protect|p1b: Kleavor\n|-singleturn|p1b: Kleavor|Protect\n|move|p2a: Moltres|Fiery Wrath|p1b: Kleavor|[spread] p1a\n|-activate|p1b: Kleavor|move: Protect\n|-resisted|p1a: Tinkaton\n|-damage|p1a: Tinkaton|0 fnt\n|faint|p1a: Tinkaton\n|move|p2b: Ursaluna|Earth Power|p1b: Kleavor\n|-activate|p1b: Kleavor|move: Protect\n|\n|upkeep\n|\n|t:|1771237303\n|switch|p1a: Zapdos|Zapdos|100/100\n|turn|4\n|\n|t:|1771237323\n|move|p2a: Moltres|Fiery Wrath|p1a: Zapdos|[spread] p1a,p1b\n|-crit|p1b: Kleavor\n|-damage|p1a: Zapdos|70/100\n|-damage|p1b: Kleavor|4/100\n|move|p2b: Ursaluna|Hyper Voice|p1a: Zapdos|[spread] p1a,p1b\n|-resisted|p1b: Kleavor\n|-damage|p1a: Zapdos|20/100\n|-damage|p1b: Kleavor|0 fnt\n|faint|p1b: Kleavor\n|cant|p1a: Zapdos|flinch\n|\n|-sideend|p2: ultimathrash|move: Tailwind\n|upkeep\n|\n|t:|1771237333\n|switch|p1b: Chi-Yu|Chi-Yu|100/100\n|-ability|p1b: Chi-Yu|Beads of Ruin\n|turn|5\n|\n|t:|1771237340\n|switch|p2b: Incineroar|Incineroar, M|100/100\n|-ability|p2b: Incineroar|Intimidate|boost\n|-unboost|p1a: Zapdos|atk|1\n|-unboost|p1b: Chi-Yu|atk|1\n|move|p1b: Chi-Yu|Dark Pulse|p2b: Incineroar\n|-resisted|p2b: Incineroar\n|-damage|p2b: Incineroar|76/100\n|move|p1a: Zapdos|Thunderbolt|p2a: Moltres\n|-supereffective|p2a: Moltres\n|-damage|p2a: Moltres|16/100\n|-status|p2a: Moltres|par\n|-ability|p2a: Moltres|Berserk|boost\n|-boost|p2a: Moltres|spa|1\n|move|p2a: Moltres|Fiery Wrath|p1b: Chi-Yu|[spread] p1a,p1b\n|-resisted|p1b: Chi-Yu\n|-damage|p1a: Zapdos|0 fnt\n|-damage|p1b: Chi-Yu|77/100\n|faint|p1a: Zapdos\n|\n|-heal|p2a: Moltres|22/100 par|[from] item: Leftovers\n|upkeep\n|\n|t:|1771237344\n|switch|p1a: Kingdra|Kingdra, M|100/100\n|turn|6\n|\n|t:|1771237353\n|switch|p2b: Sinistcha|Sinistcha|100/100\n|-heal|p2a: Moltres|47/100 par|[from] ability: Hospitality|[of] p2b: Sinistcha\n|move|p1b: Chi-Yu|Dark Pulse|p2a: Moltres\n|-resisted|p2a: Moltres\n|-damage|p2a: Moltres|25/100 par\n|move|p1a: Kingdra|Muddy Water|p2b: Sinistcha|[spread] p2a,p2b\n|-resisted|p2b: Sinistcha\n|-damage|p2a: Moltres|0 fnt\n|-damage|p2b: Sinistcha|82/100\n|faint|p2a: Moltres\n|\n|upkeep\n|\n|t:|1771237362\n|switch|p2a: Incineroar|Incineroar, M|76/100\n|-ability|p2a: Incineroar|Intimidate|boost\n|-unboost|p1a: Kingdra|atk|1\n|-unboost|p1b: Chi-Yu|atk|1\n|turn|7\n|\n|t:|1771237372\n|move|p1a: Kingdra|Protect|p1a: Kingdra\n|-singleturn|p1a: Kingdra|Protect\n|move|p2a: Incineroar|Fake Out|p1b: Chi-Yu\n|-damage|p1b: Chi-Yu|59/100\n|cant|p1b: Chi-Yu|flinch\n|move|p2b: Sinistcha|Trick Room|p2b: Sinistcha\n|-fieldstart|move: Trick Room|[of] p2b: Sinistcha\n|\n|upkeep\n|turn|8\n|\n|t:|1771237385\n|move|p2b: Sinistcha|Matcha Gotcha|p1a: Kingdra|[spread] p1a,p1b\n|-resisted|p1b: Chi-Yu\n|-damage|p1a: Kingdra|69/100\n|-heal|p2b: Sinistcha|95/100|[from] drain|[of] p1a: Kingdra\n|-damage|p1b: Chi-Yu|46/100\n|-heal|p2b: Sinistcha|99/100|[from] drain|[of] p1b: Chi-Yu\n|move|p1a: Kingdra|Muddy Water|p2a: Incineroar|[spread] p2a,p2b\n|-supereffective|p2a: Incineroar\n|-resisted|p2b: Sinistcha\n|-damage|p2a: Incineroar|10/100\n|-damage|p2b: Sinistcha|80/100\n|-unboost|p2a: Incineroar|accuracy|1\n|move|p2a: Incineroar|Parting Shot|p1b: Chi-Yu|[miss]\n|-miss|p2a: Incineroar|p1b: Chi-Yu\n|move|p1b: Chi-Yu|Dark Pulse|p2b: Sinistcha\n|-supereffective|p2b: Sinistcha\n|-damage|p2b: Sinistcha|0 fnt\n|faint|p2b: Sinistcha\n|\n|-heal|p1a: Kingdra|75/100|[from] item: Leftovers\n|upkeep\n|\n|t:|1771237392\n|switch|p2b: Ursaluna|Ursaluna-Bloodmoon, M, tera:Ghost|100/100\n|turn|9\n|j| sleepy114514\n|\n|t:|1771237419\n|switch|p2a: Gholdengo|Gholdengo|100/100\n|switch|p1b: Shiftry|Shiftry, M|100/100\n|move|p2b: Ursaluna|Earth Power|p1b: Shiftry\n|-resisted|p1b: Shiftry\n|-damage|p1b: Shiftry|58/100\n|move|p1a: Kingdra|Yawn|p2b: Ursaluna\n|-start|p2b: Ursaluna|move: Yawn|[of] p1a: Kingdra\n|\n|-heal|p1a: Kingdra|82/100|[from] item: Leftovers\n|upkeep\n|turn|10\n|\n|t:|1771237435\n|switch|p2b: Incineroar|Incineroar, M|10/100\n|-ability|p2b: Incineroar|Intimidate|boost\n|-unboost|p1a: Kingdra|atk|1\n|-unboost|p1b: Shiftry|atk|1\n|move|p1b: Shiftry|Sucker Punch|p2a: Gholdengo\n|-supereffective|p2a: Gholdengo\n|-damage|p2a: Gholdengo|50/100\n|move|p1a: Kingdra|Muddy Water|p2b: Incineroar|[spread] p2a,p2b\n|-supereffective|p2b: Incineroar\n|-damage|p2a: Gholdengo|13/100\n|-damage|p2b: Incineroar|0 fnt\n|faint|p2b: Incineroar\n|move|p2a: Gholdengo|Dazzling Gleam|p1a: Kingdra|[spread] p1a,p1b\n|-supereffective|p1a: Kingdra\n|-supereffective|p1b: Shiftry\n|-damage|p1a: Kingdra|12/100\n|-damage|p1b: Shiftry|0 fnt\n|faint|p1b: Shiftry\n|\n|-heal|p1a: Kingdra|18/100|[from] item: Leftovers\n|upkeep\n|c|☆ultimathrash|whys ur kingrdra so slow\n|inactive|ultimathrash has 120 seconds left.\n|\n|t:|1771237456\n|switch|p2b: Ursaluna|Ursaluna-Bloodmoon, M, tera:Ghost|100/100\n|switch|p1b: Chi-Yu|Chi-Yu|46/100\n|-ability|p1b: Chi-Yu|Beads of Ruin\n|turn|11\n|\n|t:|1771237463\n|-terastallize|p1b: Chi-Yu|Dark\n|move|p2b: Ursaluna|Hyper Voice|p1b: Chi-Yu|[spread] p1a,p1b\n|-damage|p1a: Kingdra|0 fnt\n|-damage|p1b: Chi-Yu|0 fnt\n|faint|p1a: Kingdra\n|faint|p1b: Chi-Yu\n|\n|win|ultimathrash\n|raw|Jon Mateo's rating: 1636 &rarr; <strong>1619</strong><br />(-17 for losing)\n|raw|ultimathrash's rating: 1691 &rarr; <strong>1708</strong><br />(+17 for winning)\n|l|☆Jon Mateo\n|player|p1|\n|l| sleepy114514\n|l|☆ultimathrash\n|player|p2|\n", "uploadtime": 1771237858, "views": 12, "formatid": "gen9doublesou", "rating": 1619, "private": 0, "password": null}