{"id": "gen9doublesou-2539930289", "format": "[Gen 9] Doubles OU", "players": ["drapionelectivire", "can i spectate"], "log": "|badge|p1|bronze|gen9doublesou|100-8\n|uhtml|medal-msg|<div class=\"broadcast-blue\">Curious what those medals under the avatar are? PS now has Ladder Seasons! For more information, check out the <a href=\"https://www.smogon.com/forums/threads/3740067/\">thread on Smogon.</a></div>\n|j|☆drapionelectivire\n|j|☆can i spectate\n|t:|1771128837\n|gametype|doubles\n|player|p1|drapionelectivire|169|1748\n|player|p2|can i spectate|liko|1639\n|gen|9\n|tier|[Gen 9] Doubles OU\n|rated|\n|rule|HP Percentage Mod: HP is shown in percentages\n|rule|Endless Battle Clause: Forcing endless battles is banned\n|rule|Species Clause: Limit one of each Pokémon\n|rule|OHKO Clause: OHKO moves are banned\n|rule|Evasion Moves Clause: Evasion moves are banned\n|rule|Gravity Sleep Clause: The combination of sleep-inducing moves with imperfect accuracy and Gravity or Gigantamax Orbeetle are banned\n|rule|Evasion Abilities Clause: Evasion abilities are banned\n|clearpoke\n|poke|p1|Torkoal, M|\n|poke|p1|Lilligant-Hisui, F|\n|poke|p1|Farigiraf, M|\n|poke|p1|Raging Bolt|\n|poke|p1|Walking Wake|\n|poke|p1|Typhlosion-Hisui, M|\n|poke|p2|Ninetales-Alola, F|\n|poke|p2|Kyurem|\n|poke|p2|Arcanine-Hisui, F|\n|poke|p2|Raging Bolt|\n|poke|p2|Ogerpon-Wellspring, F|\n|poke|p2|Landorus, M|\n|teampreview\n|inactive|Battle timer is ON: inactive players will automatically lose when time's up. (requested by drapionelectivire)\n|\n|t:|1771128846\n|teamsize|p1|6\n|teamsize|p2|6\n|start\n|switch|p1a: Torkoal|Torkoal, M|100/100\n|switch|p1b: Walking Wake|Walking Wake|100/100\n|switch|p2a: Arcanine|Arcanine-Hisui, F|100/100\n|switch|p2b: Ogerpon|Ogerpon-Wellspring, F|100/100\n|-ability|p2a: Arcanine|Intimidate|boost\n|-unboost|p1a: Torkoal|atk|1\n|-unboost|p1b: Walking Wake|atk|1\n|-weather|SunnyDay|[from] ability: Drought|[of] p1a: Torkoal\n|-activate|p1b: Walking Wake|ability: Protosynthesis\n|-start|p1b: Walking Wake|protosynthesisspe\n|turn|1\n|\n|t:|1771128863\n|move|p1b: Walking Wake|Draco Meteor|p2b: Ogerpon|[miss]\n|-miss|p1b: Walking Wake|p2b: Ogerpon\n|move|p2b: Ogerpon|Horn Leech|p1b: Walking Wake\n|-damage|p1b: Walking Wake|60/100\n|move|p2a: Arcanine|Rock Slide|p1a: Torkoal|[spread] p1a,p1b\n|-supereffective|p1a: Torkoal\n|-damage|p1a: Torkoal|22/100\n|-damage|p1b: Walking Wake|14/100\n|move|p1a: Torkoal|Stealth Rock|p2b: Ogerpon\n|-sidestart|p2: can i spectate|move: Stealth Rock\n|\n|-weather|SunnyDay|[upkeep]\n|upkeep\n|turn|2\n|\n|t:|1771128884\n|switch|p1a: Farigiraf|Farigiraf, M|100/100\n|move|p2b: Ogerpon|Follow Me|p2b: Ogerpon\n|-singleturn|p2b: Ogerpon|move: Follow Me\n|move|p1b: Walking Wake|Hydro Steam|p2b: Ogerpon\n|-immune|p2b: Ogerpon|[from] ability: Water Absorb\n|move|p2a: Arcanine|Rock Slide|p1a: Farigiraf|[spread] p1a,p1b\n|-damage|p1a: Farigiraf|57/100\n|-damage|p1b: Walking Wake|0 fnt\n|faint|p1b: Walking Wake\n|-end|p1b: Walking Wake|Protosynthesis|[silent]\n|\n|-weather|SunnyDay|[upkeep]\n|upkeep\n|\n|t:|1771128897\n|switch|p1b: Lilligant|Lilligant-Hisui, F, shiny|100/100\n|turn|3\n|\n|t:|1771128909\n|move|p2b: Ogerpon|Follow Me|p2b: Ogerpon\n|-singleturn|p2b: Ogerpon|move: Follow Me\n|move|p1b: Lilligant|Close Combat|p2b: Ogerpon\n|-damage|p2b: Ogerpon|35/100\n|-unboost|p1b: Lilligant|def|1\n|-unboost|p1b: Lilligant|spd|1\n|move|p2a: Arcanine|Rock Slide|p1b: Lilligant|[spread] p1a,p1b\n|-resisted|p1b: Lilligant\n|-damage|p1a: Farigiraf|15/100\n|-damage|p1b: Lilligant|53/100\n|move|p1a: Farigiraf|Hyper Voice|p2b: Ogerpon|[spread] p2a,p2b\n|-resisted|p2a: Arcanine\n|-damage|p2a: Arcanine|81/100\n|-damage|p2b: Ogerpon|0 fnt\n|faint|p2b: Ogerpon\n|-enditem|p1a: Farigiraf|Throat Spray\n|-boost|p1a: Farigiraf|spa|1|[from] item: Throat Spray\n|\n|-weather|SunnyDay|[upkeep]\n|upkeep\n|\n|t:|1771128933\n|switch|p2b: Raging Bolt|Raging Bolt|100/100\n|-damage|p2b: Raging Bolt|88/100|[from] Stealth Rock\n|-activate|p2b: Raging Bolt|ability: Protosynthesis\n|-start|p2b: Raging Bolt|protosynthesisspa\n|turn|4\n|\n|t:|1771128955\n|switch|p2a: Landorus|Landorus, M|100/100\n|-damage|p2a: Landorus|88/100|[from] Stealth Rock\n|move|p1b: Lilligant|Sleep Powder|p2b: Raging Bolt\n|-status|p2b: Raging Bolt|slp|[from] move: Sleep Powder\n|cant|p2b: Raging Bolt|slp\n|move|p1a: Farigiraf|Hyper Voice|p2b: Raging Bolt|[spread] p2a,p2b\n|-damage|p2a: Landorus|24/100\n|-damage|p2b: Raging Bolt|64/100 slp\n|\n|-weather|SunnyDay|[upkeep]\n|upkeep\n|turn|5\n|\n|t:|1771128973\n|move|p2a: Landorus|Protect|p2a: Landorus\n|-singleturn|p2a: Landorus|Protect\n|move|p1b: Lilligant|After You|p1a: Farigiraf\n|-activate|p1a: Farigiraf|move: After You\n|move|p1a: Farigiraf|Dazzling Gleam|p2a: Landorus|[spread] p2b\n|-activate|p2a: Landorus|move: Protect\n|-supereffective|p2b: Raging Bolt\n|-damage|p2b: Raging Bolt|36/100 slp\n|cant|p2b: Raging Bolt|slp\n|\n|-weather|SunnyDay|[upkeep]\n|upkeep\n|turn|6\n|\n|t:|1771128990\n|-terastallize|p2a: Landorus|Poison\n|move|p1b: Lilligant|Solar Blade||[still]\n|-prepare|p1b: Lilligant|Solar Blade\n|-anim|p1b: Lilligant|Solar Blade|p2a: Landorus\n|-resisted|p2a: Landorus\n|-damage|p2a: Landorus|0 fnt\n|faint|p2a: Landorus\n|-curestatus|p2b: Raging Bolt|slp|[msg]\n|move|p2b: Raging Bolt|Thunderbolt|p1a: Farigiraf\n|-damage|p1a: Farigiraf|0 fnt\n|faint|p1a: Farigiraf\n|\n|-weather|SunnyDay|[upkeep]\n|upkeep\n|\n|t:|1771129009\n|switch|p2a: Arcanine|Arcanine-Hisui, F|81/100\n|switch|p1a: Raging Bolt|Raging Bolt|100/100\n|-damage|p2a: Arcanine|56/100|[from] Stealth Rock\n|-ability|p2a: Arcanine|Intimidate|boost\n|-unboost|p1a: Raging Bolt|atk|1\n|-unboost|p1b: Lilligant|atk|1\n|-activate|p1a: Raging Bolt|ability: Protosynthesis\n|-start|p1a: Raging Bolt|protosynthesisspa\n|turn|7\n|\n|t:|1771129025\n|-terastallize|p1a: Raging Bolt|Fairy\n|move|p2a: Arcanine|Extreme Speed|p1b: Lilligant\n|-damage|p1b: Lilligant|0 fnt\n|faint|p1b: Lilligant\n|move|p2b: Raging Bolt|Draco Meteor|p1a: Raging Bolt\n|-immune|p1a: Raging Bolt\n|move|p1a: Raging Bolt|Tera Blast|p2b: Raging Bolt|[anim] Tera Blast Fairy\n|-supereffective|p2b: Raging Bolt\n|-damage|p2b: Raging Bolt|0 fnt\n|faint|p2b: Raging Bolt\n|-end|p2b: Raging Bolt|Protosynthesis|[silent]\n|\n|-weather|SunnyDay|[upkeep]\n|upkeep\n|\n|t:|1771129031\n|switch|p1b: Typhlosion|Typhlosion-Hisui, M|100/100\n|switch|p2b: Kyurem|Kyurem|100/100\n|-damage|p2b: Kyurem|76/100|[from] Stealth Rock\n|-ability|p2b: Kyurem|Pressure\n|turn|8\n|\n|t:|1771129052\n|switch|p2a: Ninetales|Ninetales-Alola, F|100/100\n|-damage|p2a: Ninetales|76/100|[from] Stealth Rock\n|-weather|Snowscape|[from] ability: Snow Warning|[of] p2a: Ninetales\n|-end|p1a: Raging Bolt|Protosynthesis\n|move|p1b: Typhlosion|Eruption|p2a: Ninetales|[spread] p2a,p2b\n|-supereffective|p2a: Ninetales\n|-damage|p2a: Ninetales|0 fnt\n|-damage|p2b: Kyurem|14/100\n|faint|p2a: Ninetales\n|move|p2b: Kyurem|Earth Power|p1b: Typhlosion\n|-supereffective|p1b: Typhlosion\n|-damage|p1b: Typhlosion|0 fnt\n|faint|p1b: Typhlosion\n|move|p1a: Raging Bolt|Thunderbolt|p2b: Kyurem\n|-resisted|p2b: Kyurem\n|-damage|p2b: Kyurem|0 fnt\n|faint|p2b: Kyurem\n|\n|-weather|Snowscape|[upkeep]\n|upkeep\n|\n|t:|1771129065\n|switch|p2b: Arcanine|Arcanine-Hisui, F|56/100\n|switch|p1b: Torkoal|Torkoal, M|22/100\n|-damage|p2b: Arcanine|31/100|[from] Stealth Rock\n|-ability|p2b: Arcanine|Intimidate|boost\n|-unboost|p1a: Raging Bolt|atk|1\n|-unboost|p1b: Torkoal|atk|1\n|-weather|SunnyDay|[from] ability: Drought|[of] p1b: Torkoal\n|-activate|p1a: Raging Bolt|ability: Protosynthesis\n|-start|p1a: Raging Bolt|protosynthesisspa\n|turn|9\n|\n|t:|1771129078\n|move|p1a: Raging Bolt|Protect|p1a: Raging Bolt\n|-singleturn|p1a: Raging Bolt|Protect\n|move|p1b: Torkoal|Protect|p1b: Torkoal\n|-singleturn|p1b: Torkoal|Protect\n|move|p2b: Arcanine|Flare Blitz|p1a: Raging Bolt\n|-activate|p1a: Raging Bolt|move: Protect\n|\n|-weather|SunnyDay|[upkeep]\n|upkeep\n|turn|10\n|\n|t:|1771129107\n|move|p1a: Raging Bolt|Thunderclap|p2b: Arcanine\n|-damage|p2b: Arcanine|0 fnt\n|faint|p2b: Arcanine\n|\n|win|drapionelectivire\n|raw|drapionelectivire's rating: 1748 &rarr; <strong>1762</strong><br />(+14 for winning)\n|raw|can i spectate's rating: 1639 &rarr; <strong>1625</strong><br />(-14 for losing)\n|l|☆can i spectate\n|player|p2|\n|c|☆drapionelectivire|gg\n|l|☆drapionelectivire\n|player|p1|\n", "uploadtime": 1771129431, "views": 18, "formatid": "gen9doublesou", "rating": 1625, "private": 0, "password": null}