{"id": "gen9doublesou-2540533149", "format": "[Gen 9] Doubles OU", "players": ["Rayred30", "incel_eliminator"], "log": "|j|☆Rayred30\n|j|☆incel_eliminator\n|t:|1771214129\n|gametype|doubles\n|player|p1|Rayred30|ghetsis-gen5bw|1603\n|player|p2|incel_eliminator|265|1690\n|gen|9\n|tier|[Gen 9] Doubles OU\n|rated|\n|rule|HP Percentage Mod: HP is shown in percentages\n|rule|Endless Battle Clause: Forcing endless battles is banned\n|rule|Species Clause: Limit one of each Pokémon\n|rule|OHKO Clause: OHKO moves are banned\n|rule|Evasion Moves Clause: Evasion moves are banned\n|rule|Gravity Sleep Clause: The combination of sleep-inducing moves with imperfect accuracy and Gravity or Gigantamax Orbeetle are banned\n|rule|Evasion Abilities Clause: Evasion abilities are banned\n|clearpoke\n|poke|p1|Kingambit, M|\n|poke|p1|Incineroar, F|\n|poke|p1|Farigiraf, F|\n|poke|p1|Sinistcha-Masterpiece|\n|poke|p1|Rhyperior, M|\n|poke|p1|Volcanion|\n|poke|p2|Torterra, M|\n|poke|p2|Spectrier|\n|poke|p2|Ninetales-Alola, M|\n|poke|p2|Cresselia, F|\n|poke|p2|Incineroar, M|\n|poke|p2|Sylveon, M|\n|teampreview\n|inactive|Battle timer is ON: inactive players will automatically lose when time's up. (requested by incel_eliminator)\n|inactive|Rayred30 has 120 seconds left.\n|\n|t:|1771214183\n|teamsize|p1|6\n|teamsize|p2|6\n|start\n|switch|p1a: Farigiraf|Farigiraf, F, shiny|100/100\n|switch|p1b: Volcanion|Volcanion|100/100\n|switch|p2a: Sylveon|Sylveon, M, shiny|100/100\n|switch|p2b: Touch grass u nerd|Torterra, M, shiny|100/100\n|turn|1\n|\n|t:|1771214198\n|move|p2b: Touch grass u nerd|Protect|p2b: Touch grass u nerd\n|-singleturn|p2b: Touch grass u nerd|Protect\n|move|p2a: Sylveon|Calm Mind|p2a: Sylveon\n|-boost|p2a: Sylveon|spa|1\n|-boost|p2a: Sylveon|spd|1\n|move|p1b: Volcanion|Heat Wave|p2a: Sylveon|[spread] p2a\n|-activate|p2b: Touch grass u nerd|move: Protect\n|-damage|p2a: Sylveon|77/100\n|move|p1a: Farigiraf|Trick Room|p1a: Farigiraf\n|-fieldstart|move: Trick Room|[of] p1a: Farigiraf\n|\n|-heal|p2a: Sylveon|84/100|[from] item: Leftovers\n|upkeep\n|turn|2\n|\n|t:|1771214212\n|-terastallize|p2b: Touch grass u nerd|Water\n|move|p1a: Farigiraf|Hyper Voice|p2b: Touch grass u nerd|[spread] p2a,p2b\n|-damage|p2a: Sylveon|70/100\n|-damage|p2b: Touch grass u nerd|79/100\n|-enditem|p1a: Farigiraf|Throat Spray\n|-boost|p1a: Farigiraf|spa|1|[from] item: Throat Spray\n|move|p1b: Volcanion|Sludge Bomb|p2a: Sylveon\n|-supereffective|p2a: Sylveon\n|-damage|p2a: Sylveon|38/100\n|move|p2b: Touch grass u nerd|Iron Defense|p2b: Touch grass u nerd\n|-boost|p2b: Touch grass u nerd|def|2\n|move|p2a: Sylveon|Calm Mind|p2a: Sylveon\n|-boost|p2a: Sylveon|spa|1\n|-boost|p2a: Sylveon|spd|1\n|\n|-heal|p2b: Touch grass u nerd|85/100|[from] item: Leftovers\n|-heal|p2a: Sylveon|44/100|[from] item: Leftovers\n|upkeep\n|turn|3\n|\n|t:|1771214225\n|move|p2a: Sylveon|Protect|p2a: Sylveon\n|-singleturn|p2a: Sylveon|Protect\n|move|p1a: Farigiraf|Hyper Voice|p2a: Sylveon|[spread] p2b\n|-activate|p2a: Sylveon|move: Protect\n|-damage|p2b: Touch grass u nerd|54/100\n|move|p1b: Volcanion|Sludge Bomb|p2a: Sylveon\n|-activate|p2a: Sylveon|move: Protect\n|move|p2b: Touch grass u nerd|Amnesia|p2b: Touch grass u nerd\n|-boost|p2b: Touch grass u nerd|spd|2\n|\n|-heal|p2b: Touch grass u nerd|60/100|[from] item: Leftovers\n|-heal|p2a: Sylveon|50/100|[from] item: Leftovers\n|upkeep\n|turn|4\n|\n|t:|1771214236\n|move|p1a: Farigiraf|Hyper Voice|p2b: Touch grass u nerd|[spread] p2a,p2b\n|-damage|p2a: Sylveon|35/100\n|-damage|p2b: Touch grass u nerd|44/100\n|move|p1b: Volcanion|Sludge Bomb|p2a: Sylveon\n|-supereffective|p2a: Sylveon\n|-damage|p2a: Sylveon|10/100\n|move|p2b: Touch grass u nerd|Iron Defense|p2b: Touch grass u nerd\n|-boost|p2b: Touch grass u nerd|def|2\n|move|p2a: Sylveon|Hyper Voice|p1a: Farigiraf|[spread] p1a,p1b\n|-crit|p1a: Farigiraf\n|-resisted|p1b: Volcanion\n|-damage|p1a: Farigiraf|30/100\n|-damage|p1b: Volcanion|77/100\n|\n|-heal|p2b: Touch grass u nerd|50/100|[from] item: Leftovers\n|-heal|p2a: Sylveon|16/100|[from] item: Leftovers\n|upkeep\n|turn|5\n|\n|t:|1771214252\n|move|p2b: Touch grass u nerd|Protect|p2b: Touch grass u nerd\n|-singleturn|p2b: Touch grass u nerd|Protect\n|move|p2a: Sylveon|Protect|p2a: Sylveon\n|-singleturn|p2a: Sylveon|Protect\n|move|p1a: Farigiraf|Hyper Voice|p2a: Sylveon|[spread] \n|-activate|p2a: Sylveon|move: Protect\n|-activate|p2b: Touch grass u nerd|move: Protect\n|move|p1b: Volcanion|Sludge Bomb|p2a: Sylveon\n|-activate|p2a: Sylveon|move: Protect\n|\n|-heal|p2b: Touch grass u nerd|56/100|[from] item: Leftovers\n|-heal|p2a: Sylveon|22/100|[from] item: Leftovers\n|-fieldend|move: Trick Room\n|upkeep\n|turn|6\n|\n|t:|1771214263\n|move|p1a: Farigiraf|Protect|p1a: Farigiraf\n|-singleturn|p1a: Farigiraf|Protect\n|move|p2a: Sylveon|Hyper Voice|p1a: Farigiraf|[spread] p1b\n|-activate|p1a: Farigiraf|move: Protect\n|-resisted|p1b: Volcanion\n|-damage|p1b: Volcanion|52/100\n|move|p2b: Touch grass u nerd|Body Press|p1b: Volcanion\n|-damage|p1b: Volcanion|0 fnt\n|faint|p1b: Volcanion\n|\n|-heal|p2a: Sylveon|29/100|[from] item: Leftovers\n|-heal|p2b: Touch grass u nerd|62/100|[from] item: Leftovers\n|upkeep\n|\n|t:|1771214273\n|switch|p1b: Incineroar|Incineroar, F, shiny|100/100\n|-ability|p1b: Incineroar|Intimidate|boost\n|-unboost|p2a: Sylveon|atk|1\n|-unboost|p2b: Touch grass u nerd|atk|1\n|turn|7\n|\n|t:|1771214277\n|move|p1b: Incineroar|Fake Out|p2a: Sylveon\n|-damage|p2a: Sylveon|14/100\n|cant|p2a: Sylveon|flinch\n|move|p2b: Touch grass u nerd|Body Press|p1a: Farigiraf\n|-damage|p1a: Farigiraf|0 fnt\n|faint|p1a: Farigiraf\n|\n|-heal|p2a: Sylveon|20/100|[from] item: Leftovers\n|-heal|p2b: Touch grass u nerd|68/100|[from] item: Leftovers\n|upkeep\n|\n|t:|1771214288\n|switch|p1a: Sinistcha|Sinistcha-Masterpiece, shiny|100/100\n|turn|8\n|\n|t:|1771214296\n|move|p2a: Sylveon|Hyper Voice|p1a: Sinistcha|[spread] p1a,p1b\n|-damage|p1a: Sinistcha|16/100\n|-damage|p1b: Incineroar|37/100\n|-enditem|p1b: Incineroar|Sitrus Berry|[eat]\n|-heal|p1b: Incineroar|61/100|[from] item: Sitrus Berry\n|move|p2b: Touch grass u nerd|Body Press|p1b: Incineroar\n|-supereffective|p1b: Incineroar\n|-damage|p1b: Incineroar|0 fnt\n|faint|p1b: Incineroar\n|move|p1a: Sinistcha|Trick Room|p1a: Sinistcha\n|-fieldstart|move: Trick Room|[of] p1a: Sinistcha\n|\n|-heal|p1a: Sinistcha|22/100|[from] item: Leftovers\n|-heal|p2b: Touch grass u nerd|74/100|[from] item: Leftovers\n|-heal|p2a: Sylveon|26/100|[from] item: Leftovers\n|upkeep\n|\n|t:|1771214300\n|switch|p1b: Kingambit|Kingambit, M|100/100\n|turn|9\n|\n|t:|1771214304\n|move|p2a: Sylveon|Protect|p2a: Sylveon\n|-singleturn|p2a: Sylveon|Protect\n|move|p1b: Kingambit|Iron Head|p2a: Sylveon\n|-activate|p2a: Sylveon|move: Protect\n|move|p1a: Sinistcha|Matcha Gotcha|p2b: Touch grass u nerd|[spread] p2b\n|-activate|p2a: Sylveon|move: Protect\n|-supereffective|p2b: Touch grass u nerd\n|-damage|p2b: Touch grass u nerd|51/100\n|-heal|p1a: Sinistcha|34/100|[from] drain|[of] p2b: Touch grass u nerd\n|move|p2b: Touch grass u nerd|Body Press|p1b: Kingambit\n|-supereffective|p1b: Kingambit\n|-damage|p1b: Kingambit|0 fnt\n|faint|p1b: Kingambit\n|\n|-heal|p1a: Sinistcha|40/100|[from] item: Leftovers\n|-heal|p2b: Touch grass u nerd|57/100|[from] item: Leftovers\n|-heal|p2a: Sylveon|32/100|[from] item: Leftovers\n|upkeep\n|\n|t:|1771214308\n|switch|p1b: Rhyperior|Rhyperior, M, shiny|100/100\n|turn|10\n|\n|t:|1771214315\n|move|p1b: Rhyperior|Rock Slide|p2a: Sylveon|[spread] p2a,p2b\n|-damage|p2a: Sylveon|0 fnt\n|-damage|p2b: Touch grass u nerd|48/100\n|faint|p2a: Sylveon\n|move|p1a: Sinistcha|Matcha Gotcha|p2b: Touch grass u nerd\n|-supereffective|p2b: Touch grass u nerd\n|-damage|p2b: Touch grass u nerd|18/100\n|-heal|p1a: Sinistcha|55/100|[from] drain|[of] p2b: Touch grass u nerd\n|cant|p2b: Touch grass u nerd|flinch\n|\n|-heal|p1a: Sinistcha|61/100|[from] item: Leftovers\n|-heal|p2b: Touch grass u nerd|24/100|[from] item: Leftovers\n|upkeep\n|\n|t:|1771214319\n|switch|p2a: Me bullying u|Incineroar, M|100/100\n|-ability|p2a: Me bullying u|Intimidate|boost\n|-unboost|p1a: Sinistcha|atk|1\n|-unboost|p1b: Rhyperior|atk|1\n|turn|11\n|\n|t:|1771214334\n|move|p1b: Rhyperior|Protect|p1b: Rhyperior\n|-singleturn|p1b: Rhyperior|Protect\n|move|p2b: Touch grass u nerd|Protect|p2b: Touch grass u nerd\n|-singleturn|p2b: Touch grass u nerd|Protect\n|move|p1a: Sinistcha|Calm Mind|p1a: Sinistcha\n|-boost|p1a: Sinistcha|spa|1\n|-boost|p1a: Sinistcha|spd|1\n|move|p2a: Me bullying u|Flare Blitz|p1a: Sinistcha\n|-supereffective|p1a: Sinistcha\n|-damage|p1a: Sinistcha|0 fnt\n|faint|p1a: Sinistcha\n|-damage|p2a: Me bullying u|82/100|[from] Recoil\n|\n|-heal|p2b: Touch grass u nerd|30/100|[from] item: Leftovers\n|upkeep\n|turn|12\n|\n|t:|1771214345\n|switch|p2a: Ur mom|Cresselia, F|100/100\n|move|p1b: Rhyperior|Rock Slide|p2b: Touch grass u nerd|[spread] p2a,p2b\n|-damage|p2a: Ur mom|84/100\n|-damage|p2b: Touch grass u nerd|25/100\n|cant|p2b: Touch grass u nerd|flinch\n|\n|-heal|p2b: Touch grass u nerd|31/100|[from] item: Leftovers\n|-heal|p2a: Ur mom|90/100|[from] item: Leftovers\n|-fieldend|move: Trick Room\n|upkeep\n|turn|13\n|\n|t:|1771214352\n|move|p2a: Ur mom|Icy Wind|p1b: Rhyperior\n|-supereffective|p1b: Rhyperior\n|-damage|p1b: Rhyperior|82/100\n|-unboost|p1b: Rhyperior|spe|1\n|-enditem|p1b: Rhyperior|Weakness Policy\n|-boost|p1b: Rhyperior|atk|2|[from] item: Weakness Policy\n|-boost|p1b: Rhyperior|spa|2|[from] item: Weakness Policy\n|move|p2b: Touch grass u nerd|Body Press|p1b: Rhyperior\n|-supereffective|p1b: Rhyperior\n|-damage|p1b: Rhyperior|11/100\n|move|p1b: Rhyperior|Rock Slide|p2b: Touch grass u nerd|[spread] p2a,p2b\n|-damage|p2a: Ur mom|56/100\n|-damage|p2b: Touch grass u nerd|19/100\n|\n|-heal|p2a: Ur mom|63/100|[from] item: Leftovers\n|-heal|p2b: Touch grass u nerd|25/100|[from] item: Leftovers\n|upkeep\n|turn|14\n|-message|Rayred30 forfeited.\n|\n|win|incel_eliminator\n|raw|Rayred30's rating: 1603 &rarr; <strong>1588</strong><br />(-15 for losing)\n|raw|incel_eliminator's rating: 1690 &rarr; <strong>1705</strong><br />(+15 for winning)\n|l|☆Rayred30\n|player|p1|\n|l|☆incel_eliminator\n|player|p2|\n", "uploadtime": 1771214698, "views": 14, "formatid": "gen9doublesou", "rating": 1588, "private": 0, "password": null}