{"id": "gen9doublesou-2540640308", "format": "[Gen 9] Doubles OU", "players": ["dracarysbow", "Bao Bun"], "log": "|j|☆dracarysbow\n|j|☆Bao Bun\n|t:|1771232392\n|gametype|doubles\n|player|p1|dracarysbow|101|1540\n|player|p2|Bao Bun|rosa-pokestar3|1528\n|gen|9\n|tier|[Gen 9] Doubles OU\n|rated|\n|rule|HP Percentage Mod: HP is shown in percentages\n|rule|Endless Battle Clause: Forcing endless battles is banned\n|rule|Species Clause: Limit one of each Pokémon\n|rule|OHKO Clause: OHKO moves are banned\n|rule|Evasion Moves Clause: Evasion moves are banned\n|rule|Gravity Sleep Clause: The combination of sleep-inducing moves with imperfect accuracy and Gravity or Gigantamax Orbeetle are banned\n|rule|Evasion Abilities Clause: Evasion abilities are banned\n|clearpoke\n|poke|p1|Zapdos-Galar|\n|poke|p1|Sneasler, M|\n|poke|p1|Murkrow, F|\n|poke|p1|Chi-Yu|\n|poke|p1|Primarina, M|\n|poke|p1|Pelipper, F|\n|poke|p2|Moltres-Galar|\n|poke|p2|Sinistcha|\n|poke|p2|Ursaluna-Bloodmoon, M|\n|poke|p2|Incineroar, M|\n|poke|p2|Roaring Moon|\n|poke|p2|Gholdengo|\n|teampreview\n|c|☆Bao Bun|gl\n|\n|t:|1771232423\n|teamsize|p1|6\n|teamsize|p2|6\n|start\n|switch|p1a: Zapdos|Zapdos-Galar|100/100\n|switch|p1b: Murkrow|Murkrow, F|100/100\n|switch|p2a: Ursaluna|Ursaluna-Bloodmoon, M|100/100\n|switch|p2b: Gholdengo|Gholdengo|100/100\n|turn|1\n|\n|t:|1771232445\n|switch|p2a: Sinistcha|Sinistcha|100/100\n|move|p1b: Murkrow|Sucker Punch|p2b: Gholdengo\n|-supereffective|p2b: Gholdengo\n|-damage|p2b: Gholdengo|54/100\n|move|p1a: Zapdos|Throat Chop|p2b: Gholdengo\n|-supereffective|p2b: Gholdengo\n|-damage|p2b: Gholdengo|0 fnt\n|faint|p2b: Gholdengo\n|\n|upkeep\n|\n|t:|1771232458\n|switch|p2b: Moltres|Moltres-Galar|100/100\n|turn|2\n|\n|t:|1771232476\n|move|p2a: Sinistcha|Rage Powder|p2a: Sinistcha\n|-singleturn|p2a: Sinistcha|move: Rage Powder\n|move|p1b: Murkrow|Taunt|p2a: Sinistcha\n|-start|p2a: Sinistcha|move: Taunt\n|move|p1a: Zapdos|Thunderous Kick|p2a: Sinistcha\n|-immune|p2a: Sinistcha\n|move|p2b: Moltres|Nasty Plot|p2b: Moltres\n|-boost|p2b: Moltres|spa|2\n|\n|upkeep\n|turn|3\n|\n|t:|1771232488\n|switch|p2a: Roaring Moon|Roaring Moon|100/100\n|-enditem|p2a: Roaring Moon|Booster Energy\n|-activate|p2a: Roaring Moon|ability: Protosynthesis|[fromitem]\n|-start|p2a: Roaring Moon|protosynthesisspe\n|move|p2b: Moltres|Protect|p2b: Moltres\n|-singleturn|p2b: Moltres|Protect\n|move|p1b: Murkrow|Haze|p1b: Murkrow\n|-clearallboost\n|move|p1a: Zapdos|Thunderous Kick|p2b: Moltres\n|-activate|p2b: Moltres|move: Protect\n|\n|upkeep\n|turn|4\n|\n|t:|1771232504\n|move|p1b: Murkrow|Tailwind|p1b: Murkrow\n|-sidestart|p1: dracarysbow|move: Tailwind\n|move|p1a: Zapdos|Thunderous Kick|p2a: Roaring Moon\n|-supereffective|p2a: Roaring Moon\n|-damage|p2a: Roaring Moon|10/100\n|-unboost|p2a: Roaring Moon|def|1\n|move|p2a: Roaring Moon|Breaking Swipe|p1a: Zapdos|[spread] p1a,p1b\n|-damage|p1a: Zapdos|77/100\n|-damage|p1b: Murkrow|73/100\n|-unboost|p1a: Zapdos|atk|1\n|-ability|p1a: Zapdos|Defiant|boost\n|-boost|p1a: Zapdos|atk|2\n|-unboost|p1b: Murkrow|atk|1\n|move|p2b: Moltres|Air Slash|p1a: Zapdos\n|-supereffective|p1a: Zapdos\n|-damage|p1a: Zapdos|10/100\n|\n|upkeep\n|turn|5\n|\n|t:|1771232523\n|move|p2b: Moltres|Protect|p2b: Moltres\n|-singleturn|p2b: Moltres|Protect\n|move|p1b: Murkrow|Sucker Punch||[still]\n|-fail|p1b: Murkrow\n|move|p1a: Zapdos|Thunderous Kick|p2b: Moltres\n|-activate|p2b: Moltres|move: Protect\n|move|p2a: Roaring Moon|Tailwind|p2a: Roaring Moon\n|-sidestart|p2: Bao Bun|move: Tailwind\n|\n|upkeep\n|turn|6\n|\n|t:|1771232543\n|move|p1b: Murkrow|Sucker Punch|p2a: Roaring Moon\n|-resisted|p2a: Roaring Moon\n|-damage|p2a: Roaring Moon|0 fnt\n|faint|p2a: Roaring Moon\n|-end|p2a: Roaring Moon|Protosynthesis|[silent]\n|move|p1a: Zapdos|Thunderous Kick|p2b: Moltres\n|-damage|p2b: Moltres|37/100\n|-unboost|p2b: Moltres|def|1\n|-ability|p2b: Moltres|Berserk|boost\n|-boost|p2b: Moltres|spa|1\n|move|p2b: Moltres|Nasty Plot|p2b: Moltres\n|-boost|p2b: Moltres|spa|2\n|\n|-heal|p2b: Moltres|43/100|[from] item: Leftovers\n|upkeep\n|\n|t:|1771232546\n|switch|p2a: Sinistcha|Sinistcha|100/100\n|-heal|p2b: Moltres|68/100|[from] ability: Hospitality|[of] p2a: Sinistcha\n|turn|7\n|\n|t:|1771232591\n|move|p1a: Zapdos|Protect|p1a: Zapdos\n|-singleturn|p1a: Zapdos|Protect\n|move|p2a: Sinistcha|Rage Powder|p2a: Sinistcha\n|-singleturn|p2a: Sinistcha|move: Rage Powder\n|move|p1b: Murkrow|Haze|p1b: Murkrow\n|-clearallboost\n|move|p2b: Moltres|Fiery Wrath|p1b: Murkrow|[spread] p1b\n|-activate|p1a: Zapdos|move: Protect\n|-resisted|p1b: Murkrow\n|-damage|p1b: Murkrow|61/100\n|\n|-heal|p2b: Moltres|75/100|[from] item: Leftovers\n|-sideend|p1: dracarysbow|move: Tailwind\n|upkeep\n|turn|8\n|\n|t:|1771232610\n|move|p2b: Moltres|Protect|p2b: Moltres\n|-singleturn|p2b: Moltres|Protect\n|move|p1b: Murkrow|Tailwind|p1b: Murkrow\n|-sidestart|p1: dracarysbow|move: Tailwind\n|move|p1a: Zapdos|Throat Chop|p2a: Sinistcha\n|-supereffective|p2a: Sinistcha\n|-damage|p2a: Sinistcha|54/100\n|-start|p2a: Sinistcha|Throat Chop|[silent]\n|move|p2a: Sinistcha|Trick Room|p2a: Sinistcha\n|-fieldstart|move: Trick Room|[of] p2a: Sinistcha\n|\n|-heal|p2b: Moltres|81/100|[from] item: Leftovers\n|-sideend|p2: Bao Bun|move: Tailwind\n|upkeep\n|turn|9\n|\n|t:|1771232654\n|switch|p2a: Ursaluna|Ursaluna-Bloodmoon, M|100/100\n|move|p1a: Zapdos|Protect|p1a: Zapdos\n|-singleturn|p1a: Zapdos|Protect\n|move|p1b: Murkrow|Taunt|p2a: Ursaluna\n|-start|p2a: Ursaluna|move: Taunt\n|move|p2b: Moltres|Fiery Wrath|p1a: Zapdos|[spread] p1b\n|-activate|p1a: Zapdos|move: Protect\n|-resisted|p1b: Murkrow\n|-damage|p1b: Murkrow|50/100\n|\n|-heal|p2b: Moltres|87/100|[from] item: Leftovers\n|upkeep\n|turn|10\n|\n|t:|1771232672\n|switch|p1b: Primarina|Primarina, M|100/100\n|switch|p1a: Pelipper|Pelipper, F|100/100\n|-weather|RainDance|[from] ability: Drizzle|[of] p1a: Pelipper\n|move|p2a: Ursaluna|Hyper Voice|p1b: Primarina|[spread] p1a,p1b\n|-damage|p1a: Pelipper|48/100\n|-damage|p1b: Primarina|80/100\n|move|p2b: Moltres|Nasty Plot|p2b: Moltres\n|-boost|p2b: Moltres|spa|2\n|\n|-weather|RainDance|[upkeep]\n|-heal|p2b: Moltres|93/100|[from] item: Leftovers\n|upkeep\n|turn|11\n|\n|t:|1771232687\n|move|p1a: Pelipper|Wide Guard|p1a: Pelipper\n|-singleturn|p1a: Pelipper|Wide Guard\n|move|p2a: Ursaluna|Blood Moon|p1b: Primarina\n|-damage|p1b: Primarina|34/100\n|move|p2b: Moltres|Air Slash|p1a: Pelipper\n|-damage|p1a: Pelipper|0 fnt\n|faint|p1a: Pelipper\n|move|p1b: Primarina|Hyper Voice|p2b: Moltres|[spread] p2a,p2b\n|-supereffective|p2a: Ursaluna\n|-crit|p2a: Ursaluna\n|-damage|p2a: Ursaluna|0 fnt\n|-damage|p2b: Moltres|55/100\n|faint|p2a: Ursaluna\n|\n|-weather|RainDance|[upkeep]\n|-heal|p2b: Moltres|61/100|[from] item: Leftovers\n|-sideend|p1: dracarysbow|move: Tailwind\n|upkeep\n|\n|t:|1771232704\n|switch|p1a: Sneasler|Sneasler, M|100/100\n|switch|p2a: Incineroar|Incineroar, M|100/100\n|-ability|p2a: Incineroar|Intimidate|boost\n|-unboost|p1a: Sneasler|atk|1\n|-unboost|p1b: Primarina|atk|1\n|turn|12\n|\n|t:|1771232719\n|move|p2b: Moltres|Protect|p2b: Moltres\n|-singleturn|p2b: Moltres|Protect\n|move|p1a: Sneasler|Fake Out|p2b: Moltres\n|-activate|p2b: Moltres|move: Protect\n|move|p1b: Primarina|Hyper Voice|p2a: Incineroar|[spread] p2a\n|-activate|p2b: Moltres|move: Protect\n|-supereffective|p2a: Incineroar\n|-crit|p2a: Incineroar\n|-damage|p2a: Incineroar|0 fnt\n|faint|p2a: Incineroar\n|\n|-weather|RainDance|[upkeep]\n|-heal|p2b: Moltres|67/100|[from] item: Leftovers\n|-fieldend|move: Trick Room\n|upkeep\n|\n|t:|1771232727\n|switch|p2a: Sinistcha|Sinistcha|54/100\n|-heal|p2b: Moltres|92/100|[from] ability: Hospitality|[of] p2a: Sinistcha\n|turn|13\n|\n|t:|1771232751\n|-terastallize|p2a: Sinistcha|Water\n|move|p2a: Sinistcha|Rage Powder|p2a: Sinistcha\n|-singleturn|p2a: Sinistcha|move: Rage Powder\n|move|p1a: Sneasler|Dire Claw|p2a: Sinistcha\n|-damage|p2a: Sinistcha|26/100\n|-enditem|p2a: Sinistcha|Sitrus Berry|[eat]\n|-heal|p2a: Sinistcha|51/100|[from] item: Sitrus Berry\n|move|p2b: Moltres|Fiery Wrath|p1a: Sneasler|[spread] p1a,p1b\n|-resisted|p1a: Sneasler\n|-crit|p1a: Sneasler\n|-resisted|p1b: Primarina\n|-damage|p1a: Sneasler|48/100\n|-damage|p1b: Primarina|19/100\n|move|p1b: Primarina|Dazzling Gleam|p2b: Moltres|[spread] p2a,p2b\n|-supereffective|p2b: Moltres\n|-damage|p2a: Sinistcha|23/100\n|-damage|p2b: Moltres|47/100\n|-ability|p2b: Moltres|Berserk|boost\n|-boost|p2b: Moltres|spa|1\n|\n|-weather|RainDance|[upkeep]\n|-heal|p2b: Moltres|53/100|[from] item: Leftovers\n|upkeep\n|turn|14\n|\n|t:|1771232771\n|move|p1a: Sneasler|Dire Claw|p2a: Sinistcha\n|-damage|p2a: Sinistcha|0 fnt\n|faint|p2a: Sinistcha\n|move|p2b: Moltres|Fiery Wrath|p1a: Sneasler|[spread] p1a,p1b\n|-resisted|p1a: Sneasler\n|-resisted|p1b: Primarina\n|-damage|p1a: Sneasler|1/100\n|-damage|p1b: Primarina|0 fnt\n|faint|p1b: Primarina\n|\n|-weather|none\n|-heal|p2b: Moltres|60/100|[from] item: Leftovers\n|upkeep\n|\n|t:|1771232785\n|switch|p1b: Chi-Yu|Chi-Yu|100/100\n|-ability|p1b: Chi-Yu|Beads of Ruin\n|turn|15\n|\n|t:|1771232791\n|move|p1a: Sneasler|Dire Claw|p2b: Moltres\n|-damage|p2b: Moltres|29/100\n|-status|p2b: Moltres|psn\n|-ability|p2b: Moltres|Berserk|boost\n|-boost|p2b: Moltres|spa|1\n|move|p1b: Chi-Yu|Heat Wave|p2b: Moltres\n|-damage|p2b: Moltres|0 fnt\n|faint|p2b: Moltres\n|\n|win|dracarysbow\n|raw|dracarysbow's rating: 1540 &rarr; <strong>1559</strong><br />(+19 for winning)\n|raw|Bao Bun's rating: 1528 &rarr; <strong>1509</strong><br />(-19 for losing)\n|c|☆Bao Bun|gg\n|l|☆Bao Bun\n|player|p2|\n", "uploadtime": 1771233092, "views": 12, "formatid": "gen9doublesou", "rating": 1509, "private": 0, "password": null}