{"id": "gen9doublesou-2540641128", "format": "[Gen 9] Doubles OU", "players": ["I❤️娜禄forever", "Coldblooded0706"], "log": "|j|☆I❤️娜禄forever\n|j|☆Coldblooded0706\n|t:|1771232543\n|gametype|doubles\n|player|p1|I❤️娜禄forever|youngcouple-gen4dp|1550\n|player|p2|Coldblooded0706|1|1623\n|gen|9\n|tier|[Gen 9] Doubles OU\n|rated|\n|rule|HP Percentage Mod: HP is shown in percentages\n|rule|Endless Battle Clause: Forcing endless battles is banned\n|rule|Species Clause: Limit one of each Pokémon\n|rule|OHKO Clause: OHKO moves are banned\n|rule|Evasion Moves Clause: Evasion moves are banned\n|rule|Gravity Sleep Clause: The combination of sleep-inducing moves with imperfect accuracy and Gravity or Gigantamax Orbeetle are banned\n|rule|Evasion Abilities Clause: Evasion abilities are banned\n|clearpoke\n|poke|p1|Pincurchin, M|\n|poke|p1|Iron Hands|\n|poke|p1|Iron Boulder|\n|poke|p1|Weezing, F|\n|poke|p1|Iron Jugulis|\n|poke|p1|Iron Moth|\n|poke|p2|Murkrow, F|\n|poke|p2|Chandelure, M|\n|poke|p2|Zapdos-Galar|\n|poke|p2|Tsareena, F|\n|poke|p2|Metagross|\n|poke|p2|Sylveon, F|\n|teampreview\n|j| Dark darmanitan\n|\n|t:|1771232579\n|teamsize|p1|6\n|teamsize|p2|6\n|start\n|switch|p1a: Weezing|Weezing, F|100/100\n|switch|p1b: Iron Hands|Iron Hands|100/100\n|switch|p2a: Tsareena|Tsareena, F|100/100\n|switch|p2b: Zapdos|Zapdos-Galar|100/100\n|-ability|p1a: Weezing|Neutralizing Gas\n|turn|1\n|\n|t:|1771232593\n|move|p1b: Iron Hands|Fake Out|p2b: Zapdos\n|-damage|p2b: Zapdos|86/100\n|cant|p2b: Zapdos|flinch\n|move|p2a: Tsareena|Taunt|p1a: Weezing\n|-start|p1a: Weezing|move: Taunt\n|cant|p1a: Weezing|move: Taunt|Substitute\n|\n|upkeep\n|turn|2\n|\n|t:|1771232613\n|move|p2b: Zapdos|Thunderous Kick|p1b: Iron Hands\n|-damage|p1b: Iron Hands|70/100\n|-unboost|p1b: Iron Hands|def|1\n|move|p2a: Tsareena|Power Whip|p1b: Iron Hands\n|-damage|p1b: Iron Hands|12/100\n|-enditem|p1b: Iron Hands|Figy Berry|[eat]\n|-heal|p1b: Iron Hands|46/100|[from] item: Figy Berry\n|move|p1a: Weezing|Sludge Bomb|p2a: Tsareena\n|-supereffective|p2a: Tsareena\n|-damage|p2a: Tsareena|35/100\n|-status|p2a: Tsareena|psn\n|move|p1b: Iron Hands|Drain Punch|p2a: Tsareena\n|-damage|p2a: Tsareena|0 fnt\n|-heal|p1b: Iron Hands|56/100|[from] drain|[of] p2a: Tsareena\n|faint|p2a: Tsareena\n|\n|upkeep\n|l| Dark darmanitan\n|j| Dark darmanitan\n|\n|t:|1771232645\n|switch|p2a: Metagross|Metagross|100/100\n|turn|3\n|\n|t:|1771232672\n|-end|p1b: Iron Hands|Quark Drive|[silent]\n|switch|p1b: Iron Jugulis|Iron Jugulis|100/100\n|move|p2b: Zapdos|Thunderous Kick|p1b: Iron Jugulis\n|-damage|p1b: Iron Jugulis|53/100\n|-unboost|p1b: Iron Jugulis|def|1\n|move|p2a: Metagross|Earthquake|p1b: Iron Jugulis|[spread] p1a\n|-immune|p2b: Zapdos\n|-immune|p1b: Iron Jugulis\n|-supereffective|p1a: Weezing\n|-damage|p1a: Weezing|53/100\n|move|p1a: Weezing|Sludge Bomb|p2b: Zapdos\n|-damage|p2b: Zapdos|56/100\n|-status|p2b: Zapdos|psn\n|\n|-heal|p1a: Weezing|59/100|[from] item: Leftovers\n|-damage|p2b: Zapdos|43/100 psn|[from] psn\n|-end|p1a: Weezing|move: Taunt\n|upkeep\n|turn|4\n|\n|t:|1771232693\n|move|p1a: Weezing|Protect|p1a: Weezing\n|-singleturn|p1a: Weezing|Protect\n|move|p2b: Zapdos|Thunderous Kick|p1b: Iron Jugulis\n|-damage|p1b: Iron Jugulis|0 fnt\n|faint|p1b: Iron Jugulis\n|-end|p1b: Iron Jugulis|Quark Drive|[silent]\n|move|p2a: Metagross|Psychic Fangs|p1a: Weezing\n|-activate|p1a: Weezing|move: Protect\n|\n|-heal|p1a: Weezing|65/100|[from] item: Leftovers\n|-damage|p2b: Zapdos|31/100 psn|[from] psn\n|upkeep\n|\n|t:|1771232714\n|switch|p1b: Iron Boulder|Iron Boulder|100/100\n|turn|5\n|j| setabasada322\n|\n|t:|1771232724\n|-end|p1a: Weezing|ability: Neutralizing Gas\n|switch|p1a: Pincurchin|Pincurchin, M|100/100\n|-fieldstart|move: Electric Terrain|[from] ability: Electric Surge|[of] p1a: Pincurchin\n|-activate|p1b: Iron Boulder|ability: Quark Drive\n|-start|p1b: Iron Boulder|quarkdrivespe\n|move|p1b: Iron Boulder|Mighty Cleave|p2b: Zapdos\n|-damage|p2b: Zapdos|0 fnt\n|faint|p2b: Zapdos\n|move|p2a: Metagross|Earthquake|p1b: Iron Boulder|[spread] p1a,p1b\n|-supereffective|p1a: Pincurchin\n|-supereffective|p1b: Iron Boulder\n|-damage|p1a: Pincurchin|36/100\n|-damage|p1b: Iron Boulder|33/100\n|-enditem|p1a: Pincurchin|Eject Button\n|\n|t:|1771232745\n|switch|p1a: Weezing|Weezing, F|65/100\n|-ability|p1a: Weezing|Neutralizing Gas\n|\n|-heal|p1a: Weezing|71/100|[from] item: Leftovers\n|upkeep\n|\n|t:|1771232759\n|switch|p2b: Sylveon|Sylveon, F|100/100\n|turn|6\n|j| punyakoko\n|l| Dark darmanitan\n|\n|t:|1771232775\n|-terastallize|p2b: Sylveon|Water\n|move|p2a: Metagross|Bullet Punch|p1b: Iron Boulder\n|-supereffective|p1b: Iron Boulder\n|-damage|p1b: Iron Boulder|0 fnt\n|faint|p1b: Iron Boulder\n|-end|p1b: Iron Boulder|Quark Drive|[silent]\n|move|p2b: Sylveon|Tera Blast|p1a: Weezing|[anim] Tera Blast Water\n|-damage|p1a: Weezing|11/100\n|move|p1a: Weezing|Sludge Bomb|p2b: Sylveon\n|-damage|p2b: Sylveon|79/100\n|-status|p2b: Sylveon|psn\n|\n|-heal|p1a: Weezing|17/100|[from] item: Leftovers\n|-damage|p2b: Sylveon|66/100 psn|[from] psn\n|upkeep\n|\n|t:|1771232794\n|switch|p1b: Iron Hands|Iron Hands|56/100\n|turn|7\n|j| Dark darmanitan\n|\n|t:|1771232810\n|switch|p2b: Murkrow|Murkrow, F|100/100\n|move|p1a: Weezing|Protect|p1a: Weezing\n|-singleturn|p1a: Weezing|Protect\n|move|p2a: Metagross|Earthquake|p1a: Weezing|[spread] p1b\n|-activate|p1a: Weezing|move: Protect\n|-immune|p2b: Murkrow\n|-supereffective|p1b: Iron Hands\n|-damage|p1b: Iron Hands|18/100\n|move|p1b: Iron Hands|Drain Punch|p2b: Murkrow\n|-damage|p2b: Murkrow|63/100\n|-heal|p1b: Iron Hands|30/100|[from] drain|[of] p2b: Murkrow\n|\n|-heal|p1a: Weezing|23/100|[from] item: Leftovers\n|upkeep\n|turn|8\n|\n|t:|1771232838\n|-terastallize|p1a: Weezing|Flying\n|move|p2a: Metagross|Earthquake|p1b: Iron Hands|[spread] p1b\n|-immune|p2b: Murkrow\n|-immune|p1a: Weezing\n|-supereffective|p1b: Iron Hands\n|-damage|p1b: Iron Hands|0 fnt\n|faint|p1b: Iron Hands\n|-end|p1b: Iron Hands|Quark Drive|[silent]\n|move|p2b: Murkrow|Tailwind|p2b: Murkrow\n|-sidestart|p2: Coldblooded0706|move: Tailwind\n|move|p1a: Weezing|Will-O-Wisp|p2a: Metagross\n|-status|p2a: Metagross|brn\n|\n|-heal|p1a: Weezing|29/100|[from] item: Leftovers\n|-damage|p2a: Metagross|95/100 brn|[from] brn\n|upkeep\n|\n|t:|1771232852\n|switch|p1b: Iron Moth|Iron Moth|100/100\n|-enditem|p1b: Iron Moth|Electric Seed\n|-boost|p1b: Iron Moth|def|1|[from] item: Electric Seed\n|turn|9\n|\n|t:|1771232873\n|switch|p2b: Chandelure|Chandelure, M|100/100\n|move|p1b: Iron Moth|Protect|p1b: Iron Moth\n|-singleturn|p1b: Iron Moth|Protect\n|move|p1a: Weezing|Protect|p1a: Weezing\n|-singleturn|p1a: Weezing|Protect\n|move|p2a: Metagross|Heavy Slam|p1a: Weezing\n|-activate|p1a: Weezing|move: Protect\n|\n|-heal|p1a: Weezing|35/100|[from] item: Leftovers\n|-damage|p2a: Metagross|89/100 brn|[from] brn\n|-fieldend|move: Electric Terrain\n|upkeep\n|turn|10\n|\n|t:|1771232894\n|-end|p1a: Weezing|ability: Neutralizing Gas\n|switch|p1a: Pincurchin|Pincurchin, M|36/100\n|-fieldstart|move: Electric Terrain|[from] ability: Electric Surge|[of] p1a: Pincurchin\n|-activate|p1b: Iron Moth|ability: Quark Drive\n|-start|p1b: Iron Moth|quarkdrivespa\n|move|p2a: Metagross|Heavy Slam|p1a: Pincurchin\n|-resisted|p1a: Pincurchin\n|-damage|p1a: Pincurchin|14/100\n|move|p2b: Chandelure|Heat Wave|p1b: Iron Moth|[spread] p1a,p1b\n|-resisted|p1b: Iron Moth\n|-damage|p1a: Pincurchin|0 fnt\n|-damage|p1b: Iron Moth|76/100\n|faint|p1a: Pincurchin\n|-damage|p2b: Chandelure|91/100|[from] item: Life Orb\n|move|p1b: Iron Moth|Discharge|p2a: Metagross|[spread] p2a,p2b\n|-damage|p2a: Metagross|57/100 brn\n|-damage|p2b: Chandelure|49/100\n|-status|p2b: Chandelure|par\n|\n|-damage|p2a: Metagross|51/100 brn|[from] brn\n|upkeep\n|\n|t:|1771232916\n|switch|p1a: Weezing|Weezing, F, tera:Flying|35/100\n|-ability|p1a: Weezing|Neutralizing Gas\n|turn|11\n|\n|t:|1771232927\n|switch|p2b: Murkrow|Murkrow, F|63/100\n|move|p1b: Iron Moth|Protect|p1b: Iron Moth\n|-singleturn|p1b: Iron Moth|Protect\n|move|p1a: Weezing|Protect|p1a: Weezing\n|-singleturn|p1a: Weezing|Protect\n|move|p2a: Metagross|Earthquake|p1b: Iron Moth|[spread] \n|-activate|p1a: Weezing|move: Protect\n|-activate|p1b: Iron Moth|move: Protect\n|-immune|p2b: Murkrow\n|\n|-heal|p1a: Weezing|41/100|[from] item: Leftovers\n|-damage|p2a: Metagross|46/100 brn|[from] brn\n|-sideend|p2: Coldblooded0706|move: Tailwind\n|upkeep\n|turn|12\n|\n|t:|1771232946\n|move|p1b: Iron Moth|Heat Wave|p2b: Murkrow|[spread] p2a,p2b\n|-supereffective|p2a: Metagross\n|-damage|p2a: Metagross|0 fnt\n|-damage|p2b: Murkrow|25/100\n|faint|p2a: Metagross\n|move|p2b: Murkrow|Tailwind|p2b: Murkrow\n|-sidestart|p2: Coldblooded0706|move: Tailwind\n|move|p1a: Weezing|Sludge Bomb|p2b: Murkrow\n|-damage|p2b: Murkrow|0 fnt\n|faint|p2b: Murkrow\n|\n|-heal|p1a: Weezing|47/100|[from] item: Leftovers\n|upkeep\n|\n|t:|1771232955\n|switch|p2a: Sylveon|Sylveon, F, tera:Water|66/100 psn\n|switch|p2b: Chandelure|Chandelure, M|49/100 par\n|turn|13\n|\n|t:|1771232975\n|move|p1a: Weezing|Protect|p1a: Weezing\n|-singleturn|p1a: Weezing|Protect\n|move|p2a: Sylveon|Tera Blast|p1b: Iron Moth|[anim] Tera Blast Water\n|-supereffective|p1b: Iron Moth\n|-damage|p1b: Iron Moth|0 fnt\n|faint|p1b: Iron Moth\n|-end|p1b: Iron Moth|Quark Drive|[silent]\n|move|p2b: Chandelure|Shadow Ball|p1a: Weezing\n|-activate|p1a: Weezing|move: Protect\n|\n|-heal|p1a: Weezing|54/100|[from] item: Leftovers\n|-damage|p2a: Sylveon|54/100 psn|[from] psn\n|upkeep\n|turn|14\n|\n|t:|1771232992\n|move|p2a: Sylveon|Tera Blast|p1a: Weezing|[anim] Tera Blast Water\n|-damage|p1a: Weezing|0 fnt\n|faint|p1a: Weezing\n|-end|p1a: Weezing|ability: Neutralizing Gas\n|\n|win|Coldblooded0706\n|raw|I❤️娜禄forever's rating: 1550 &rarr; <strong>1534</strong><br />(-16 for losing)\n|raw|Coldblooded0706's rating: 1623 &rarr; <strong>1639</strong><br />(+16 for winning)\n|l|☆I❤️娜禄forever\n|player|p1|\n|l| setabasada322\n|l|☆Coldblooded0706\n|player|p2|\n|l| Dark darmanitan\n|l| punyakoko\n", "uploadtime": 1771233365, "views": 15, "formatid": "gen9doublesou", "rating": 1534, "private": 0, "password": null}