{"id": "gen9doublesou-2540872782", "format": "[Gen 9] Doubles OU", "players": ["qwqwwqqwwq", "just_james18"], "log": "|j|☆qwqwwqqwwq\n|j|☆just_james18\n|t:|1771262668\n|gametype|doubles\n|player|p1|qwqwwqqwwq|hiker-gen4|1627\n|player|p2|just_james18|101|1522\n|gen|9\n|tier|[Gen 9] Doubles OU\n|rated|\n|rule|HP Percentage Mod: HP is shown in percentages\n|rule|Endless Battle Clause: Forcing endless battles is banned\n|rule|Species Clause: Limit one of each Pokémon\n|rule|OHKO Clause: OHKO moves are banned\n|rule|Evasion Moves Clause: Evasion moves are banned\n|rule|Gravity Sleep Clause: The combination of sleep-inducing moves with imperfect accuracy and Gravity or Gigantamax Orbeetle are banned\n|rule|Evasion Abilities Clause: Evasion abilities are banned\n|clearpoke\n|poke|p1|Scizor, M|\n|poke|p1|Dragonite, M|\n|poke|p1|Tornadus, M|\n|poke|p1|Chandelure, M|\n|poke|p1|Golem, M|\n|poke|p1|Articuno-Galar|\n|poke|p2|Incineroar, F|\n|poke|p2|Arcanine-Hisui, F|\n|poke|p2|Wo-Chien|\n|poke|p2|Glimmora, F|\n|poke|p2|Deoxys-Defense|\n|poke|p2|Ting-Lu|\n|teampreview\n|inactive|Battle timer is ON: inactive players will automatically lose when time's up. (requested by just_james18)\n|\n|t:|1771262720\n|teamsize|p1|6\n|teamsize|p2|6\n|start\n|switch|p1a: Articuno|Articuno-Galar|100/100\n|switch|p1b: Dragonite|Dragonite, M|100/100\n|switch|p2a: Glimmora|Glimmora, F|100/100\n|switch|p2b: Arcanine|Arcanine-Hisui, F|100/100\n|-ability|p2b: Arcanine|Intimidate|boost\n|-unboost|p1a: Articuno|atk|1\n|-ability|p1a: Articuno|Competitive|boost\n|-boost|p1a: Articuno|spa|2\n|-fail|p1b: Dragonite|unboost|Attack|[from] ability: Inner Focus|[of] p1b: Dragonite\n|turn|1\n|\n|t:|1771262744\n|move|p2a: Glimmora|Toxic Spikes|p1b: Dragonite\n|-sidestart|p1: qwqwwqqwwq|move: Toxic Spikes\n|move|p1a: Articuno|Freezing Glare|p2a: Glimmora\n|-supereffective|p2a: Glimmora\n|-enditem|p2a: Glimmora|Focus Sash\n|-damage|p2a: Glimmora|1/100\n|move|p2b: Arcanine|Stealth Rock|p1a: Articuno\n|-sidestart|p1: qwqwwqqwwq|move: Stealth Rock\n|move|p1b: Dragonite|Dragon Dance|p1b: Dragonite\n|-boost|p1b: Dragonite|atk|1\n|-boost|p1b: Dragonite|spe|1\n|\n|upkeep\n|turn|2\n|\n|t:|1771262766\n|move|p1b: Dragonite|Extreme Speed|p2a: Glimmora\n|-resisted|p2a: Glimmora\n|-damage|p2a: Glimmora|0 fnt\n|-activate|p2a: Glimmora|ability: Toxic Debris\n|-sidestart|p1: qwqwwqqwwq|move: Toxic Spikes\n|faint|p2a: Glimmora\n|move|p1a: Articuno|Freezing Glare|p2b: Arcanine\n|-damage|p2b: Arcanine|26/100\n|move|p2b: Arcanine|Rock Slide|p1b: Dragonite|[spread] p1a,p1b\n|-supereffective|p1a: Articuno\n|-supereffective|p1b: Dragonite\n|-damage|p1a: Articuno|42/100\n|-damage|p1b: Dragonite|58/100\n|\n|upkeep\n|\n|t:|1771262779\n|switch|p2a: Incineroar|Incineroar, F|100/100\n|-ability|p2a: Incineroar|Intimidate|boost\n|-unboost|p1a: Articuno|atk|1\n|-ability|p1a: Articuno|Competitive|boost\n|-boost|p1a: Articuno|spa|2\n|-fail|p1b: Dragonite|unboost|Attack|[from] ability: Inner Focus|[of] p1b: Dragonite\n|turn|3\n|\n|t:|1771262792\n|-terastallize|p1b: Dragonite|Ground\n|move|p1a: Articuno|Protect|p1a: Articuno\n|-singleturn|p1a: Articuno|Protect\n|move|p2a: Incineroar|Fake Out|p1a: Articuno\n|-activate|p1a: Articuno|move: Protect\n|move|p1b: Dragonite|Earthquake|p2a: Incineroar|[spread] p2a,p2b\n|-activate|p1a: Articuno|move: Protect\n|-supereffective|p2a: Incineroar\n|-supereffective|p2b: Arcanine\n|-crit|p2b: Arcanine\n|-damage|p2a: Incineroar|0 fnt\n|-damage|p2b: Arcanine|0 fnt\n|faint|p2a: Incineroar\n|faint|p2b: Arcanine\n|\n|upkeep\n|\n|t:|1771262802\n|switch|p2b: Ting-Lu|Ting-Lu|100/100\n|switch|p2a: Wo-Chien|Wo-Chien|100/100\n|-ability|p2a: Wo-Chien|Tablets of Ruin\n|-ability|p2b: Ting-Lu|Vessel of Ruin\n|turn|4\n|\n|t:|1771262809\n|move|p1b: Dragonite|Earthquake|p2a: Wo-Chien|[spread] p2a,p2b\n|-immune|p1a: Articuno\n|-resisted|p2a: Wo-Chien\n|-damage|p2a: Wo-Chien|80/100\n|-damage|p2b: Ting-Lu|76/100\n|move|p1a: Articuno|Hyper Voice|p2a: Wo-Chien|[spread] p2a,p2b\n|-damage|p2a: Wo-Chien|52/100\n|-damage|p2b: Ting-Lu|42/100\n|move|p2a: Wo-Chien|Leech Seed|p1b: Dragonite\n|-start|p1b: Dragonite|move: Leech Seed\n|move|p2b: Ting-Lu|Whirlwind|p1a: Articuno\n|drag|p1a: Tornadus|Tornadus, M|100/100\n|-damage|p1a: Tornadus|75/100|[from] Stealth Rock\n|\n|-heal|p2a: Wo-Chien|58/100|[from] item: Leftovers\n|-heal|p2b: Ting-Lu|48/100|[from] item: Leftovers\n|-damage|p1b: Dragonite|46/100|[from] Leech Seed|[of] p2a: Wo-Chien\n|-heal|p2a: Wo-Chien|71/100|[silent]\n|upkeep\n|turn|5\n|\n|t:|1771262828\n|move|p2a: Wo-Chien|Protect|p2a: Wo-Chien\n|-singleturn|p2a: Wo-Chien|Protect\n|move|p1a: Tornadus|Bleakwind Storm|p2b: Ting-Lu|[spread] p2b\n|-activate|p2a: Wo-Chien|move: Protect\n|-damage|p2b: Ting-Lu|31/100\n|move|p1b: Dragonite|Earthquake|p2b: Ting-Lu|[spread] p2b\n|-activate|p2a: Wo-Chien|move: Protect\n|-immune|p1a: Tornadus\n|-damage|p2b: Ting-Lu|7/100\n|move|p2b: Ting-Lu|Whirlwind|p1a: Tornadus\n|drag|p1a: Scizor|Scizor, M|100/100\n|-damage|p1a: Scizor|88/100|[from] Stealth Rock\n|\n|-heal|p2a: Wo-Chien|77/100|[from] item: Leftovers\n|-heal|p2b: Ting-Lu|13/100|[from] item: Leftovers\n|-damage|p1b: Dragonite|33/100|[from] Leech Seed|[of] p2a: Wo-Chien\n|-heal|p2a: Wo-Chien|90/100|[silent]\n|upkeep\n|turn|6\n|\n|t:|1771262849\n|-terastallize|p2a: Wo-Chien|Ghost\n|move|p2b: Ting-Lu|Protect|p2b: Ting-Lu\n|-singleturn|p2b: Ting-Lu|Protect\n|move|p1b: Dragonite|Extreme Speed|p2b: Ting-Lu\n|-activate|p2b: Ting-Lu|move: Protect\n|move|p1a: Scizor|Bug Bite|p2a: Wo-Chien\n|-resisted|p2a: Wo-Chien\n|-damage|p2a: Wo-Chien|71/100\n|move|p2a: Wo-Chien|Leech Seed|p1a: Scizor\n|-start|p1a: Scizor|move: Leech Seed\n|\n|-heal|p2a: Wo-Chien|78/100|[from] item: Leftovers\n|-heal|p2b: Ting-Lu|19/100|[from] item: Leftovers\n|-damage|p1b: Dragonite|21/100|[from] Leech Seed|[of] p2a: Wo-Chien\n|-heal|p2a: Wo-Chien|90/100|[silent]\n|-damage|p1a: Scizor|76/100|[from] Leech Seed|[of] p2a: Wo-Chien\n|-heal|p2a: Wo-Chien|99/100|[silent]\n|upkeep\n|turn|7\n|\n|t:|1771262863\n|move|p2a: Wo-Chien|Protect|p2a: Wo-Chien\n|-singleturn|p2a: Wo-Chien|Protect\n|move|p1b: Dragonite|Dragon Dance|p1b: Dragonite\n|-boost|p1b: Dragonite|atk|1\n|-boost|p1b: Dragonite|spe|1\n|move|p1a: Scizor|Bug Bite|p2b: Ting-Lu\n|-supereffective|p2b: Ting-Lu\n|-damage|p2b: Ting-Lu|0 fnt\n|faint|p2b: Ting-Lu\n|\n|-heal|p2a: Wo-Chien|100/100|[from] item: Leftovers\n|-damage|p1b: Dragonite|8/100|[from] Leech Seed|[of] p2a: Wo-Chien\n|-damage|p1a: Scizor|63/100|[from] Leech Seed|[of] p2a: Wo-Chien\n|upkeep\n|\n|t:|1771262871\n|switch|p2b: Deoxys|Deoxys-Defense|100/100\n|-ability|p2b: Deoxys|Pressure\n|turn|8\n|\n|t:|1771262883\n|move|p1b: Dragonite|Extreme Speed|p2b: Deoxys\n|-damage|p2b: Deoxys|65/100\n|move|p1a: Scizor|Bug Bite|p2b: Deoxys\n|-supereffective|p2b: Deoxys\n|-damage|p2b: Deoxys|11/100\n|move|p2b: Deoxys|Cosmic Power|p2b: Deoxys\n|-boost|p2b: Deoxys|def|1\n|-boost|p2b: Deoxys|spd|1\n|move|p2a: Wo-Chien|Ruination|p1a: Scizor\n|-damage|p1a: Scizor|32/100\n|\n|-heal|p2b: Deoxys|17/100|[from] item: Leftovers\n|-damage|p1b: Dragonite|0 fnt|[from] Leech Seed|[of] p2a: Wo-Chien\n|faint|p1b: Dragonite\n|-damage|p1a: Scizor|20/100|[from] Leech Seed|[of] p2a: Wo-Chien\n|upkeep\n|\n|t:|1771262891\n|switch|p1b: Tornadus|Tornadus, M|75/100\n|-damage|p1b: Tornadus|50/100|[from] Stealth Rock\n|turn|9\n|\n|t:|1771262901\n|move|p1b: Tornadus|Taunt|p2a: Wo-Chien\n|-start|p2a: Wo-Chien|move: Taunt\n|move|p1a: Scizor|Bug Bite|p2b: Deoxys\n|-supereffective|p2b: Deoxys\n|-damage|p2b: Deoxys|0 fnt\n|faint|p2b: Deoxys\n|cant|p2a: Wo-Chien|move: Taunt|Leech Seed\n|\n|-damage|p1a: Scizor|7/100|[from] Leech Seed|[of] p2a: Wo-Chien\n|upkeep\n|turn|10\n|\n|t:|1771262912\n|move|p1a: Scizor|Bullet Punch|p2a: Wo-Chien\n|-damage|p2a: Wo-Chien|76/100\n|move|p1b: Tornadus|Bleakwind Storm|p2a: Wo-Chien\n|-damage|p2a: Wo-Chien|48/100\n|-unboost|p2a: Wo-Chien|spe|1\n|move|p2a: Wo-Chien|Snarl|p1a: Scizor|[spread] p1a,p1b\n|-crit|p1a: Scizor\n|-damage|p1a: Scizor|0 fnt\n|-damage|p1b: Tornadus|31/100\n|-unboost|p1b: Tornadus|spa|1\n|faint|p1a: Scizor\n|\n|-heal|p2a: Wo-Chien|55/100|[from] item: Leftovers\n|upkeep\n|\n|t:|1771262917\n|switch|p1a: Chandelure|Chandelure, M|100/100\n|-status|p1a: Chandelure|tox\n|-damage|p1a: Chandelure|76/100 tox|[from] Stealth Rock\n|turn|11\n|\n|t:|1771262921\n|move|p1b: Tornadus|Bleakwind Storm|p2a: Wo-Chien\n|-damage|p2a: Wo-Chien|34/100\n|move|p1a: Chandelure|Shadow Ball|p2a: Wo-Chien\n|-supereffective|p2a: Wo-Chien\n|-damage|p2a: Wo-Chien|0 fnt\n|faint|p2a: Wo-Chien\n|\n|win|qwqwwqqwwq\n|raw|qwqwwqqwwq's rating: 1627 &rarr; <strong>1641</strong><br />(+14 for winning)\n|raw|just_james18's rating: 1522 &rarr; <strong>1508</strong><br />(-14 for losing)\n|l|☆just_james18\n|player|p2|\n|l|☆qwqwwqqwwq\n|player|p1|\n", "uploadtime": 1771263277, "views": 4, "formatid": "gen9doublesou", "rating": 1508, "private": 0, "password": null}