{"id": "gen9doublesou-2640014805", "format": "[Gen 9] Doubles OU", "players": ["dr drillbee", "mobtitan"], "log": "|j|☆dr drillbee\n|j|☆mobtitan\n|t:|1782564088\n|gametype|doubles\n|player|p1|dr drillbee|bugcatcher-gen4dp|1481\n|player|p2|mobtitan|170|1602\n|gen|9\n|tier|[Gen 9] Doubles OU\n|rated|\n|rule|HP Percentage Mod: HP is shown in percentages\n|rule|Endless Battle Clause: Forcing endless battles is banned\n|rule|Species Clause: Limit one of each Pokémon\n|rule|OHKO Clause: OHKO moves are banned\n|rule|Evasion Moves Clause: Evasion moves are banned\n|rule|Gravity Sleep Clause: The combination of sleep-inducing moves with imperfect accuracy and Gravity or Gigantamax Orbeetle are banned\n|rule|Evasion Abilities Clause: Evasion abilities are banned\n|clearpoke\n|poke|p1|Empoleon, F|\n|poke|p1|Wyrdeer, M|\n|poke|p1|Vaporeon, M|\n|poke|p1|Oranguru, M|\n|poke|p1|Ludicolo, M|\n|poke|p1|Regidrago|\n|poke|p2|Farigiraf, F|\n|poke|p2|Whimsicott, M|\n|poke|p2|Gholdengo|\n|poke|p2|Hoopa-Unbound|\n|poke|p2|Regidrago|\n|poke|p2|Torkoal, L99, M|\n|teampreview\n|inactive|Battle timer is ON: inactive players will automatically lose when time's up. (requested by dr drillbee)\n|inactive|mobtitan also wants the timer to be on.\n|\n|t:|1782564102\n|teamsize|p1|6\n|teamsize|p2|6\n|start\n|switch|p1a: Honchcrow|Vaporeon, M|100/100\n|switch|p1b: Sao Paulo|Regidrago|100/100\n|switch|p2a: Whimsicott|Whimsicott, M|100/100\n|switch|p2b: Regidrago|Regidrago|100/100\n|turn|1\n|\n|t:|1782564111\n|move|p2a: Whimsicott|Tailwind|p2a: Whimsicott\n|-sidestart|p2: mobtitan|move: Tailwind\n|move|p1b: Sao Paulo|Draco Meteor|p2b: Regidrago\n|-supereffective|p2b: Regidrago\n|-damage|p2b: Regidrago|0 fnt\n|-unboost|p1b: Sao Paulo|spa|2\n|faint|p2b: Regidrago\n|move|p1a: Honchcrow|Ice Beam|p2a: Whimsicott\n|-supereffective|p2a: Whimsicott\n|-damage|p2a: Whimsicott|29/100\n|\n|upkeep\n|\n|t:|1782564119\n|switch|p2b: Gholdengo|Gholdengo|100/100\n|turn|2\n|\n|t:|1782564140\n|switch|p1b: The Bishop|Wyrdeer, M|100/100\n|-ability|p1b: The Bishop|Intimidate|boost\n|-unboost|p2a: Whimsicott|atk|1\n|-unboost|p2b: Gholdengo|atk|1\n|move|p2a: Whimsicott|Light Screen|p2a: Whimsicott\n|-sidestart|p2: mobtitan|move: Light Screen\n|move|p2b: Gholdengo|Nasty Plot|p2b: Gholdengo\n|-boost|p2b: Gholdengo|spa|2\n|move|p1a: Honchcrow|Rain Dance|p1a: Honchcrow\n|-weather|RainDance\n|\n|-weather|RainDance|[upkeep]\n|upkeep\n|turn|3\n|\n|t:|1782564158\n|move|p2a: Whimsicott|Encore|p1a: Honchcrow\n|-start|p1a: Honchcrow|Encore\n|move|p2b: Gholdengo|Make It Rain|p1a: Honchcrow|[spread] p1a,p1b\n|-resisted|p1a: Honchcrow\n|-damage|p1a: Honchcrow|53/100\n|-damage|p1b: The Bishop|0 fnt\n|-unboost|p2b: Gholdengo|spa|1\n|faint|p1b: The Bishop\n|-damage|p2b: Gholdengo|91/100|[from] item: Life Orb\n|move|p1a: Honchcrow|Rain Dance||[still]\n|-fail|p1a: Honchcrow\n|\n|-weather|RainDance|[upkeep]\n|upkeep\n|\n|t:|1782564174\n|switch|p1b: Jonny High Kicks|Ludicolo, M|100/100\n|turn|4\n|\n|t:|1782564190\n|switch|p1a: Sao Paulo|Regidrago|100/100\n|move|p2a: Whimsicott|Moonblast|p1b: Jonny High Kicks\n|-damage|p1b: Jonny High Kicks|61/100\n|-unboost|p1b: Jonny High Kicks|spa|1\n|move|p1b: Jonny High Kicks|Ice Beam|p2a: Whimsicott\n|-supereffective|p2a: Whimsicott\n|-damage|p2a: Whimsicott|0 fnt\n|faint|p2a: Whimsicott\n|-damage|p1b: Jonny High Kicks|51/100|[from] item: Life Orb\n|move|p2b: Gholdengo|Shadow Ball|p1b: Jonny High Kicks\n|-damage|p1b: Jonny High Kicks|0 fnt\n|faint|p1b: Jonny High Kicks\n|-damage|p2b: Gholdengo|81/100|[from] item: Life Orb\n|\n|-weather|RainDance|[upkeep]\n|-sideend|p2: mobtitan|move: Tailwind\n|upkeep\n|\n|t:|1782564208\n|switch|p2a: Farigiraf|Farigiraf, F|100/100\n|switch|p1b: Honchcrow|Vaporeon, M|53/100\n|turn|5\n|\n|t:|1782564234\n|move|p1a: Sao Paulo|Draco Meteor|p2a: Farigiraf\n|-damage|p2a: Farigiraf|47/100\n|-unboost|p1a: Sao Paulo|spa|2\n|move|p2b: Gholdengo|Make It Rain|p1b: Honchcrow|[spread] p1a,p1b\n|-resisted|p1b: Honchcrow\n|-damage|p1a: Sao Paulo|0 fnt\n|-damage|p1b: Honchcrow|20/100\n|-unboost|p2b: Gholdengo|spa|1\n|faint|p1a: Sao Paulo\n|-damage|p2b: Gholdengo|71/100|[from] item: Life Orb\n|move|p1b: Honchcrow|Calm Mind|p1b: Honchcrow\n|-boost|p1b: Honchcrow|spa|1\n|-boost|p1b: Honchcrow|spd|1\n|move|p2a: Farigiraf|Trick Room|p2a: Farigiraf\n|-fieldstart|move: Trick Room|[of] p2a: Farigiraf\n|\n|-weather|RainDance|[upkeep]\n|upkeep\n|\n|t:|1782564240\n|switch|p1a: The Walrus|Empoleon, F|100/100\n|turn|6\n|\n|t:|1782564268\n|-terastallize|p1a: The Walrus|Water\n|move|p1a: The Walrus|Surf|p2b: Gholdengo|[spread] p2a,p2b\n|-heal|p1b: Honchcrow|45/100|[from] ability: Water Absorb|[of] p1a: The Walrus\n|-damage|p2a: Farigiraf|0 fnt\n|-damage|p2b: Gholdengo|18/100\n|faint|p2a: Farigiraf\n|move|p1b: Honchcrow|Ice Beam|p2b: Gholdengo\n|-resisted|p2b: Gholdengo\n|-damage|p2b: Gholdengo|7/100\n|-status|p2b: Gholdengo|frz\n|cant|p2b: Gholdengo|frz\n|\n|-weather|RainDance|[upkeep]\n|-sideend|p2: mobtitan|move: Light Screen\n|upkeep\n|inactive|mobtitan has 120 seconds left.\n|\n|t:|1782564278\n|switch|p2a: Torkoal|Torkoal, L99, M|100/100\n|-weather|SunnyDay|[from] ability: Drought|[of] p2a: Torkoal\n|turn|7\n|\n|t:|1782564290\n|switch|p2b: Hoopa|Hoopa-Unbound|100/100\n|-terastallize|p2a: Torkoal|Fire\n|move|p2a: Torkoal|Eruption|p1b: Honchcrow|[spread] p1a,p1b\n|-resisted|p1a: The Walrus\n|-resisted|p1b: Honchcrow\n|-damage|p1a: The Walrus|32/100\n|-damage|p1b: Honchcrow|12/100\n|move|p1a: The Walrus|Surf|p2b: Hoopa|[spread] p2a,p2b\n|-heal|p1b: Honchcrow|37/100|[from] ability: Water Absorb|[of] p1a: The Walrus\n|-supereffective|p2a: Torkoal\n|-crit|p2a: Torkoal\n|-damage|p2a: Torkoal|1/100\n|-damage|p2b: Hoopa|81/100\n|move|p1b: Honchcrow|Rain Dance|p1b: Honchcrow\n|-weather|RainDance\n|\n|-weather|RainDance|[upkeep]\n|upkeep\n|turn|8\n|\n|t:|1782564315\n|move|p2a: Torkoal|Eruption|p1a: The Walrus|[spread] p1a,p1b\n|-resisted|p1a: The Walrus\n|-resisted|p1b: Honchcrow\n|-damage|p1a: The Walrus|32/100\n|-damage|p1b: Honchcrow|36/100\n|move|p1a: The Walrus|Roost|p1a: The Walrus\n|-heal|p1a: The Walrus|82/100\n|move|p1b: Honchcrow|Ice Beam|p2a: Torkoal\n|-resisted|p2a: Torkoal\n|-crit|p2a: Torkoal\n|-damage|p2a: Torkoal|0 fnt\n|faint|p2a: Torkoal\n|move|p2b: Hoopa|Hyperspace Fury|p1b: Honchcrow\n|-damage|p1b: Honchcrow|0 fnt\n|-unboost|p2b: Hoopa|def|1\n|faint|p1b: Honchcrow\n|\n|-weather|RainDance|[upkeep]\n|upkeep\n|c|☆mobtitan|That froze gave you the match\n|\n|t:|1782564328\n|switch|p2a: Gholdengo|Gholdengo|7/100 frz\n|switch|p1b: Virgin Mary|Oranguru, M|100/100\n|turn|9\n|c|☆dr drillbee|Ok\n|\n|t:|1782564339\n|move|p1a: The Walrus|Surf|p2a: Gholdengo|[spread] p2a,p2b\n|-activate|p1b: Virgin Mary|ability: Telepathy\n|-damage|p2a: Gholdengo|0 fnt\n|-damage|p2b: Hoopa|13/100\n|faint|p2a: Gholdengo\n|move|p1b: Virgin Mary|Instruct|p1a: The Walrus\n|-singleturn|p1a: The Walrus|move: Instruct|[of] p1b: Virgin Mary\n|move|p1a: The Walrus|Surf|p2b: Hoopa|[spread] p2b\n|-activate|p1b: Virgin Mary|ability: Telepathy\n|-damage|p2b: Hoopa|0 fnt\n|faint|p2b: Hoopa\n|\n|win|dr drillbee\n|raw|dr drillbee's rating: 1481 &rarr; <strong>1508</strong><br />(+27 for winning)\n|raw|mobtitan's rating: 1602 &rarr; <strong>1575</strong><br />(-27 for losing)\n|l|☆mobtitan\n|player|p2|\n|l|☆dr drillbee\n|player|p1|\n", "uploadtime": 1782564727, "views": 2, "formatid": "gen9doublesou", "rating": 1508, "private": 0, "password": null}