{"id": "gen9doublesou-2539998329", "format": "[Gen 9] Doubles OU", "players": ["sylent knight", "lxq74477"], "log": "|j|☆sylent knight\n|j|☆lxq74477\n|t:|1771141346\n|gametype|doubles\n|player|p1|sylent knight|169|1547\n|player|p2|lxq74477|265|1560\n|gen|9\n|tier|[Gen 9] Doubles OU\n|rated|\n|rule|HP Percentage Mod: HP is shown in percentages\n|rule|Endless Battle Clause: Forcing endless battles is banned\n|rule|Species Clause: Limit one of each Pokémon\n|rule|OHKO Clause: OHKO moves are banned\n|rule|Evasion Moves Clause: Evasion moves are banned\n|rule|Gravity Sleep Clause: The combination of sleep-inducing moves with imperfect accuracy and Gravity or Gigantamax Orbeetle are banned\n|rule|Evasion Abilities Clause: Evasion abilities are banned\n|clearpoke\n|poke|p1|Araquanid, M|\n|poke|p1|Ninetales-Alola, F|\n|poke|p1|Baxcalibur, M|\n|poke|p1|Kyurem|\n|poke|p1|Hoopa-Unbound|\n|poke|p1|Kleavor, M|\n|poke|p2|Dragonite, M|\n|poke|p2|Ogerpon-Wellspring, F|\n|poke|p2|Gholdengo|\n|poke|p2|Tyranitar, F|\n|poke|p2|Rillaboom, M|\n|poke|p2|Incineroar, M|\n|teampreview\n|inactive|Battle timer is ON: inactive players will automatically lose when time's up. (requested by lxq74477)\n|\n|t:|1771141364\n|teamsize|p1|6\n|teamsize|p2|6\n|start\n|switch|p1a: Kleavor|Kleavor, M|100/100\n|switch|p1b: Araquanid|Araquanid, M|100/100\n|switch|p2a: Ogerpon|Ogerpon-Wellspring, F|100/100\n|switch|p2b: Tyranitar|Tyranitar, F|100/100\n|-weather|Sandstorm|[from] ability: Sand Stream|[of] p2b: Tyranitar\n|turn|1\n|l|☆sylent knight\n|inactive|sylent knight disconnected and has a minute to reconnect!\n|player|p1|\n|j|☆sylent knight\n|inactive|sylent knight reconnected and has 120 seconds left.\n|player|p1|sylent knight|169|\n|\n|t:|1771141405\n|switch|p1a: Ninetales|Ninetales-Alola, F|100/100\n|-weather|Snowscape|[from] ability: Snow Warning|[of] p1a: Ninetales\n|move|p2a: Ogerpon|Ivy Cudgel|p1a: Ninetales|[anim] Ivy Cudgel Water\n|-damage|p1a: Ninetales|44/100\n|move|p2b: Tyranitar|Stealth Rock|p1a: Ninetales\n|-sidestart|p1: sylent knight|move: Stealth Rock\n|move|p1b: Araquanid|Leech Life|p2a: Ogerpon\n|-supereffective|p2a: Ogerpon\n|-damage|p2a: Ogerpon|33/100\n|\n|-weather|Snowscape|[upkeep]\n|upkeep\n|turn|2\n|inactive|lxq74477 has 120 seconds left.\n|\n|t:|1771141439\n|switch|p2a: Incineroar|Incineroar, M|100/100\n|-ability|p2a: Incineroar|Intimidate|boost\n|-unboost|p1a: Ninetales|atk|1\n|-unboost|p1b: Araquanid|atk|1\n|move|p1a: Ninetales|Aurora Veil|p1a: Ninetales\n|-sidestart|p1: sylent knight|move: Aurora Veil\n|move|p2b: Tyranitar|Rock Slide|p1b: Araquanid|[spread] p1a,p1b\n|-supereffective|p1a: Ninetales\n|-supereffective|p1b: Araquanid\n|-damage|p1a: Ninetales|10/100\n|-damage|p1b: Araquanid|54/100\n|move|p1b: Araquanid|Liquidation|p2b: Tyranitar\n|-supereffective|p2b: Tyranitar\n|-damage|p2b: Tyranitar|14/100\n|-enditem|p2b: Tyranitar|Weakness Policy\n|-boost|p2b: Tyranitar|atk|2|[from] item: Weakness Policy\n|-boost|p2b: Tyranitar|spa|2|[from] item: Weakness Policy\n|\n|-weather|Snowscape|[upkeep]\n|upkeep\n|turn|3\n|inactive|lxq74477 has 120 seconds left.\n|\n|t:|1771141485\n|move|p2a: Incineroar|Fake Out|p1a: Ninetales\n|-damage|p1a: Ninetales|3/100\n|move|p1b: Araquanid|Wide Guard|p1b: Araquanid\n|-singleturn|p1b: Araquanid|Wide Guard\n|cant|p1a: Ninetales|flinch\n|move|p2b: Tyranitar|Rock Slide|p1b: Araquanid|[spread] \n|-activate|p1a: Ninetales|move: Wide Guard\n|-activate|p1b: Araquanid|move: Wide Guard\n|\n|-weather|Snowscape|[upkeep]\n|upkeep\n|turn|4\n|inactive|lxq74477 has 120 seconds left.\n|l|☆sylent knight\n|inactive|sylent knight disconnected and has a minute to reconnect!\n|player|p1|\n|j|☆sylent knight\n|inactive|sylent knight reconnected and has 120 seconds left.\n|player|p1|sylent knight|169|\n|\n|t:|1771141523\n|move|p1a: Ninetales|Blizzard|p2a: Incineroar|[spread] p2a,p2b\n|-resisted|p2a: Incineroar\n|-damage|p2a: Incineroar|93/100\n|-damage|p2b: Tyranitar|0 fnt\n|faint|p2b: Tyranitar\n|move|p2a: Incineroar|Knock Off|p1a: Ninetales\n|-resisted|p1a: Ninetales\n|-damage|p1a: Ninetales|0 fnt\n|-enditem|p1a: Ninetales|Icy Rock|[from] move: Knock Off|[of] p2a: Incineroar\n|faint|p1a: Ninetales\n|move|p1b: Araquanid|Sticky Web|p2a: Incineroar\n|-sidestart|p2: lxq74477|move: Sticky Web\n|\n|-weather|Snowscape|[upkeep]\n|upkeep\n|inactive|lxq74477 has 90 seconds left.\n|\n|t:|1771141544\n|switch|p1a: Hoopa|Hoopa-Unbound|100/100\n|switch|p2b: Dragonite|Dragonite, M|100/100\n|-damage|p1a: Hoopa|88/100|[from] Stealth Rock\n|turn|5\n|\n|t:|1771141557\n|-terastallize|p2a: Incineroar|Bug\n|move|p2b: Dragonite|Scale Shot|p1b: Araquanid\n|-damage|p1b: Araquanid|43/100\n|-damage|p1b: Araquanid|32/100\n|-damage|p1b: Araquanid|21/100\n|-damage|p1b: Araquanid|10/100\n|-damage|p1b: Araquanid|0 fnt\n|faint|p1b: Araquanid\n|-hitcount|p1: Araquanid|5\n|-unboost|p2b: Dragonite|def|1\n|-boost|p2b: Dragonite|spe|1\n|move|p2a: Incineroar|U-turn|p1a: Hoopa\n|-supereffective|p1a: Hoopa\n|-damage|p1a: Hoopa|0 fnt\n|faint|p1a: Hoopa\n|\n|t:|1771141574\n|switch|p2a: Rillaboom|Rillaboom, M|100/100|[from] U-turn\n|-activate|p2a: Rillaboom|move: Sticky Web\n|-unboost|p2a: Rillaboom|spe|1\n|-fieldstart|move: Grassy Terrain|[from] ability: Grassy Surge|[of] p2a: Rillaboom\n|\n|-weather|Snowscape|[upkeep]\n|upkeep\n|\n|t:|1771141578\n|switch|p1a: Kyurem|Kyurem|100/100\n|switch|p1b: Baxcalibur|Baxcalibur, M|100/100\n|-damage|p1a: Kyurem|76/100|[from] Stealth Rock\n|-ability|p1a: Kyurem|Pressure\n|-damage|p1b: Baxcalibur|76/100|[from] Stealth Rock\n|turn|6\n|inactive|lxq74477 has 120 seconds left.\n|l|☆sylent knight\n|inactive|sylent knight disconnected and has a minute to reconnect!\n|player|p1|\n|\n|t:|1771141609\n|-terastallize|p1a: Kyurem|Ice\n|move|p2b: Dragonite|Scale Shot|p1b: Baxcalibur\n|-supereffective|p1b: Baxcalibur\n|-damage|p1b: Baxcalibur|65/100\n|-supereffective|p1b: Baxcalibur\n|-damage|p1b: Baxcalibur|54/100\n|-supereffective|p1b: Baxcalibur\n|-damage|p1b: Baxcalibur|43/100\n|-supereffective|p1b: Baxcalibur\n|-damage|p1b: Baxcalibur|32/100\n|-supereffective|p1b: Baxcalibur\n|-damage|p1b: Baxcalibur|22/100\n|-hitcount|p1b: Baxcalibur|5\n|-unboost|p2b: Dragonite|def|1\n|-boost|p2b: Dragonite|spe|1\n|move|p1a: Kyurem|Blizzard|p2b: Dragonite|[spread] p2a,p2b\n|-supereffective|p2a: Rillaboom\n|-supereffective|p2b: Dragonite\n|-damage|p2a: Rillaboom|0 fnt\n|-damage|p2b: Dragonite|0 fnt\n|faint|p2a: Rillaboom\n|faint|p2b: Dragonite\n|move|p1b: Baxcalibur|Dragon Dance|p1b: Baxcalibur\n|-boost|p1b: Baxcalibur|atk|1\n|-boost|p1b: Baxcalibur|spe|1\n|\n|-weather|Snowscape|[upkeep]\n|-heal|p1b: Baxcalibur|28/100|[from] ability: Ice Body\n|-heal|p1b: Baxcalibur|34/100|[from] Grassy Terrain\n|-heal|p1b: Baxcalibur|40/100|[from] item: Leftovers\n|-heal|p1a: Kyurem|82/100|[from] Grassy Terrain\n|-sideend|p1: sylent knight|move: Aurora Veil\n|upkeep\n|j|☆sylent knight\n|inactive|sylent knight reconnected.\n|player|p1|sylent knight|169|\n|inactive|lxq74477 has 90 seconds left.\n|\n|t:|1771141645\n|switch|p2a: Incineroar|Incineroar, M, tera:Bug|93/100\n|switch|p2b: Gholdengo|Gholdengo|100/100\n|-activate|p2b: Gholdengo|move: Sticky Web\n|-unboost|p2b: Gholdengo|spe|1\n|-activate|p2a: Incineroar|move: Sticky Web\n|-unboost|p2a: Incineroar|spe|1\n|-ability|p2a: Incineroar|Intimidate|boost\n|-unboost|p1a: Kyurem|atk|1\n|-unboost|p1b: Baxcalibur|atk|1\n|turn|7\n|\n|t:|1771141660\n|move|p2a: Incineroar|Fake Out|p1a: Kyurem\n|-damage|p1a: Kyurem|74/100\n|move|p1b: Baxcalibur|Icicle Spear|p2a: Incineroar\n|-damage|p2a: Incineroar|81/100\n|-damage|p2a: Incineroar|70/100\n|-damage|p2a: Incineroar|59/100\n|-hitcount|p2a: Incineroar|3\n|cant|p1a: Kyurem|flinch\n|move|p2b: Gholdengo|Nasty Plot|p2b: Gholdengo\n|-boost|p2b: Gholdengo|spa|2\n|\n|-weather|Snowscape|[upkeep]\n|-heal|p1b: Baxcalibur|47/100|[from] ability: Ice Body\n|-heal|p1b: Baxcalibur|53/100|[from] Grassy Terrain\n|-heal|p1b: Baxcalibur|59/100|[from] item: Leftovers\n|-heal|p1a: Kyurem|80/100|[from] Grassy Terrain\n|-heal|p2a: Incineroar|65/100|[from] Grassy Terrain\n|upkeep\n|turn|8\n|inactive|lxq74477 has 90 seconds left.\n|\n|t:|1771141684\n|move|p1b: Baxcalibur|Glaive Rush|p2b: Gholdengo\n|-resisted|p2b: Gholdengo\n|-damage|p2b: Gholdengo|76/100\n|-singlemove|p1b: Baxcalibur|Glaive Rush|[silent]\n|move|p1a: Kyurem|Blizzard|p2a: Incineroar|[spread] p2a,p2b\n|-resisted|p2b: Gholdengo\n|-damage|p2a: Incineroar|7/100\n|-damage|p2b: Gholdengo|30/100\n|move|p2b: Gholdengo|Make It Rain|p1a: Kyurem|[spread] p1a,p1b\n|-supereffective|p1a: Kyurem\n|-supereffective|p1b: Baxcalibur\n|-damage|p1a: Kyurem|0 fnt\n|-damage|p1b: Baxcalibur|0 fnt\n|-unboost|p2b: Gholdengo|spa|1\n|faint|p1a: Kyurem\n|faint|p1b: Baxcalibur\n|move|p2a: Incineroar|Knock Off|p1: Kyurem|[notarget]\n|-fail|p2a: Incineroar\n|\n|-weather|none\n|-heal|p2b: Gholdengo|36/100|[from] Grassy Terrain\n|-heal|p2b: Gholdengo|42/100|[from] item: Leftovers\n|-heal|p2a: Incineroar|13/100|[from] Grassy Terrain\n|upkeep\n|\n|t:|1771141695\n|switch|p1a: Kleavor|Kleavor, M|100/100\n|-damage|p1a: Kleavor|75/100|[from] Stealth Rock\n|turn|9\n|l|☆sylent knight\n|inactive|sylent knight disconnected and has a minute to reconnect!\n|player|p1|\n|j|☆sylent knight\n|inactive|sylent knight reconnected and has 140 seconds left.\n|player|p1|sylent knight|169|\n|\n|t:|1771141711\n|move|p1a: Kleavor|Stone Axe|p2b: Gholdengo\n|-resisted|p2b: Gholdengo\n|-damage|p2b: Gholdengo|21/100\n|-sidestart|p2: lxq74477|move: Stealth Rock\n|move|p2b: Gholdengo|Shadow Ball|p1a: Kleavor\n|-damage|p1a: Kleavor|15/100\n|move|p2a: Incineroar|Knock Off|p1a: Kleavor\n|-damage|p1a: Kleavor|0 fnt\n|-enditem|p1a: Kleavor|Leftovers|[from] move: Knock Off|[of] p2a: Incineroar\n|faint|p1a: Kleavor\n|\n|win|lxq74477\n|raw|sylent knight's rating: 1547 &rarr; <strong>1528</strong><br />(-19 for losing)\n|raw|lxq74477's rating: 1560 &rarr; <strong>1579</strong><br />(+19 for winning)\n|l|☆sylent knight\n|player|p1|\n|l|☆lxq74477\n|player|p2|\n", "uploadtime": 1771141995, "views": 14, "formatid": "gen9doublesou", "rating": 1528, "private": 0, "password": null}