{"id": "gen9doublesou-2540771947", "format": "[Gen 9] Doubles OU", "players": ["Randaz", "Juantimers"], "log": "|j|☆Randaz\n|j|☆Juantimers\n|t:|1771252231\n|gametype|doubles\n|player|p1|Randaz|giovanni|1518\n|player|p2|Juantimers|265|1530\n|gen|9\n|tier|[Gen 9] Doubles OU\n|rated|\n|rule|HP Percentage Mod: HP is shown in percentages\n|rule|Endless Battle Clause: Forcing endless battles is banned\n|rule|Species Clause: Limit one of each Pokémon\n|rule|OHKO Clause: OHKO moves are banned\n|rule|Evasion Moves Clause: Evasion moves are banned\n|rule|Gravity Sleep Clause: The combination of sleep-inducing moves with imperfect accuracy and Gravity or Gigantamax Orbeetle are banned\n|rule|Evasion Abilities Clause: Evasion abilities are banned\n|clearpoke\n|poke|p1|Sableye, M|\n|poke|p1|Rillaboom, M|\n|poke|p1|Garganacl, F|\n|poke|p1|Glimmora, F|\n|poke|p1|Dragonite, M|\n|poke|p1|Kingambit, F|\n|poke|p2|Sneasler, M|\n|poke|p2|Armarouge, M|\n|poke|p2|Indeedee, M|\n|poke|p2|Roaring Moon|\n|poke|p2|Torkoal, F|\n|poke|p2|Walking Wake|\n|teampreview\n|inactive|Battle timer is ON: inactive players will automatically lose when time's up. (requested by Juantimers)\n|\n|t:|1771252241\n|teamsize|p1|6\n|teamsize|p2|6\n|start\n|switch|p1a: Caillou|Glimmora, F|100/100\n|switch|p1b: Fairy Beater|Dragonite, M|100/100\n|switch|p2a: Sneasler|Sneasler, M|100/100\n|switch|p2b: Torkoal|Torkoal, F|100/100\n|-weather|SunnyDay|[from] ability: Drought|[of] p2b: Torkoal\n|turn|1\n|\n|t:|1771252254\n|move|p1a: Caillou|Spiky Shield|p1a: Caillou\n|-singleturn|p1a: Caillou|move: Protect\n|move|p2a: Sneasler|Fake Out|p1b: Fairy Beater\n|-damage|p1b: Fairy Beater|94/100\n|-status|p1b: Fairy Beater|psn|[from] ability: Poison Touch|[of] p2a: Sneasler\n|cant|p1b: Fairy Beater|flinch\n|move|p2b: Torkoal|Stealth Rock|p1a: Caillou\n|-sidestart|p1: Randaz|move: Stealth Rock\n|\n|-weather|SunnyDay|[upkeep]\n|-damage|p1b: Fairy Beater|82/100 psn|[from] psn\n|upkeep\n|turn|2\n|\n|t:|1771252274\n|switch|p2a: Indeedee|Indeedee, M|100/100\n|-fieldstart|move: Psychic Terrain|[from] ability: Psychic Surge|[of] p2a: Indeedee\n|move|p1b: Fairy Beater|Extreme Speed|p2a: Indeedee\n|-activate|p2a: Indeedee|move: Psychic Terrain\n|move|p1a: Caillou|Mortal Spin|p2a: Indeedee|[spread] p2a,p2b\n|-damage|p2a: Indeedee|91/100\n|-damage|p2b: Torkoal|98/100\n|-status|p2a: Indeedee|psn\n|-status|p2b: Torkoal|psn\n|-sideend|p1: Randaz|Stealth Rock|[from] move: Mortal Spin|[of] p1a: Caillou\n|move|p2b: Torkoal|Rapid Spin|p1a: Caillou\n|-resisted|p1a: Caillou\n|-damage|p1a: Caillou|96/100\n|-boost|p2b: Torkoal|spe|1\n|-activate|p1a: Caillou|ability: Toxic Debris\n|-sidestart|p2: Juantimers|move: Toxic Spikes\n|-sideend|p2: Juantimers|Toxic Spikes|[from] move: Rapid Spin|[of] p2b: Torkoal\n|\n|-weather|SunnyDay|[upkeep]\n|-damage|p2a: Indeedee|79/100 psn|[from] psn\n|-damage|p1b: Fairy Beater|69/100 psn|[from] psn\n|-damage|p2b: Torkoal|86/100 psn|[from] psn\n|upkeep\n|turn|3\n|\n|t:|1771252289\n|move|p2a: Indeedee|Expanding Force|p1a: Caillou|[spread] p1a,p1b\n|-supereffective|p1a: Caillou\n|-damage|p1a: Caillou|0 fnt\n|-damage|p1b: Fairy Beater|20/100 psn\n|faint|p1a: Caillou\n|move|p1b: Fairy Beater|Ice Spinner|p2a: Indeedee\n|-damage|p2a: Indeedee|9/100 psn\n|-fieldend|move: Psychic Terrain\n|move|p2b: Torkoal|Stealth Rock|p1b: Fairy Beater\n|-sidestart|p1: Randaz|move: Stealth Rock\n|\n|-weather|SunnyDay|[upkeep]\n|-damage|p2a: Indeedee|0 fnt|[from] psn\n|faint|p2a: Indeedee\n|-damage|p1b: Fairy Beater|8/100 psn|[from] psn\n|-damage|p2b: Torkoal|73/100 psn|[from] psn\n|upkeep\n|\n|t:|1771252305\n|switch|p2a: Sneasler|Sneasler, M|100/100\n|switch|p1a: The pranker|Sableye, M, shiny|100/100\n|-damage|p1a: The pranker|88/100|[from] Stealth Rock\n|turn|4\n|\n|t:|1771252314\n|move|p1b: Fairy Beater|Extreme Speed|p2b: Torkoal\n|-damage|p2b: Torkoal|56/100 psn\n|move|p1a: The pranker|Will-O-Wisp|p2a: Sneasler\n|-status|p2a: Sneasler|brn\n|move|p2a: Sneasler|Dire Claw|p1a: The pranker\n|-resisted|p1a: The pranker\n|-damage|p1a: The pranker|75/100\n|-status|p1a: The pranker|psn|[from] ability: Poison Touch|[of] p2a: Sneasler\n|move|p2b: Torkoal|Burning Jealousy|p1a: The pranker|[spread] p1a,p1b\n|-resisted|p1b: Fairy Beater\n|-damage|p1a: The pranker|46/100 psn\n|-damage|p1b: Fairy Beater|0 fnt\n|faint|p1b: Fairy Beater\n|\n|-weather|SunnyDay|[upkeep]\n|-damage|p1a: The pranker|33/100 psn|[from] psn\n|-damage|p2b: Torkoal|43/100 psn|[from] psn\n|-damage|p2a: Sneasler|95/100 brn|[from] brn\n|upkeep\n|\n|t:|1771252320\n|switch|p1b: The Wall|Garganacl, F|100/100\n|-damage|p1b: The Wall|88/100|[from] Stealth Rock\n|turn|5\n|\n|t:|1771252332\n|-terastallize|p1b: The Wall|Ghost\n|move|p1a: The pranker|Encore|p2b: Torkoal\n|-start|p2b: Torkoal|Encore\n|move|p2a: Sneasler|U-turn|p1a: The pranker\n|-damage|p1a: The pranker|18/100 psn\n|\n|t:|1771252340\n|switch|p2a: Roaring Moon|Roaring Moon|100/100|[from] U-turn\n|-activate|p2a: Roaring Moon|ability: Protosynthesis\n|-start|p2a: Roaring Moon|protosynthesisspe\n|move|p2b: Torkoal|Burning Jealousy|p1b: The Wall|[spread] p1a,p1b\n|-damage|p1a: The pranker|0 fnt\n|-damage|p1b: The Wall|72/100\n|faint|p1a: The pranker\n|move|p1b: The Wall|Iron Defense|p1b: The Wall\n|-boost|p1b: The Wall|def|2\n|\n|-weather|SunnyDay|[upkeep]\n|-heal|p1b: The Wall|78/100|[from] item: Leftovers\n|-damage|p2b: Torkoal|31/100 psn|[from] psn\n|upkeep\n|\n|t:|1771252345\n|switch|p1a: Ozaï|Kingambit, F|100/100\n|-damage|p1a: Ozaï|94/100|[from] Stealth Rock\n|-activate|p1a: Ozaï|ability: Supreme Overlord\n|-start|p1a: Ozaï|fallen3|[silent]\n|turn|6\n|\n|t:|1771252356\n|switch|p2b: Walking Wake|Walking Wake|100/100\n|-activate|p2b: Walking Wake|ability: Protosynthesis\n|-start|p2b: Walking Wake|protosynthesisspe\n|move|p1a: Ozaï|Sucker Punch||[still]\n|-fail|p1a: Ozaï\n|move|p2a: Roaring Moon|Knock Off|p1b: The Wall\n|-supereffective|p1b: The Wall\n|-damage|p1b: The Wall|44/100\n|-enditem|p1b: The Wall|Leftovers|[from] move: Knock Off|[of] p2a: Roaring Moon\n|move|p1b: The Wall|Body Press|p2a: Roaring Moon\n|-supereffective|p2a: Roaring Moon\n|-damage|p2a: Roaring Moon|0 fnt\n|faint|p2a: Roaring Moon\n|-end|p2a: Roaring Moon|Protosynthesis|[silent]\n|\n|-weather|SunnyDay|[upkeep]\n|upkeep\n|\n|t:|1771252364\n|switch|p2a: Sneasler|Sneasler, M|95/100 brn\n|turn|7\n|\n|t:|1771252377\n|move|p1a: Ozaï|Sucker Punch|p2b: Walking Wake\n|-damage|p2b: Walking Wake|33/100\n|move|p2b: Walking Wake|Weather Ball|p1b: The Wall\n|-damage|p1b: The Wall|1/100\n|-damage|p2b: Walking Wake|23/100|[from] item: Life Orb\n|move|p2a: Sneasler|Close Combat|p1a: Ozaï\n|-supereffective|p1a: Ozaï\n|-damage|p1a: Ozaï|5/100\n|-unboost|p2a: Sneasler|def|1\n|-unboost|p2a: Sneasler|spd|1\n|move|p1b: The Wall|Recover|p1b: The Wall\n|-heal|p1b: The Wall|51/100\n|\n|-weather|SunnyDay|[upkeep]\n|-damage|p2a: Sneasler|89/100 brn|[from] brn\n|upkeep\n|turn|8\n|\n|t:|1771252389\n|switch|p2a: Armarouge|Armarouge, M|100/100\n|move|p1a: Ozaï|Sucker Punch|p2b: Walking Wake\n|-crit|p2b: Walking Wake\n|-damage|p2b: Walking Wake|0 fnt\n|faint|p2b: Walking Wake\n|-end|p2b: Walking Wake|Protosynthesis|[silent]\n|move|p1b: The Wall|Recover|p1b: The Wall\n|-heal|p1b: The Wall|100/100\n|\n|-weather|none\n|upkeep\n|\n|t:|1771252391\n|switch|p2b: Sneasler|Sneasler, M|89/100 brn\n|turn|9\n|\n|t:|1771252401\n|move|p2a: Armarouge|Endure|p2a: Armarouge\n|-singleturn|p2a: Armarouge|move: Endure\n|move|p2b: Sneasler|Fake Out|p1a: Ozaï\n|-resisted|p1a: Ozaï\n|-damage|p1a: Ozaï|2/100\n|cant|p1a: Ozaï|flinch\n|move|p1b: The Wall|Salt Cure|p2b: Sneasler\n|-resisted|p2b: Sneasler\n|-damage|p2b: Sneasler|77/100 brn\n|-start|p2b: Sneasler|Salt Cure\n|\n|-damage|p2b: Sneasler|71/100 brn|[from] brn\n|-damage|p2b: Sneasler|58/100 brn|[from] Salt Cure\n|upkeep\n|turn|10\n|\n|t:|1771252411\n|switch|p2b: Torkoal|Torkoal, F|31/100 psn\n|-weather|SunnyDay|[from] ability: Drought|[of] p2b: Torkoal\n|move|p1a: Ozaï|Sucker Punch|p2a: Armarouge\n|-supereffective|p2a: Armarouge\n|-damage|p2a: Armarouge|0 fnt\n|faint|p2a: Armarouge\n|move|p1b: The Wall|Salt Cure|p2b: Torkoal\n|-supereffective|p2b: Torkoal\n|-damage|p2b: Torkoal|15/100 psn\n|-start|p2b: Torkoal|Salt Cure\n|\n|-weather|SunnyDay|[upkeep]\n|-damage|p2b: Torkoal|3/100 psn|[from] psn\n|-damage|p2b: Torkoal|0 fnt|[from] Salt Cure\n|faint|p2b: Torkoal\n|upkeep\n|l|☆Juantimers\n|inactive|Juantimers disconnected and has a minute to reconnect!\n|player|p2|\n|j|☆Juantimers\n|inactive|Juantimers reconnected and has 125 seconds left.\n|player|p2|Juantimers|265|\n|inactive|Juantimers has 120 seconds left.\n|-message|Juantimers forfeited.\n|\n|win|Randaz\n|raw|Randaz's rating: 1518 &rarr; <strong>1539</strong><br />(+21 for winning)\n|raw|Juantimers's rating: 1530 &rarr; <strong>1509</strong><br />(-21 for losing)\n|l|☆Juantimers\n|player|p2|\n|l|☆Randaz\n|player|p1|\n", "uploadtime": 1771252850, "views": 6, "formatid": "gen9doublesou", "rating": 1509, "private": 0, "password": null}