{"id": "gen9doublesou-2540835289", "format": "[Gen 9] Doubles OU", "players": ["GabrieldeCamargos", "inakunana"], "log": "|badge|p2|bronze|gen9doublesou|100-8\n|uhtml|medal-msg|<div class=\"broadcast-blue\">Curious what those medals under the avatar are? PS now has Ladder Seasons! For more information, check out the <a href=\"https://www.smogon.com/forums/threads/3740067/\">thread on Smogon.</a></div>\n|j|☆GabrieldeCamargos\n|j|☆inakunana\n|t:|1771258961\n|gametype|doubles\n|player|p1|GabrieldeCamargos|101|1554\n|player|p2|inakunana|erika|1730\n|gen|9\n|tier|[Gen 9] Doubles OU\n|rated|\n|rule|HP Percentage Mod: HP is shown in percentages\n|rule|Endless Battle Clause: Forcing endless battles is banned\n|rule|Species Clause: Limit one of each Pokémon\n|rule|OHKO Clause: OHKO moves are banned\n|rule|Evasion Moves Clause: Evasion moves are banned\n|rule|Gravity Sleep Clause: The combination of sleep-inducing moves with imperfect accuracy and Gravity or Gigantamax Orbeetle are banned\n|rule|Evasion Abilities Clause: Evasion abilities are banned\n|clearpoke\n|poke|p1|Pelipper, F|\n|poke|p1|Barraskewda, F|\n|poke|p1|Torkoal, F|\n|poke|p1|Ursaluna, M|\n|poke|p1|Amoonguss, F|\n|poke|p1|Farigiraf, M|\n|poke|p2|Iron Crown|\n|poke|p2|Indeedee-F, F|\n|poke|p2|Ogerpon-Hearthflame, F|\n|poke|p2|Ursaluna-Bloodmoon, M|\n|poke|p2|Zapdos-Galar|\n|poke|p2|Roaring Moon|\n|teampreview\n|inactive|Battle timer is ON: inactive players will automatically lose when time's up. (requested by inakunana)\n|\n|t:|1771258976\n|teamsize|p1|6\n|teamsize|p2|6\n|start\n|switch|p1a: Barraskewda|Barraskewda, F, shiny|100/100\n|switch|p1b: Pelipper|Pelipper, F|100/100\n|switch|p2a: sister splinter|Zapdos-Galar|100/100\n|switch|p2b: moorwing|Roaring Moon|100/100\n|-weather|RainDance|[from] ability: Drizzle|[of] p1b: Pelipper\n|-enditem|p2b: moorwing|Booster Energy\n|-activate|p2b: moorwing|ability: Protosynthesis|[fromitem]\n|-start|p2b: moorwing|protosynthesisspe\n|turn|1\n|\n|t:|1771259004\n|move|p1a: Barraskewda|Flip Turn|p2b: moorwing\n|-resisted|p2b: moorwing\n|-damage|p2b: moorwing|51/100\n|\n|t:|1771259008\n|switch|p1a: Amoonguss|Amoonguss, F, shiny|100/100|[from] Flip Turn\n|move|p2b: moorwing|Tailwind|p2b: moorwing\n|-sidestart|p2: inakunana|move: Tailwind\n|move|p2a: sister splinter|U-turn|p1b: Pelipper\n|-resisted|p1b: Pelipper\n|-damage|p1b: Pelipper|91/100\n|\n|t:|1771259019\n|switch|p2a: cogwork dancer|Iron Crown|100/100|[from] U-turn\n|-enditem|p2a: cogwork dancer|Booster Energy\n|-activate|p2a: cogwork dancer|ability: Quark Drive|[fromitem]\n|-start|p2a: cogwork dancer|quarkdrivespe\n|move|p1b: Pelipper|Hurricane|p2a: cogwork dancer\n|-resisted|p2a: cogwork dancer\n|-damage|p2a: cogwork dancer|83/100\n|\n|-weather|RainDance|[upkeep]\n|upkeep\n|turn|2\n|\n|t:|1771259039\n|-terastallize|p1a: Amoonguss|Dark\n|move|p1b: Pelipper|Protect|p1b: Pelipper\n|-singleturn|p1b: Pelipper|Protect\n|move|p2b: moorwing|Knock Off|p1a: Amoonguss\n|-resisted|p1a: Amoonguss\n|-damage|p1a: Amoonguss|75/100\n|-enditem|p1a: Amoonguss|Black Sludge|[from] move: Knock Off|[of] p2b: moorwing\n|move|p2a: cogwork dancer|Expanding Force|p1a: Amoonguss\n|-immune|p1a: Amoonguss\n|move|p1a: Amoonguss|Spore|p2a: cogwork dancer\n|-status|p2a: cogwork dancer|slp|[from] move: Spore\n|\n|-weather|RainDance|[upkeep]\n|upkeep\n|turn|3\n|inactive|inakunana has 120 seconds left.\n|\n|t:|1771259071\n|-end|p2a: cogwork dancer|Quark Drive|[silent]\n|switch|p2a: sister splinter|Zapdos-Galar|100/100\n|switch|p1b: Barraskewda|Barraskewda, F, shiny|100/100\n|move|p2b: moorwing|Protect|p2b: moorwing\n|-singleturn|p2b: moorwing|Protect\n|move|p1a: Amoonguss|Spore|p2b: moorwing\n|-activate|p2b: moorwing|move: Protect\n|\n|-weather|RainDance|[upkeep]\n|upkeep\n|turn|4\n|\n|t:|1771259087\n|move|p1a: Amoonguss|Protect|p1a: Amoonguss\n|-singleturn|p1a: Amoonguss|Protect\n|move|p2b: moorwing|Breaking Swipe|p1a: Amoonguss|[spread] p1b\n|-activate|p1a: Amoonguss|move: Protect\n|-damage|p1b: Barraskewda|54/100\n|-unboost|p1b: Barraskewda|atk|1\n|move|p2a: sister splinter|Close Combat|p1a: Amoonguss\n|-activate|p1a: Amoonguss|move: Protect\n|move|p1b: Barraskewda|Liquidation|p2a: sister splinter\n|-damage|p2a: sister splinter|28/100\n|-unboost|p2a: sister splinter|def|1\n|-ability|p2a: sister splinter|Defiant|boost\n|-boost|p2a: sister splinter|atk|2\n|\n|-weather|RainDance|[upkeep]\n|-sideend|p2: inakunana|move: Tailwind\n|upkeep\n|turn|5\n|\n|t:|1771259108\n|-end|p2b: moorwing|Protosynthesis|[silent]\n|switch|p2b: last judge|Ogerpon-Hearthflame, F|100/100\n|-ability|p2b: last judge|Mold Breaker\n|move|p1b: Barraskewda|Liquidation|p2a: sister splinter\n|-damage|p2a: sister splinter|0 fnt\n|faint|p2a: sister splinter\n|move|p1a: Amoonguss|Spore|p2b: last judge\n|-immune|p2b: last judge\n|\n|-weather|RainDance|[upkeep]\n|upkeep\n|\n|t:|1771259121\n|switch|p2a: grandmother silk|Indeedee-F, F|100/100\n|-fieldstart|move: Psychic Terrain|[from] ability: Psychic Surge|[of] p2a: grandmother silk\n|turn|6\n|\n|t:|1771259129\n|move|p2a: grandmother silk|Follow Me|p2a: grandmother silk\n|-singleturn|p2a: grandmother silk|move: Follow Me\n|move|p1b: Barraskewda|Liquidation|p2a: grandmother silk\n|-damage|p2a: grandmother silk|26/100\n|-damage|p1b: Barraskewda|37/100|[from] item: Rocky Helmet|[of] p2a: grandmother silk\n|move|p2b: last judge|Wood Hammer|p1a: Amoonguss\n|-damage|p1a: Amoonguss|4/100\n|-damage|p2b: last judge|70/100|[from] Recoil\n|move|p1a: Amoonguss|Spore|p2a: grandmother silk\n|-status|p2a: grandmother silk|slp|[from] move: Spore\n|\n|-weather|RainDance|[upkeep]\n|upkeep\n|turn|7\n|\n|t:|1771259155\n|switch|p1b: Farigiraf|Farigiraf, M, shiny|100/100\n|switch|p1a: Torkoal|Torkoal, F, shiny|100/100\n|-weather|SunnyDay|[from] ability: Drought|[of] p1a: Torkoal\n|move|p2b: last judge|Spiky Shield|p2b: last judge\n|-singleturn|p2b: last judge|move: Protect\n|cant|p2a: grandmother silk|slp\n|\n|-weather|SunnyDay|[upkeep]\n|upkeep\n|turn|8\n|\n|t:|1771259174\n|switch|p2a: moorwing|Roaring Moon|51/100\n|-activate|p2a: moorwing|ability: Protosynthesis\n|-start|p2a: moorwing|protosynthesisspe\n|-terastallize|p2b: last judge|Fire\n|detailschange|p2b: last judge|Ogerpon-Hearthflame-Tera, F, tera:Fire\n|-ability|p2b: last judge|Embody Aspect (Hearthflame)|boost\n|-boost|p2b: last judge|atk|1\n|move|p2b: last judge|Ivy Cudgel|p1b: Farigiraf|[anim] Ivy Cudgel Fire\n|-enditem|p1b: Farigiraf|Focus Sash\n|-damage|p1b: Farigiraf|1/100\n|move|p1a: Torkoal|Eruption|p2a: moorwing|[spread] p2a,p2b\n|-resisted|p2a: moorwing\n|-resisted|p2b: last judge\n|-damage|p2a: moorwing|19/100\n|-damage|p2b: last judge|32/100\n|move|p1b: Farigiraf|Trick Room|p1b: Farigiraf\n|-fieldstart|move: Trick Room|[of] p1b: Farigiraf\n|\n|-weather|SunnyDay|[upkeep]\n|upkeep\n|turn|9\n|\n|t:|1771259195\n|move|p1a: Torkoal|Eruption|p2a: moorwing|[spread] p2a,p2b\n|-resisted|p2a: moorwing\n|-crit|p2a: moorwing\n|-resisted|p2b: last judge\n|-damage|p2a: moorwing|0 fnt\n|-damage|p2b: last judge|0 fnt\n|faint|p2a: moorwing\n|-end|p2a: moorwing|Protosynthesis|[silent]\n|faint|p2b: last judge\n|detailschange|p2: last judge|Ogerpon-Hearthflame, F|[silent]\n|move|p1b: Farigiraf|Hyper Voice|p2: moorwing|[notarget]\n|-fail|p1b: Farigiraf\n|\n|-weather|SunnyDay|[upkeep]\n|upkeep\n|\n|t:|1771259200\n|switch|p2b: bell beast|Ursaluna-Bloodmoon, M|100/100\n|switch|p2a: grandmother silk|Indeedee-F, F|26/100 slp\n|turn|10\n|\n|t:|1771259212\n|-curestatus|p2a: grandmother silk|slp|[msg]\n|move|p2a: grandmother silk|Follow Me|p2a: grandmother silk\n|-singleturn|p2a: grandmother silk|move: Follow Me\n|move|p1a: Torkoal|Eruption|p2a: grandmother silk|[spread] p2a,p2b\n|-damage|p2a: grandmother silk|0 fnt\n|-damage|p2b: bell beast|42/100\n|faint|p2a: grandmother silk\n|move|p1b: Farigiraf|Psychic|p2b: bell beast\n|-damage|p2b: bell beast|0 fnt\n|faint|p2b: bell beast\n|\n|-weather|SunnyDay|[upkeep]\n|-fieldend|move: Psychic Terrain\n|upkeep\n|\n|t:|1771259219\n|switch|p2b: cogwork dancer|Iron Crown|83/100 slp\n|turn|11\n|\n|t:|1771259230\n|move|p1a: Torkoal|Eruption|p2b: cogwork dancer\n|-supereffective|p2b: cogwork dancer\n|-damage|p2b: cogwork dancer|0 fnt\n|faint|p2b: cogwork dancer\n|-end|p2b: cogwork dancer|Quark Drive|[silent]\n|\n|win|GabrieldeCamargos\n|raw|GabrieldeCamargos's rating: 1554 &rarr; <strong>1583</strong><br />(+29 for winning)\n|raw|inakunana's rating: 1730 &rarr; <strong>1701</strong><br />(-29 for losing)\n|c|☆inakunana|vai se foder mlk\n|c|☆inakunana|sash farigiraf\n|c|☆inakunana|doente\n|l|☆GabrieldeCamargos\n|player|p1|\n", "uploadtime": 1771259239, "views": 6, "formatid": "gen9doublesou", "rating": 1583, "private": 0, "password": null}