{"id": "gen9doublesou-2640025478", "format": "[Gen 9] Doubles OU", "players": ["kanuop", "enderbaby123"], "log": "|j|☆kanuop\n|j|‽enderbaby123\n|t:|1782565941\n|gametype|doubles\n|player|p1|kanuop|biker|1541\n|player|p2|enderbaby123|170|1787\n|gen|9\n|tier|[Gen 9] Doubles OU\n|rated|\n|rule|HP Percentage Mod: HP is shown in percentages\n|rule|Endless Battle Clause: Forcing endless battles is banned\n|rule|Species Clause: Limit one of each Pokémon\n|rule|OHKO Clause: OHKO moves are banned\n|rule|Evasion Moves Clause: Evasion moves are banned\n|rule|Gravity Sleep Clause: The combination of sleep-inducing moves with imperfect accuracy and Gravity or Gigantamax Orbeetle are banned\n|rule|Evasion Abilities Clause: Evasion abilities are banned\n|clearpoke\n|poke|p1|Ursaluna, M|\n|poke|p1|Incineroar, M|\n|poke|p1|Bronzong|\n|poke|p1|Sinistcha|\n|poke|p1|Ogerpon-Wellspring, F|\n|poke|p1|Raging Bolt|\n|poke|p2|Chien-Pao|\n|poke|p2|Blastoise, F|\n|poke|p2|Pelipper, M|\n|poke|p2|Landorus, M|\n|poke|p2|Farigiraf, M|\n|poke|p2|Tornadus, M|\n|teampreview\n|inactive|Battle timer is ON: inactive players will automatically lose when time's up. (requested by kanuop)\n|\n|t:|1782565955\n|teamsize|p1|6\n|teamsize|p2|6\n|start\n|switch|p1a: Leave|Incineroar, M, shiny|100/100\n|switch|p1b: Blue|Bronzong, shiny|100/100\n|switch|p2a: Tornadus|Tornadus, M|100/100\n|switch|p2b: Pelipper|Pelipper, M|100/100\n|-ability|p1a: Leave|Intimidate|boost\n|-unboost|p2a: Tornadus|atk|1\n|-unboost|p2b: Pelipper|atk|1\n|-weather|RainDance|[from] ability: Drizzle|[of] p2b: Pelipper\n|turn|1\n|\n|t:|1782565972\n|switch|p2a: Farigiraf|Farigiraf, M|100/100\n|move|p1a: Leave|Fake Out||[still]\n|cant|p2a: Farigiraf|ability: Armor Tail|Fake Out|[of] p1a: Leave\n|move|p2b: Pelipper|Weather Ball|p1a: Leave\n|-supereffective|p1a: Leave\n|-damage|p1a: Leave|10/100\n|move|p1b: Blue|Trick Room|p1b: Blue\n|-fieldstart|move: Trick Room|[of] p1b: Blue\n|\n|-weather|RainDance|[upkeep]\n|upkeep\n|turn|2\n|\n|t:|1782565988\n|move|p1b: Blue|Iron Defense|p1b: Blue\n|-boost|p1b: Blue|def|2\n|move|p2b: Pelipper|Weather Ball|p1b: Blue\n|-damage|p1b: Blue|53/100\n|move|p1a: Leave|U-turn|p2a: Farigiraf\n|-supereffective|p2a: Farigiraf\n|-damage|p2a: Farigiraf|62/100\n|\n|t:|1782565996\n|switch|p1a: Sandy|Ursaluna, M, shiny|100/100|[from] U-turn\n|move|p2a: Farigiraf|Trick Room|p2a: Farigiraf\n|-fieldend|move: Trick Room\n|\n|-weather|RainDance|[upkeep]\n|-heal|p2a: Farigiraf|68/100|[from] item: Leftovers\n|-heal|p1b: Blue|59/100|[from] item: Leftovers\n|-status|p1a: Sandy|brn|[from] item: Flame Orb\n|upkeep\n|turn|3\n|\n|t:|1782566008\n|move|p2a: Farigiraf|Helping Hand|p2b: Pelipper\n|-singleturn|p2b: Pelipper|Helping Hand|[of] p2a: Farigiraf\n|move|p1a: Sandy|Protect|p1a: Sandy\n|-singleturn|p1a: Sandy|Protect\n|move|p2b: Pelipper|Weather Ball|p1b: Blue\n|-damage|p1b: Blue|0 fnt\n|faint|p1b: Blue\n|\n|-weather|RainDance|[upkeep]\n|-heal|p2a: Farigiraf|74/100|[from] item: Leftovers\n|-damage|p1a: Sandy|94/100 brn|[from] brn\n|upkeep\n|\n|t:|1782566018\n|switch|p1b: Ghost|Sinistcha, shiny|100/100\n|-heal|p1a: Sandy|100/100 brn|[from] ability: Hospitality|[of] p1b: Ghost\n|turn|4\n|\n|t:|1782566024\n|-terastallize|p1a: Sandy|Grass\n|move|p2a: Farigiraf|Helping Hand|p2b: Pelipper\n|-singleturn|p2b: Pelipper|Helping Hand|[of] p2a: Farigiraf\n|move|p2b: Pelipper|Hurricane|p1b: Ghost\n|-supereffective|p1b: Ghost\n|-damage|p1b: Ghost|0 fnt\n|faint|p1b: Ghost\n|move|p1a: Sandy|Facade|p2b: Pelipper\n|-damage|p2b: Pelipper|0 fnt\n|faint|p2b: Pelipper\n|\n|-weather|RainDance|[upkeep]\n|-heal|p2a: Farigiraf|80/100|[from] item: Leftovers\n|-damage|p1a: Sandy|94/100 brn|[from] brn\n|upkeep\n|\n|t:|1782566044\n|switch|p1b: Child|Ogerpon-Wellspring, F|100/100\n|switch|p2b: Tornadus|Tornadus, M|100/100\n|turn|5\n|\n|t:|1782566060\n|move|p2a: Farigiraf|Helping Hand|p2b: Tornadus\n|-singleturn|p2b: Tornadus|Helping Hand|[of] p2a: Farigiraf\n|move|p1b: Child|Spiky Shield|p1b: Child\n|-singleturn|p1b: Child|move: Protect\n|move|p2b: Tornadus|Bleakwind Storm|p1b: Child|[spread] p1a\n|-activate|p1b: Child|move: Protect\n|-supereffective|p1a: Sandy\n|-damage|p1a: Sandy|0 fnt\n|faint|p1a: Sandy\n|\n|-weather|RainDance|[upkeep]\n|-heal|p2a: Farigiraf|86/100|[from] item: Leftovers\n|upkeep\n|\n|t:|1782566068\n|switch|p1a: Leave|Incineroar, M, shiny|10/100\n|-ability|p1a: Leave|Intimidate|boost\n|-unboost|p2a: Farigiraf|atk|1\n|-unboost|p2b: Tornadus|atk|1\n|turn|6\n|\n|t:|1782566078\n|move|p2a: Farigiraf|Helping Hand|p2b: Tornadus\n|-singleturn|p2b: Tornadus|Helping Hand|[of] p2a: Farigiraf\n|move|p2b: Tornadus|Bleakwind Storm|p1a: Leave|[spread] p1a,p1b\n|-supereffective|p1b: Child\n|-damage|p1a: Leave|0 fnt\n|-damage|p1b: Child|0 fnt\n|faint|p1a: Leave\n|faint|p1b: Child\n|\n|-weather|RainDance|[upkeep]\n|-heal|p2a: Farigiraf|92/100|[from] item: Leftovers\n|upkeep\n|-message|kanuop forfeited.\n|\n|win|enderbaby123\n|raw|kanuop's rating: 1541 &rarr; <strong>1533</strong><br />(-8 for losing)\n|raw|enderbaby123's rating: 1787 &rarr; <strong>1795</strong><br />(+8 for winning)\n|l|☆kanuop\n|player|p1|\n|l|‽enderbaby123\n|player|p2|\n", "uploadtime": 1782566354, "views": 2, "formatid": "gen9doublesou", "rating": 1533, "private": 0, "password": null}