{"id": "gen9doublesou-2540486613", "format": "[Gen 9] Doubles OU", "players": ["freezingfrostblizz", "ismelllikesocksbro"], "log": "|j|☆freezingfrostblizz\n|j|☆ismelllikesocksbro\n|t:|1771208064\n|gametype|doubles\n|player|p1|freezingfrostblizz|candice|1593\n|player|p2|ismelllikesocksbro|dancer|1626\n|gen|9\n|tier|[Gen 9] Doubles OU\n|rated|\n|rule|HP Percentage Mod: HP is shown in percentages\n|rule|Endless Battle Clause: Forcing endless battles is banned\n|rule|Species Clause: Limit one of each Pokémon\n|rule|OHKO Clause: OHKO moves are banned\n|rule|Evasion Moves Clause: Evasion moves are banned\n|rule|Gravity Sleep Clause: The combination of sleep-inducing moves with imperfect accuracy and Gravity or Gigantamax Orbeetle are banned\n|rule|Evasion Abilities Clause: Evasion abilities are banned\n|clearpoke\n|poke|p1|Iron Bundle|\n|poke|p1|Baxcalibur, M|\n|poke|p1|Articuno|\n|poke|p1|Avalugg-Hisui, M|\n|poke|p1|Suicune|\n|poke|p1|Ninetales-Alola, M|\n|poke|p2|Chien-Pao|\n|poke|p2|Raging Bolt|\n|poke|p2|Incineroar, F|\n|poke|p2|Rillaboom, M|\n|poke|p2|Ogerpon-Hearthflame, F|\n|poke|p2|Landorus, M|\n|teampreview\n|inactive|Battle timer is ON: inactive players will automatically lose when time's up. (requested by ismelllikesocksbro)\n|\n|t:|1771208077\n|teamsize|p1|6\n|teamsize|p2|6\n|start\n|switch|p1a: Ninetales|Ninetales-Alola, M|100/100\n|switch|p1b: Baxcalibur|Baxcalibur, M|100/100\n|switch|p2a: Chien-Pao|Chien-Pao, shiny|100/100\n|switch|p2b: Incineroar|Incineroar, F|100/100\n|-ability|p2a: Chien-Pao|Sword of Ruin\n|-weather|Snowscape|[from] ability: Snow Warning|[of] p1a: Ninetales\n|-ability|p2b: Incineroar|Intimidate|boost\n|-unboost|p1a: Ninetales|atk|1\n|-fail|p1b: Baxcalibur|unboost|[from] item: Clear Amulet|[of] p1b: Baxcalibur\n|turn|1\n|\n|t:|1771208094\n|switch|p1a: Articuno|Articuno, shiny|100/100\n|-ability|p1a: Articuno|Pressure\n|move|p2a: Chien-Pao|Icy Wind|p1a: Articuno|[spread] p1a,p1b\n|-damage|p1a: Articuno|92/100\n|-damage|p1b: Baxcalibur|89/100\n|-unboost|p1a: Articuno|spe|1\n|move|p1b: Baxcalibur|Iron Head|p2a: Chien-Pao\n|-supereffective|p2a: Chien-Pao\n|-damage|p2a: Chien-Pao|39/100\n|move|p2b: Incineroar|Will-O-Wisp|p1b: Baxcalibur\n|-immune|p1b: Baxcalibur|[from] ability: Thermal Exchange\n|\n|-weather|Snowscape|[upkeep]\n|upkeep\n|turn|2\n|\n|t:|1771208126\n|-terastallize|p1a: Articuno|Fire\n|move|p2a: Chien-Pao|Protect|p2a: Chien-Pao\n|-singleturn|p2a: Chien-Pao|Protect\n|move|p1b: Baxcalibur|Dragon Dance|p1b: Baxcalibur\n|-boost|p1b: Baxcalibur|atk|1\n|-boost|p1b: Baxcalibur|spe|1\n|move|p2b: Incineroar|Knock Off|p1b: Baxcalibur\n|-damage|p1b: Baxcalibur|62/100\n|-enditem|p1b: Baxcalibur|Clear Amulet|[from] move: Knock Off|[of] p2b: Incineroar\n|move|p1a: Articuno|Tera Blast|p2a: Chien-Pao|[anim] Tera Blast Fire\n|-activate|p2a: Chien-Pao|move: Protect\n|\n|-weather|Snowscape|[upkeep]\n|upkeep\n|turn|3\n|j| traceyscetchit\n|\n|t:|1771208142\n|move|p2a: Chien-Pao|Icy Wind|p1a: Articuno|[spread] p1a\n|-miss|p2a: Chien-Pao|p1b: Baxcalibur\n|-resisted|p1a: Articuno\n|-crit|p1a: Articuno\n|-damage|p1a: Articuno|86/100\n|-unboost|p1a: Articuno|spe|1\n|move|p1b: Baxcalibur|Glaive Rush|p2b: Incineroar\n|-damage|p2b: Incineroar|0 fnt\n|-singlemove|p1b: Baxcalibur|Glaive Rush|[silent]\n|faint|p2b: Incineroar\n|move|p1a: Articuno|Tera Blast|p2a: Chien-Pao|[anim] Tera Blast Fire\n|-supereffective|p2a: Chien-Pao\n|-damage|p2a: Chien-Pao|0 fnt\n|faint|p2a: Chien-Pao\n|\n|-weather|Snowscape|[upkeep]\n|upkeep\n|\n|t:|1771208152\n|switch|p2a: Raging Bolt|Raging Bolt|100/100\n|switch|p2b: Rillaboom|Rillaboom, M|100/100\n|-fieldstart|move: Grassy Terrain|[from] ability: Grassy Surge|[of] p2b: Rillaboom\n|turn|4\n|\n|t:|1771208162\n|move|p2b: Rillaboom|Fake Out|p1b: Baxcalibur\n|-damage|p1b: Baxcalibur|45/100\n|cant|p1b: Baxcalibur|flinch\n|move|p2a: Raging Bolt|Calm Mind|p2a: Raging Bolt\n|-boost|p2a: Raging Bolt|spa|1\n|-boost|p2a: Raging Bolt|spd|1\n|move|p1a: Articuno|Freeze-Dry|p2b: Rillaboom\n|-supereffective|p2b: Rillaboom\n|-damage|p2b: Rillaboom|70/100\n|-status|p2b: Rillaboom|frz\n|\n|-weather|Snowscape|[upkeep]\n|-heal|p1b: Baxcalibur|52/100|[from] Grassy Terrain\n|-heal|p2b: Rillaboom|76/100 frz|[from] Grassy Terrain\n|-heal|p1a: Articuno|92/100|[from] Grassy Terrain\n|upkeep\n|turn|5\n|\n|t:|1771208177\n|-terastallize|p2a: Raging Bolt|Fairy\n|move|p1b: Baxcalibur|Ice Shard|p2a: Raging Bolt\n|-damage|p2a: Raging Bolt|73/100\n|-curestatus|p2b: Rillaboom|frz|[msg]\n|move|p2b: Rillaboom|Wood Hammer|p1a: Articuno\n|-resisted|p1a: Articuno\n|-damage|p1a: Articuno|61/100\n|-damage|p2b: Rillaboom|60/100|[from] item: Rocky Helmet|[of] p1a: Articuno\n|-damage|p2b: Rillaboom|52/100|[from] Recoil\n|move|p2a: Raging Bolt|Dragon Pulse|p1b: Baxcalibur\n|-supereffective|p1b: Baxcalibur\n|-damage|p1b: Baxcalibur|0 fnt\n|faint|p1b: Baxcalibur\n|move|p1a: Articuno|Freeze-Dry|p2a: Raging Bolt\n|-damage|p2a: Raging Bolt|60/100\n|\n|-weather|none\n|-heal|p2b: Rillaboom|58/100|[from] Grassy Terrain\n|-heal|p2a: Raging Bolt|66/100|[from] Grassy Terrain\n|-heal|p2a: Raging Bolt|73/100|[from] item: Leftovers\n|-heal|p1a: Articuno|67/100|[from] Grassy Terrain\n|upkeep\n|\n|t:|1771208200\n|switch|p1b: Ninetales|Ninetales-Alola, M|100/100\n|-weather|Snowscape|[from] ability: Snow Warning|[of] p1b: Ninetales\n|turn|6\n|\n|t:|1771208205\n|move|p1b: Ninetales|Aurora Veil|p1b: Ninetales\n|-sidestart|p1: freezingfrostblizz|move: Aurora Veil\n|move|p2b: Rillaboom|Wood Hammer|p1b: Ninetales\n|-damage|p1b: Ninetales|44/100\n|-damage|p2b: Rillaboom|45/100|[from] Recoil\n|move|p2a: Raging Bolt|Calm Mind|p2a: Raging Bolt\n|-boost|p2a: Raging Bolt|spa|1\n|-boost|p2a: Raging Bolt|spd|1\n|move|p1a: Articuno|Haze|p1a: Articuno\n|-clearallboost\n|\n|-weather|Snowscape|[upkeep]\n|-heal|p1b: Ninetales|50/100|[from] Grassy Terrain\n|-heal|p2b: Rillaboom|51/100|[from] Grassy Terrain\n|-heal|p2a: Raging Bolt|79/100|[from] Grassy Terrain\n|-heal|p2a: Raging Bolt|85/100|[from] item: Leftovers\n|-heal|p1a: Articuno|73/100|[from] Grassy Terrain\n|upkeep\n|turn|7\n|\n|t:|1771208218\n|move|p2b: Rillaboom|Grassy Glide|p1b: Ninetales\n|-damage|p1b: Ninetales|27/100\n|move|p2a: Raging Bolt|Thunderclap|p1b: Ninetales\n|-damage|p1b: Ninetales|0 fnt\n|faint|p1b: Ninetales\n|move|p1a: Articuno|Tera Blast|p2a: Raging Bolt|[anim] Tera Blast Fire\n|-damage|p2a: Raging Bolt|64/100\n|\n|-weather|Snowscape|[upkeep]\n|-heal|p2b: Rillaboom|57/100|[from] Grassy Terrain\n|-heal|p2a: Raging Bolt|70/100|[from] Grassy Terrain\n|-heal|p2a: Raging Bolt|76/100|[from] item: Leftovers\n|-heal|p1a: Articuno|80/100|[from] Grassy Terrain\n|upkeep\n|\n|t:|1771208231\n|switch|p1b: Avalugg|Avalugg-Hisui, M|100/100\n|turn|8\n|j| thepokemonuploads\n|\n|t:|1771208242\n|switch|p2b: Landorus|Landorus, M|100/100\n|move|p2a: Raging Bolt|Calm Mind|p2a: Raging Bolt\n|-boost|p2a: Raging Bolt|spa|1\n|-boost|p2a: Raging Bolt|spd|1\n|move|p1a: Articuno|Tera Blast|p2b: Landorus|[anim] Tera Blast Fire\n|-crit|p2b: Landorus\n|-damage|p2b: Landorus|46/100\n|move|p1b: Avalugg|Ice Spinner|p2a: Raging Bolt\n|-damage|p2a: Raging Bolt|48/100\n|-fieldend|move: Grassy Terrain\n|\n|-weather|Snowscape|[upkeep]\n|-heal|p2a: Raging Bolt|54/100|[from] item: Leftovers\n|upkeep\n|turn|9\n|\n|t:|1771208258\n|move|p1b: Avalugg|Wide Guard|p1b: Avalugg\n|-singleturn|p1b: Avalugg|Wide Guard\n|move|p2b: Landorus|Earth Power|p1a: Articuno\n|-supereffective|p1a: Articuno\n|-damage|p1a: Articuno|13/100\n|move|p2a: Raging Bolt|Dragon Pulse|p1b: Avalugg\n|-damage|p1b: Avalugg|16/100\n|move|p1a: Articuno|Freeze-Dry|p2b: Landorus\n|-supereffective|p2b: Landorus\n|-damage|p2b: Landorus|0 fnt\n|faint|p2b: Landorus\n|\n|-weather|Snowscape|[upkeep]\n|-heal|p2a: Raging Bolt|60/100|[from] item: Leftovers\n|upkeep\n|\n|t:|1771208269\n|switch|p2b: Rillaboom|Rillaboom, M|57/100\n|-fieldstart|move: Grassy Terrain|[from] ability: Grassy Surge|[of] p2b: Rillaboom\n|turn|10\n|\n|t:|1771208276\n|move|p2b: Rillaboom|Fake Out|p1a: Articuno\n|-crit|p1a: Articuno\n|-damage|p1a: Articuno|0 fnt\n|-damage|p2b: Rillaboom|40/100|[from] item: Rocky Helmet|[of] p1a: Articuno\n|faint|p1a: Articuno\n|move|p2a: Raging Bolt|Calm Mind|p2a: Raging Bolt\n|-boost|p2a: Raging Bolt|spa|1\n|-boost|p2a: Raging Bolt|spd|1\n|move|p1b: Avalugg|Ice Spinner|p2b: Rillaboom\n|-supereffective|p2b: Rillaboom\n|-damage|p2b: Rillaboom|0 fnt\n|-fieldend|move: Grassy Terrain\n|faint|p2b: Rillaboom\n|\n|-weather|none\n|-heal|p2a: Raging Bolt|66/100|[from] item: Leftovers\n|upkeep\n|\n|t:|1771208293\n|switch|p2b: Ogerpon|Ogerpon-Hearthflame, F|100/100\n|switch|p1a: Iron Bundle|Iron Bundle|100/100\n|-ability|p2b: Ogerpon|Mold Breaker\n|-enditem|p1a: Iron Bundle|Booster Energy\n|-activate|p1a: Iron Bundle|ability: Quark Drive|[fromitem]\n|-start|p1a: Iron Bundle|quarkdrivespe\n|turn|11\n|\n|t:|1771208303\n|move|p2b: Ogerpon|Spiky Shield|p2b: Ogerpon\n|-singleturn|p2b: Ogerpon|move: Protect\n|move|p2a: Raging Bolt|Thunderclap|p1a: Iron Bundle\n|-supereffective|p1a: Iron Bundle\n|-damage|p1a: Iron Bundle|0 fnt\n|faint|p1a: Iron Bundle\n|-end|p1a: Iron Bundle|Quark Drive|[silent]\n|move|p1b: Avalugg|Ice Spinner|p2b: Ogerpon\n|-activate|p2b: Ogerpon|move: Protect\n|-damage|p1b: Avalugg|4/100|[from] Spiky Shield|[of] p2b: Ogerpon\n|\n|-heal|p2a: Raging Bolt|72/100|[from] item: Leftovers\n|upkeep\n|\n|t:|1771208306\n|switch|p1a: Suicune|Suicune, shiny|100/100\n|-ability|p1a: Suicune|Pressure\n|turn|12\n|\n|t:|1771208318\n|move|p2b: Ogerpon|Focus Energy|p2b: Ogerpon\n|-start|p2b: Ogerpon|move: Focus Energy\n|move|p2a: Raging Bolt|Dragon Pulse|p1b: Avalugg\n|-damage|p1b: Avalugg|0 fnt\n|faint|p1b: Avalugg\n|move|p1a: Suicune|Calm Mind|p1a: Suicune\n|-boost|p1a: Suicune|spa|1\n|-boost|p1a: Suicune|spd|1\n|\n|-heal|p2a: Raging Bolt|78/100|[from] item: Leftovers\n|upkeep\n|turn|13\n|\n|t:|1771208327\n|move|p2b: Ogerpon|Grassy Glide|p1a: Suicune\n|-supereffective|p1a: Suicune\n|-damage|p1a: Suicune|62/100\n|move|p2a: Raging Bolt|Calm Mind|p2a: Raging Bolt\n|-boost|p2a: Raging Bolt|spa|1\n|-boost|p2a: Raging Bolt|spd|1\n|move|p1a: Suicune|Calm Mind|p1a: Suicune\n|-boost|p1a: Suicune|spa|1\n|-boost|p1a: Suicune|spd|1\n|\n|-heal|p2a: Raging Bolt|84/100|[from] item: Leftovers\n|-heal|p1a: Suicune|68/100|[from] item: Leftovers\n|-sideend|p1: freezingfrostblizz|move: Aurora Veil\n|upkeep\n|turn|14\n|\n|t:|1771208336\n|move|p2b: Ogerpon|Grassy Glide|p1a: Suicune\n|-supereffective|p1a: Suicune\n|-damage|p1a: Suicune|7/100\n|move|p2a: Raging Bolt|Calm Mind|p2a: Raging Bolt\n|-boost|p2a: Raging Bolt|spa|1\n|-boost|p2a: Raging Bolt|spd|1\n|move|p1a: Suicune|Ice Beam|p2b: Ogerpon\n|-damage|p2b: Ogerpon|47/100\n|\n|-heal|p2a: Raging Bolt|90/100|[from] item: Leftovers\n|-heal|p1a: Suicune|13/100|[from] item: Leftovers\n|upkeep\n|turn|15\n|\n|t:|1771208348\n|move|p2b: Ogerpon|Grassy Glide|p1a: Suicune\n|-supereffective|p1a: Suicune\n|-crit|p1a: Suicune\n|-damage|p1a: Suicune|0 fnt\n|faint|p1a: Suicune\n|\n|win|ismelllikesocksbro\n|raw|freezingfrostblizz's rating: 1593 &rarr; <strong>1575</strong><br />(-18 for losing)\n|raw|ismelllikesocksbro's rating: 1626 &rarr; <strong>1644</strong><br />(+18 for winning)\n|c|☆ismelllikesocksbro|Ggs\n|l|☆freezingfrostblizz\n|player|p1|\n|l|☆ismelllikesocksbro\n|player|p2|\n|l| thepokemonuploads\n", "uploadtime": 1771208616, "views": 14, "formatid": "gen9doublesou", "rating": 1575, "private": 0, "password": null}