{"id": "gen9doublesou-2540208996", "format": "[Gen 9] Doubles OU", "players": ["Leriskato", "TirTire"], "log": "|j|☆Leriskato\n|j|☆TirTire\n|t:|1771176019\n|gametype|doubles\n|player|p1|Leriskato|hoopster|1566\n|player|p2|TirTire|bugcatcher-gen4dp|1590\n|gen|9\n|tier|[Gen 9] Doubles OU\n|rated|\n|rule|HP Percentage Mod: HP is shown in percentages\n|rule|Endless Battle Clause: Forcing endless battles is banned\n|rule|Species Clause: Limit one of each Pokémon\n|rule|OHKO Clause: OHKO moves are banned\n|rule|Evasion Moves Clause: Evasion moves are banned\n|rule|Gravity Sleep Clause: The combination of sleep-inducing moves with imperfect accuracy and Gravity or Gigantamax Orbeetle are banned\n|rule|Evasion Abilities Clause: Evasion abilities are banned\n|clearpoke\n|poke|p1|Exeggutor-Alola, F|\n|poke|p1|Regidrago|\n|poke|p1|Primarina, F|\n|poke|p1|Hatterene, F|\n|poke|p1|Indeedee, M|\n|poke|p1|Torkoal, F|\n|poke|p2|Raging Bolt|\n|poke|p2|Torkoal, M|\n|poke|p2|Brute Bonnet|\n|poke|p2|Lilligant, F|\n|poke|p2|Incineroar, M|\n|poke|p2|Walking Wake|\n|teampreview\n|\n|t:|1771176039\n|teamsize|p1|6\n|teamsize|p2|6\n|start\n|switch|p1a: Exeggutor|Exeggutor-Alola, F|100/100\n|switch|p1b: Regidrago|Regidrago|100/100\n|switch|p2a: MC Ride|Walking Wake|100/100\n|switch|p2b: ISSBROKIE|Lilligant, F|100/100\n|turn|1\n|\n|t:|1771176062\n|move|p2a: MC Ride|Draco Meteor|p1a: Exeggutor\n|-supereffective|p1a: Exeggutor\n|-damage|p1a: Exeggutor|0 fnt\n|-unboost|p2a: MC Ride|spa|2\n|faint|p1a: Exeggutor\n|-damage|p2a: MC Ride|91/100|[from] item: Life Orb\n|move|p2b: ISSBROKIE|Sleep Powder|p1b: Regidrago\n|-status|p1b: Regidrago|slp|[from] move: Sleep Powder\n|cant|p1b: Regidrago|slp\n|\n|upkeep\n|\n|t:|1771176073\n|switch|p1a: Indeedee|Indeedee, M|100/100\n|-fieldstart|move: Psychic Terrain|[from] ability: Psychic Surge|[of] p1a: Indeedee\n|turn|2\n|\n|t:|1771176088\n|-end|p2a: MC Ride|Protosynthesis|[silent]\n|switch|p2a: Daveed Digs|Torkoal, M|100/100\n|-weather|SunnyDay|[from] ability: Drought|[of] p2a: Daveed Digs\n|move|p2b: ISSBROKIE|Sleep Powder|p1a: Indeedee\n|-status|p1a: Indeedee|slp|[from] move: Sleep Powder\n|cant|p1b: Regidrago|slp\n|cant|p1a: Indeedee|slp\n|\n|-weather|SunnyDay|[upkeep]\n|upkeep\n|turn|3\n|\n|t:|1771176104\n|switch|p2a: Joji|Incineroar, M|100/100\n|-ability|p2a: Joji|Intimidate|boost\n|-unboost|p1a: Indeedee|atk|1\n|-unboost|p1b: Regidrago|atk|1\n|move|p2b: ISSBROKIE|Solar Beam||[still]\n|-prepare|p2b: ISSBROKIE|Solar Beam\n|-anim|p2b: ISSBROKIE|Solar Beam|p1b: Regidrago\n|-resisted|p1b: Regidrago\n|-damage|p1b: Regidrago|74/100 slp\n|-curestatus|p1b: Regidrago|slp|[msg]\n|move|p1b: Regidrago|Dragon Energy|p2a: Joji|[spread] p2a,p2b\n|-damage|p2a: Joji|29/100\n|-enditem|p2b: ISSBROKIE|Focus Sash\n|-damage|p2b: ISSBROKIE|1/100\n|-enditem|p2a: Joji|Eject Button\n|\n|t:|1771176120\n|switch|p2a: MC Ride|Walking Wake|91/100\n|-activate|p2a: MC Ride|ability: Protosynthesis\n|-start|p2a: MC Ride|protosynthesisspa\n|cant|p1a: Indeedee|slp\n|\n|-weather|SunnyDay|[upkeep]\n|upkeep\n|turn|4\n|\n|t:|1771176132\n|switch|p2b: Joji|Incineroar, M|29/100\n|-ability|p2b: Joji|Intimidate|boost\n|-unboost|p1a: Indeedee|atk|1\n|-unboost|p1b: Regidrago|atk|1\n|-terastallize|p1b: Regidrago|Steel\n|move|p2a: MC Ride|Draco Meteor|p1b: Regidrago\n|-resisted|p1b: Regidrago\n|-damage|p1b: Regidrago|29/100\n|-unboost|p2a: MC Ride|spa|2\n|-damage|p2a: MC Ride|81/100|[from] item: Life Orb\n|move|p1b: Regidrago|Dragon Energy|p2a: MC Ride|[spread] p2a,p2b\n|-supereffective|p2a: MC Ride\n|-damage|p2a: MC Ride|16/100\n|-damage|p2b: Joji|2/100\n|-curestatus|p1a: Indeedee|slp|[msg]\n|move|p1a: Indeedee|Trick Room|p1a: Indeedee\n|-fieldstart|move: Trick Room|[of] p1a: Indeedee\n|\n|-weather|SunnyDay|[upkeep]\n|upkeep\n|turn|5\n|\n|t:|1771176151\n|move|p1a: Indeedee|Helping Hand|p1b: Regidrago\n|-singleturn|p1b: Regidrago|Helping Hand|[of] p1a: Indeedee\n|move|p1b: Regidrago|Dragon Energy|p2b: Joji|[spread] p2a,p2b\n|-supereffective|p2a: MC Ride\n|-damage|p2a: MC Ride|0 fnt\n|-damage|p2b: Joji|0 fnt\n|faint|p2a: MC Ride\n|-end|p2a: MC Ride|Protosynthesis|[silent]\n|faint|p2b: Joji\n|\n|-weather|SunnyDay|[upkeep]\n|upkeep\n|\n|t:|1771176159\n|switch|p2b: Aesop Rock|Brute Bonnet|100/100\n|switch|p2a: Daveed Digs|Torkoal, M|100/100\n|-activate|p2b: Aesop Rock|ability: Protosynthesis\n|-start|p2b: Aesop Rock|protosynthesisatk\n|turn|6\n|\n|t:|1771176170\n|move|p2a: Daveed Digs|Eruption|p1b: Regidrago|[spread] p1a,p1b\n|-supereffective|p1b: Regidrago\n|-damage|p1a: Indeedee|40/100\n|-damage|p1b: Regidrago|0 fnt\n|faint|p1b: Regidrago\n|move|p2b: Aesop Rock|Seed Bomb|p1a: Indeedee\n|-damage|p1a: Indeedee|0 fnt\n|faint|p1a: Indeedee\n|\n|-weather|SunnyDay|[upkeep]\n|-fieldend|move: Psychic Terrain\n|upkeep\n|\n|t:|1771176173\n|switch|p1b: Hatterene|Hatterene, F|100/100\n|switch|p1a: Primarina|Primarina, F|100/100\n|turn|7\n|l|☆Leriskato\n|player|p1|\n|j|☆Leriskato\n|player|p1|Leriskato|hoopster|\n|inactive|Battle timer is ON: inactive players will automatically lose when time's up. (requested by TirTire)\n|\n|t:|1771176208\n|switch|p2a: ISSBROKIE|Lilligant, F|1/100\n|move|p1b: Hatterene|Dazzling Gleam|p2a: ISSBROKIE|[spread] p2a,p2b\n|-supereffective|p2b: Aesop Rock\n|-damage|p2a: ISSBROKIE|0 fnt\n|-damage|p2b: Aesop Rock|35/100\n|faint|p2a: ISSBROKIE\n|move|p1a: Primarina|Hyper Voice|p2b: Aesop Rock\n|-resisted|p2b: Aesop Rock\n|-damage|p2b: Aesop Rock|25/100\n|-enditem|p1a: Primarina|Throat Spray\n|-boost|p1a: Primarina|spa|1|[from] item: Throat Spray\n|move|p2b: Aesop Rock|Seed Bomb|p1a: Primarina\n|-supereffective|p1a: Primarina\n|-damage|p1a: Primarina|0 fnt\n|faint|p1a: Primarina\n|\n|-weather|SunnyDay|[upkeep]\n|upkeep\n|\n|t:|1771176217\n|switch|p1a: Torkoal|Torkoal, F|100/100\n|switch|p2a: MF DOOM|Raging Bolt|100/100\n|-activate|p2a: MF DOOM|ability: Protosynthesis\n|-start|p2a: MF DOOM|protosynthesisspa\n|turn|8\n|\n|t:|1771176227\n|move|p2a: MF DOOM|Protect|p2a: MF DOOM\n|-singleturn|p2a: MF DOOM|Protect\n|move|p2b: Aesop Rock|Sucker Punch|p1b: Hatterene\n|-crit|p1b: Hatterene\n|-damage|p1b: Hatterene|8/100\n|move|p1a: Torkoal|Eruption|p2b: Aesop Rock|[spread] p2b\n|-activate|p2a: MF DOOM|move: Protect\n|-supereffective|p2b: Aesop Rock\n|-damage|p2b: Aesop Rock|0 fnt\n|faint|p2b: Aesop Rock\n|-end|p2b: Aesop Rock|Protosynthesis|[silent]\n|move|p1b: Hatterene|Dazzling Gleam|p2a: MF DOOM\n|-activate|p2a: MF DOOM|move: Protect\n|\n|-weather|SunnyDay|[upkeep]\n|-fieldend|move: Trick Room\n|upkeep\n|\n|t:|1771176233\n|switch|p2b: Daveed Digs|Torkoal, M|100/100\n|turn|9\n|\n|t:|1771176243\n|move|p2a: MF DOOM|Thunderbolt|p1a: Torkoal\n|-damage|p1a: Torkoal|10/100\n|move|p1b: Hatterene|Dazzling Gleam|p2b: Daveed Digs|[spread] p2a,p2b\n|-supereffective|p2a: MF DOOM\n|-resisted|p2b: Daveed Digs\n|-damage|p2a: MF DOOM|33/100\n|-damage|p2b: Daveed Digs|68/100\n|move|p1a: Torkoal|Eruption|p2a: MF DOOM|[spread] p2a,p2b\n|-resisted|p2a: MF DOOM\n|-resisted|p2b: Daveed Digs\n|-damage|p2a: MF DOOM|29/100\n|-damage|p2b: Daveed Digs|62/100\n|move|p2b: Daveed Digs|Eruption|p1a: Torkoal|[spread] p1a,p1b\n|-resisted|p1a: Torkoal\n|-damage|p1a: Torkoal|0 fnt\n|-damage|p1b: Hatterene|0 fnt\n|faint|p1a: Torkoal\n|faint|p1b: Hatterene\n|\n|win|TirTire\n|raw|Leriskato's rating: 1566 &rarr; <strong>1547</strong><br />(-19 for losing)\n|raw|TirTire's rating: 1590 &rarr; <strong>1609</strong><br />(+19 for winning)\n|l|☆Leriskato\n|player|p1|\n|l|☆TirTire\n|player|p2|\n", "uploadtime": 1771176590, "views": 9, "formatid": "gen9doublesou", "rating": 1547, "private": 0, "password": null}