{"id": "gen9doublesou-2540613952", "format": "[Gen 9] Doubles OU", "players": ["mobtitan", "Kyyper"], "log": "|j|☆mobtitan\n|j|☆Kyyper\n|t:|1771227481\n|gametype|doubles\n|player|p1|mobtitan|tate|1521\n|player|p2|Kyyper|cheren-gen5bw2|1608\n|gen|9\n|tier|[Gen 9] Doubles OU\n|rated|\n|rule|HP Percentage Mod: HP is shown in percentages\n|rule|Endless Battle Clause: Forcing endless battles is banned\n|rule|Species Clause: Limit one of each Pokémon\n|rule|OHKO Clause: OHKO moves are banned\n|rule|Evasion Moves Clause: Evasion moves are banned\n|rule|Gravity Sleep Clause: The combination of sleep-inducing moves with imperfect accuracy and Gravity or Gigantamax Orbeetle are banned\n|rule|Evasion Abilities Clause: Evasion abilities are banned\n|clearpoke\n|poke|p1|Tyranitar, F|\n|poke|p1|Diancie|\n|poke|p1|Sudowoodo, L1, M|\n|poke|p1|Grimmsnarl, M|\n|poke|p1|Kleavor, F|\n|poke|p1|Tornadus, M|\n|poke|p2|Whimsicott, M|\n|poke|p2|Samurott-Hisui, F|\n|poke|p2|Chi-Yu|\n|poke|p2|Zapdos-Galar|\n|poke|p2|Farigiraf, M|\n|poke|p2|Kleavor, F|\n|teampreview\n|inactive|Battle timer is ON: inactive players will automatically lose when time's up. (requested by mobtitan)\n|j| no1unovafand\n|l| no1unovafand\n|\n|t:|1771227508\n|teamsize|p1|6\n|teamsize|p2|6\n|start\n|switch|p1a: Tyranitar|Tyranitar, F|100/100\n|switch|p1b: Sudowoodo|Sudowoodo, L1, M|100/100\n|switch|p2a: Mint|Whimsicott, M, shiny|100/100\n|switch|p2b: Skale|Kleavor, F, shiny|100/100\n|-weather|Sandstorm|[from] ability: Sand Stream|[of] p1a: Tyranitar\n|turn|1\n|\n|t:|1771227534\n|-terastallize|p2a: Mint|Ghost\n|move|p2a: Mint|Tailwind|p2a: Mint\n|-sidestart|p2: Kyyper|move: Tailwind\n|move|p2b: Skale|X-Scissor|p1a: Tyranitar\n|-supereffective|p1a: Tyranitar\n|-damage|p1a: Tyranitar|0 fnt\n|faint|p1a: Tyranitar\n|move|p1b: Sudowoodo|Endeavor|p2b: Skale\n|-damage|p2b: Skale|5/100\n|\n|-weather|Sandstorm|[upkeep]\n|-damage|p2a: Mint|94/100|[from] Sandstorm\n|upkeep\n|\n|t:|1771227547\n|switch|p1a: Grimmsnarl|Grimmsnarl, M|100/100\n|turn|2\n|\n|t:|1771227557\n|move|p1b: Sudowoodo|Protect|p1b: Sudowoodo\n|-singleturn|p1b: Sudowoodo|Protect\n|move|p1a: Grimmsnarl|Reflect|p1a: Grimmsnarl\n|-sidestart|p1: mobtitan|Reflect\n|move|p2a: Mint|Moonblast|p1b: Sudowoodo\n|-activate|p1b: Sudowoodo|move: Protect\n|move|p2b: Skale|X-Scissor|p1b: Sudowoodo\n|-activate|p1b: Sudowoodo|move: Protect\n|\n|-weather|Sandstorm|[upkeep]\n|-damage|p2a: Mint|88/100|[from] Sandstorm\n|-damage|p1a: Grimmsnarl|94/100|[from] Sandstorm\n|upkeep\n|turn|3\n|\n|t:|1771227582\n|switch|p1b: Diancie|Diancie|100/100\n|move|p2a: Mint|Encore||[still]\n|-fail|p2a: Mint\n|move|p1a: Grimmsnarl|Light Screen|p1a: Grimmsnarl\n|-sidestart|p1: mobtitan|move: Light Screen\n|move|p2b: Skale|X-Scissor|p1a: Grimmsnarl\n|-damage|p1a: Grimmsnarl|14/100\n|\n|-weather|Sandstorm|[upkeep]\n|-damage|p2a: Mint|82/100|[from] Sandstorm\n|-damage|p1a: Grimmsnarl|8/100|[from] Sandstorm\n|upkeep\n|turn|4\n|\n|t:|1771227601\n|switch|p2b: Marley|Samurott-Hisui, F, shiny|100/100\n|move|p1a: Grimmsnarl|Taunt|p2a: Mint\n|-start|p2a: Mint|move: Taunt\n|move|p2a: Mint|Moonblast|p1b: Diancie\n|-damage|p1b: Diancie|92/100\n|move|p1b: Diancie|Diamond Storm|p2a: Mint|[spread] p2a,p2b\n|-damage|p2a: Mint|44/100\n|-damage|p2b: Marley|72/100\n|-boost|p1b: Diancie|def|2\n|\n|-weather|Sandstorm|[upkeep]\n|-damage|p2a: Mint|38/100|[from] Sandstorm\n|-damage|p2b: Marley|66/100|[from] Sandstorm\n|-damage|p1a: Grimmsnarl|2/100|[from] Sandstorm\n|-sideend|p2: Kyyper|move: Tailwind\n|upkeep\n|turn|5\n|inactive|mobtitan has 120 seconds left.\n|\n|t:|1771227644\n|switch|p2a: JoJo|Zapdos-Galar, shiny|100/100\n|move|p1a: Grimmsnarl|Taunt|p2b: Marley\n|-hint|Since gen 7, Dark is immune to Prankster moves.\n|-immune|p2b: Marley\n|move|p2b: Marley|Ceaseless Edge|p1a: Grimmsnarl\n|-resisted|p1a: Grimmsnarl\n|-damage|p1a: Grimmsnarl|0 fnt\n|-sidestart|p1: mobtitan|Spikes\n|faint|p1a: Grimmsnarl\n|move|p1b: Diancie|Body Press|p2b: Marley\n|-supereffective|p2b: Marley\n|-damage|p2b: Marley|0 fnt\n|faint|p2b: Marley\n|\n|-weather|none\n|upkeep\n|inactive|Kyyper has 120 seconds left.\n|\n|t:|1771227664\n|switch|p2b: Skale|Kleavor, F, shiny|5/100\n|switch|p1a: Tornadus|Tornadus, M|100/100\n|turn|6\n|j| no1unovafand\n|\n|t:|1771227683\n|move|p2a: JoJo|Close Combat|p1b: Diancie\n|-damage|p1b: Diancie|75/100\n|-unboost|p2a: JoJo|def|1\n|-unboost|p2a: JoJo|spd|1\n|-damage|p2a: JoJo|91/100|[from] item: Life Orb\n|move|p2b: Skale|Stone Axe|p1a: Tornadus|[miss]\n|-miss|p2b: Skale|p1a: Tornadus\n|move|p1a: Tornadus|Bleakwind Storm|p2b: Skale|[spread] p2a,p2b\n|-supereffective|p2a: JoJo\n|-damage|p2a: JoJo|0 fnt\n|-damage|p2b: Skale|0 fnt\n|faint|p2a: JoJo\n|faint|p2b: Skale\n|move|p1b: Diancie|Diamond Storm|p2: JoJo|[notarget]\n|-fail|p1b: Diancie\n|\n|upkeep\n|inactive|Kyyper has 120 seconds left.\n|\n|t:|1771227696\n|switch|p2a: Quary|Chi-Yu, shiny|100/100\n|switch|p2b: Mint|Whimsicott, M, shiny, tera:Ghost|38/100\n|-ability|p2a: Quary|Beads of Ruin\n|turn|7\n|-message|Kyyper forfeited.\n|\n|win|mobtitan\n|raw|mobtitan's rating: 1521 &rarr; <strong>1546</strong><br />(+25 for winning)\n|raw|Kyyper's rating: 1608 &rarr; <strong>1583</strong><br />(-25 for losing)\n|l|☆Kyyper\n|player|p2|\n|l|☆mobtitan\n|player|p1|\n|l| no1unovafand\n", "uploadtime": 1771228065, "views": 14, "formatid": "gen9doublesou", "rating": 1546, "private": 0, "password": null}