{"id": "gen9doublesou-2540233733", "format": "[Gen 9] Doubles OU", "players": ["dobou", "2skyy"], "log": "|j|☆dobou\n|j|☆2skyy\n|t:|1771178845\n|gametype|doubles\n|player|p1|dobou|clown|1628\n|player|p2|2skyy|cynthia-masters4|1613\n|gen|9\n|tier|[Gen 9] Doubles OU\n|rated|\n|rule|HP Percentage Mod: HP is shown in percentages\n|rule|Endless Battle Clause: Forcing endless battles is banned\n|rule|Species Clause: Limit one of each Pokémon\n|rule|OHKO Clause: OHKO moves are banned\n|rule|Evasion Moves Clause: Evasion moves are banned\n|rule|Gravity Sleep Clause: The combination of sleep-inducing moves with imperfect accuracy and Gravity or Gigantamax Orbeetle are banned\n|rule|Evasion Abilities Clause: Evasion abilities are banned\n|clearpoke\n|poke|p1|Ninetales-Alola, M|\n|poke|p1|Kingambit, M|\n|poke|p1|Incineroar, F|\n|poke|p1|Ogerpon-Wellspring, F|\n|poke|p1|Landorus, M|\n|poke|p1|Kyurem|\n|poke|p2|Ninetales-Alola, M|\n|poke|p2|Kingambit, F|\n|poke|p2|Incineroar, F|\n|poke|p2|Ogerpon-Wellspring, F|\n|poke|p2|Landorus, M|\n|poke|p2|Kyurem|\n|teampreview\n|inactive|Battle timer is ON: inactive players will automatically lose when time's up. (requested by 2skyy)\n|\n|t:|1771178873\n|teamsize|p1|6\n|teamsize|p2|6\n|start\n|switch|p1a: Ninetales|Ninetales-Alola, M|100/100\n|switch|p1b: Kyurem|Kyurem|100/100\n|switch|p2a: Ninetales|Ninetales-Alola, M|100/100\n|switch|p2b: Kyurem|Kyurem|100/100\n|-weather|Snowscape|[from] ability: Snow Warning|[of] p2a: Ninetales\n|-ability|p2b: Kyurem|Pressure\n|-ability|p1b: Kyurem|Pressure\n|turn|1\n|inactive|dobou has 120 seconds left.\n|\n|t:|1771178907\n|move|p1a: Ninetales|Aurora Veil|p1a: Ninetales\n|-sidestart|p1: dobou|move: Aurora Veil\n|move|p2a: Ninetales|Aurora Veil|p2a: Ninetales\n|-sidestart|p2: 2skyy|move: Aurora Veil\n|move|p2b: Kyurem|Flash Cannon|p1a: Ninetales\n|-supereffective|p1a: Ninetales\n|-damage|p1a: Ninetales|25/100\n|move|p1b: Kyurem|Flash Cannon|p2a: Ninetales\n|-supereffective|p2a: Ninetales\n|-damage|p2a: Ninetales|36/100\n|\n|-weather|Snowscape|[upkeep]\n|upkeep\n|turn|2\n|inactive|dobou has 120 seconds left.\n|\n|t:|1771178940\n|switch|p2a: Incineroar|Incineroar, F|100/100\n|-ability|p2a: Incineroar|Intimidate|boost\n|-unboost|p1a: Ninetales|atk|1\n|-unboost|p1b: Kyurem|atk|1\n|move|p1a: Ninetales|Blizzard|p2b: Kyurem|[spread] p2a,p2b\n|-resisted|p2a: Incineroar\n|-damage|p2a: Incineroar|93/100\n|-damage|p2b: Kyurem|91/100\n|move|p2b: Kyurem|Flash Cannon|p1a: Ninetales\n|-supereffective|p1a: Ninetales\n|-damage|p1a: Ninetales|0 fnt\n|faint|p1a: Ninetales\n|move|p1b: Kyurem|Earth Power|p2a: Incineroar\n|-supereffective|p2a: Incineroar\n|-damage|p2a: Incineroar|60/100\n|\n|-weather|Snowscape|[upkeep]\n|upkeep\n|\n|t:|1771178956\n|switch|p1a: Ogerpon|Ogerpon-Wellspring, F|100/100\n|turn|3\n|inactive|dobou has 120 seconds left.\n|\n|t:|1771178982\n|move|p1a: Ogerpon|Spiky Shield|p1a: Ogerpon\n|-singleturn|p1a: Ogerpon|move: Protect\n|move|p2a: Incineroar|Fake Out|p1a: Ogerpon\n|-activate|p1a: Ogerpon|move: Protect\n|-damage|p2a: Incineroar|47/100|[from] Spiky Shield|[of] p1a: Ogerpon\n|-enditem|p2a: Incineroar|Sitrus Berry|[eat]\n|-heal|p2a: Incineroar|72/100|[from] item: Sitrus Berry\n|move|p1b: Kyurem|Earth Power|p2a: Incineroar\n|-supereffective|p2a: Incineroar\n|-damage|p2a: Incineroar|42/100\n|move|p2b: Kyurem|Freeze-Dry|p1a: Ogerpon\n|-activate|p1a: Ogerpon|move: Protect\n|\n|-weather|Snowscape|[upkeep]\n|upkeep\n|turn|4\n|inactive|dobou has 120 seconds left.\n|\n|t:|1771179000\n|switch|p1a: Incineroar|Incineroar, F|100/100\n|-ability|p1a: Incineroar|Intimidate|boost\n|-unboost|p2a: Incineroar|atk|1\n|-unboost|p2b: Kyurem|atk|1\n|switch|p2a: Ogerpon|Ogerpon-Wellspring, F|100/100\n|move|p2b: Kyurem|Freeze-Dry|p1a: Incineroar\n|-resisted|p1a: Incineroar\n|-damage|p1a: Incineroar|90/100\n|-status|p1a: Incineroar|frz\n|move|p1b: Kyurem|Flash Cannon|p2b: Kyurem\n|-supereffective|p2b: Kyurem\n|-damage|p2b: Kyurem|69/100\n|\n|-weather|Snowscape|[upkeep]\n|upkeep\n|turn|5\n|\n|t:|1771179022\n|move|p2a: Ogerpon|Ivy Cudgel|p1a: Incineroar|[anim] Ivy Cudgel Water\n|-supereffective|p1a: Incineroar\n|-damage|p1a: Incineroar|39/100 frz\n|-enditem|p1a: Incineroar|Sitrus Berry|[eat]\n|-heal|p1a: Incineroar|64/100 frz|[from] item: Sitrus Berry\n|move|p2b: Kyurem|Flash Cannon|p1b: Kyurem\n|-supereffective|p1b: Kyurem\n|-damage|p1b: Kyurem|79/100\n|move|p1b: Kyurem|Earth Power|p2a: Ogerpon\n|-resisted|p2a: Ogerpon\n|-damage|p2a: Ogerpon|91/100\n|-unboost|p2a: Ogerpon|spd|1\n|cant|p1a: Incineroar|frz\n|\n|-weather|none\n|upkeep\n|turn|6\n|\n|t:|1771179042\n|move|p2a: Ogerpon|Ivy Cudgel|p1a: Incineroar|[anim] Ivy Cudgel Water\n|-supereffective|p1a: Incineroar\n|-damage|p1a: Incineroar|17/100 frz\n|move|p2b: Kyurem|Flash Cannon|p1b: Kyurem\n|-supereffective|p1b: Kyurem\n|-damage|p1b: Kyurem|59/100\n|move|p1b: Kyurem|Freeze-Dry|p2a: Ogerpon\n|-supereffective|p2a: Ogerpon\n|-damage|p2a: Ogerpon|0 fnt\n|faint|p2a: Ogerpon\n|cant|p1a: Incineroar|frz\n|\n|upkeep\n|\n|t:|1771179056\n|switch|p2a: Incineroar|Incineroar, F|42/100\n|-ability|p2a: Incineroar|Intimidate|boost\n|-unboost|p1a: Incineroar|atk|1\n|-unboost|p1b: Kyurem|atk|1\n|turn|7\n|\n|t:|1771179063\n|move|p2b: Kyurem|Earth Power|p1a: Incineroar\n|-supereffective|p1a: Incineroar\n|-damage|p1a: Incineroar|0 fnt\n|faint|p1a: Incineroar\n|move|p1b: Kyurem|Earth Power|p2a: Incineroar\n|-supereffective|p2a: Incineroar\n|-damage|p2a: Incineroar|10/100\n|move|p2a: Incineroar|Knock Off|p1b: Kyurem\n|-crit|p1b: Kyurem\n|-damage|p1b: Kyurem|12/100\n|-enditem|p1b: Kyurem|Assault Vest|[from] move: Knock Off|[of] p2a: Incineroar\n|\n|upkeep\n|\n|t:|1771179072\n|switch|p1a: Kingambit|Kingambit, M|100/100\n|turn|8\n|\n|t:|1771179095\n|switch|p2a: Kingambit|Kingambit, F|100/100\n|move|p2b: Kyurem|Earth Power|p1a: Kingambit\n|-supereffective|p1a: Kingambit\n|-damage|p1a: Kingambit|60/100\n|move|p1b: Kyurem|Earth Power|p2a: Kingambit\n|-supereffective|p2a: Kingambit\n|-damage|p2a: Kingambit|68/100\n|move|p1a: Kingambit|Swords Dance|p1a: Kingambit\n|-boost|p1a: Kingambit|atk|2\n|\n|-heal|p2a: Kingambit|74/100|[from] item: Leftovers\n|-heal|p1a: Kingambit|66/100|[from] item: Leftovers\n|-sideend|p2: 2skyy|move: Aurora Veil\n|-sideend|p1: dobou|move: Aurora Veil\n|upkeep\n|turn|9\n|\n|t:|1771179119\n|move|p2a: Kingambit|Sucker Punch|p1b: Kyurem\n|-damage|p1b: Kyurem|0 fnt\n|faint|p1b: Kyurem\n|move|p2b: Kyurem|Earth Power|p1a: Kingambit\n|-supereffective|p1a: Kingambit\n|-damage|p1a: Kingambit|11/100\n|move|p1a: Kingambit|Kowtow Cleave|p2b: Kyurem\n|-damage|p2b: Kyurem|0 fnt\n|faint|p2b: Kyurem\n|\n|-heal|p1a: Kingambit|17/100|[from] item: Leftovers\n|-heal|p2a: Kingambit|80/100|[from] item: Leftovers\n|upkeep\n|inactive|2skyy has 120 seconds left.\n|\n|t:|1771179141\n|switch|p2b: Ninetales|Ninetales-Alola, M|36/100\n|switch|p1b: Ogerpon|Ogerpon-Wellspring, F|100/100\n|-weather|Snowscape|[from] ability: Snow Warning|[of] p2b: Ninetales\n|turn|10\n|inactive|2skyy has 120 seconds left.\n|\n|t:|1771179180\n|move|p1b: Ogerpon|Follow Me|p1b: Ogerpon\n|-singleturn|p1b: Ogerpon|move: Follow Me\n|move|p2b: Ninetales|Aurora Veil|p2b: Ninetales\n|-sidestart|p2: 2skyy|move: Aurora Veil\n|move|p1a: Kingambit|Kowtow Cleave|p2b: Ninetales\n|-resisted|p2b: Ninetales\n|-damage|p2b: Ninetales|9/100\n|move|p2a: Kingambit|Swords Dance|p2a: Kingambit\n|-boost|p2a: Kingambit|atk|2\n|\n|-weather|Snowscape|[upkeep]\n|-heal|p2a: Kingambit|86/100|[from] item: Leftovers\n|-heal|p1a: Kingambit|24/100|[from] item: Leftovers\n|upkeep\n|turn|11\n|inactive|2skyy has 120 seconds left.\n|\n|t:|1771179200\n|move|p2b: Ninetales|Protect|p2b: Ninetales\n|-singleturn|p2b: Ninetales|Protect\n|move|p1b: Ogerpon|Follow Me|p1b: Ogerpon\n|-singleturn|p1b: Ogerpon|move: Follow Me\n|move|p2a: Kingambit|Kowtow Cleave|p1b: Ogerpon\n|-damage|p1b: Ogerpon|4/100\n|move|p1a: Kingambit|Kowtow Cleave|p2b: Ninetales\n|-activate|p2b: Ninetales|move: Protect\n|\n|-weather|Snowscape|[upkeep]\n|-heal|p2a: Kingambit|92/100|[from] item: Leftovers\n|-heal|p1a: Kingambit|30/100|[from] item: Leftovers\n|upkeep\n|turn|12\n|\n|t:|1771179221\n|move|p1b: Ogerpon|Follow Me|p1b: Ogerpon\n|-singleturn|p1b: Ogerpon|move: Follow Me\n|move|p1a: Kingambit|Sucker Punch|p2b: Ninetales\n|-resisted|p2b: Ninetales\n|-damage|p2b: Ninetales|0 fnt\n|faint|p2b: Ninetales\n|move|p2a: Kingambit|Kowtow Cleave|p1b: Ogerpon\n|-crit|p1b: Ogerpon\n|-damage|p1b: Ogerpon|0 fnt\n|faint|p1b: Ogerpon\n|\n|-weather|Snowscape|[upkeep]\n|-heal|p1a: Kingambit|36/100|[from] item: Leftovers\n|-heal|p2a: Kingambit|99/100|[from] item: Leftovers\n|upkeep\n|inactive|2skyy has 120 seconds left.\n|\n|t:|1771179232\n|switch|p2b: Landorus|Landorus, M|100/100\n|switch|p1b: Landorus|Landorus, M|100/100\n|turn|13\n|\n|t:|1771179248\n|-terastallize|p2a: Kingambit|Dragon\n|move|p2b: Landorus|Earth Power|p1a: Kingambit\n|-supereffective|p1a: Kingambit\n|-damage|p1a: Kingambit|0 fnt\n|faint|p1a: Kingambit\n|move|p1b: Landorus|Substitute|p1b: Landorus\n|-start|p1b: Landorus|Substitute\n|-damage|p1b: Landorus|76/100\n|move|p2a: Kingambit|Kowtow Cleave|p1b: Landorus\n|-end|p1b: Landorus|Substitute\n|\n|-weather|Snowscape|[upkeep]\n|-heal|p2a: Kingambit|100/100|[from] item: Leftovers\n|upkeep\n|turn|14\n|-message|dobou forfeited.\n|\n|win|2skyy\n|raw|dobou's rating: 1628 &rarr; <strong>1607</strong><br />(-21 for losing)\n|raw|2skyy's rating: 1613 &rarr; <strong>1634</strong><br />(+21 for winning)\n|l|☆dobou\n|player|p1|\n|l|☆2skyy\n|player|p2|\n", "uploadtime": 1771179451, "views": 12, "formatid": "gen9doublesou", "rating": 1607, "private": 0, "password": null}