{"id": "gen9doublesou-2540585744", "format": "[Gen 9] Doubles OU", "players": ["HeWhoSits", "vokytr"], "log": "|j|☆HeWhoSits\n|j|☆vokytr\n|t:|1771222254\n|gametype|doubles\n|player|p1|HeWhoSits|fisherman|1587\n|player|p2|vokytr|169|1566\n|gen|9\n|tier|[Gen 9] Doubles OU\n|rated|\n|rule|HP Percentage Mod: HP is shown in percentages\n|rule|Endless Battle Clause: Forcing endless battles is banned\n|rule|Species Clause: Limit one of each Pokémon\n|rule|OHKO Clause: OHKO moves are banned\n|rule|Evasion Moves Clause: Evasion moves are banned\n|rule|Gravity Sleep Clause: The combination of sleep-inducing moves with imperfect accuracy and Gravity or Gigantamax Orbeetle are banned\n|rule|Evasion Abilities Clause: Evasion abilities are banned\n|clearpoke\n|poke|p1|Whimsicott, F|\n|poke|p1|Terrakion|\n|poke|p1|Farigiraf, F|\n|poke|p1|Torkoal, M|\n|poke|p1|Smeargle, M|\n|poke|p1|Sinistcha|\n|poke|p2|Whimsicott, F|\n|poke|p2|Incineroar, M|\n|poke|p2|Landorus-Therian, M|\n|poke|p2|Ninetales-Alola, F|\n|poke|p2|Tornadus, M|\n|poke|p2|Indeedee, M|\n|teampreview\n|inactive|Battle timer is ON: inactive players will automatically lose when time's up. (requested by vokytr)\n|inactive|HeWhoSits also wants the timer to be on.\n|\n|t:|1771222257\n|teamsize|p1|6\n|teamsize|p2|6\n|start\n|switch|p1a: Sativa|Whimsicott, F|100/100\n|switch|p1b: Stoner|Terrakion|100/100\n|switch|p2a: Landorus|Landorus-Therian, M|100/100\n|switch|p2b: Tornadus|Tornadus, M|100/100\n|-ability|p2a: Landorus|Intimidate|boost\n|-unboost|p1a: Sativa|atk|1\n|-unboost|p1b: Stoner|atk|1\n|turn|1\n|j| Dark darmanitan\n|\n|t:|1771222269\n|-terastallize|p1b: Stoner|Grass\n|-terastallize|p2a: Landorus|Steel\n|move|p1a: Sativa|Beat Up|p1b: Stoner\n|-damage|p1b: Stoner|99/100\n|-ability|p1b: Stoner|Justified|boost\n|-boost|p1b: Stoner|atk|1\n|-damage|p1b: Stoner|97/100\n|-ability|p1b: Stoner|Justified|boost\n|-boost|p1b: Stoner|atk|1\n|-damage|p1b: Stoner|95/100\n|-ability|p1b: Stoner|Justified|boost\n|-boost|p1b: Stoner|atk|1\n|-damage|p1b: Stoner|93/100\n|-ability|p1b: Stoner|Justified|boost\n|-boost|p1b: Stoner|atk|1\n|-damage|p1b: Stoner|92/100\n|-ability|p1b: Stoner|Justified|boost\n|-boost|p1b: Stoner|atk|1\n|-damage|p1b: Stoner|91/100\n|-ability|p1b: Stoner|Justified|boost\n|-boost|p1b: Stoner|atk|1\n|-hitcount|p1b: Stoner|6\n|move|p2b: Tornadus|Tailwind|p2b: Tornadus\n|-sidestart|p2: vokytr|move: Tailwind\n|move|p2a: Landorus|Earthquake|p1b: Stoner|[spread] p1a,p1b\n|-immune|p2b: Tornadus\n|-resisted|p1a: Sativa\n|-resisted|p1b: Stoner\n|-damage|p1a: Sativa|53/100\n|-damage|p1b: Stoner|59/100\n|-damage|p2a: Landorus|91/100|[from] item: Life Orb\n|move|p1b: Stoner|Rock Slide|p2a: Landorus|[spread] p2a,p2b\n|-resisted|p2a: Landorus\n|-supereffective|p2b: Tornadus\n|-damage|p2a: Landorus|11/100\n|-damage|p2b: Tornadus|0 fnt\n|faint|p2b: Tornadus\n|\n|upkeep\n|\n|t:|1771222276\n|switch|p2b: Indeedee|Indeedee, M|100/100\n|-fieldstart|move: Psychic Terrain|[from] ability: Psychic Surge|[of] p2b: Indeedee\n|turn|2\n|\n|t:|1771222304\n|move|p1a: Sativa|Tailwind|p1a: Sativa\n|-sidestart|p1: HeWhoSits|move: Tailwind\n|move|p1b: Stoner|Rock Slide|p2b: Indeedee|[spread] p2a,p2b\n|-resisted|p2a: Landorus\n|-damage|p2a: Landorus|0 fnt\n|-enditem|p2b: Indeedee|Focus Sash\n|-damage|p2b: Indeedee|1/100\n|faint|p2a: Landorus\n|move|p2b: Indeedee|Expanding Force|p1a: Sativa|[spread] p1a,p1b\n|-damage|p1a: Sativa|0 fnt\n|-damage|p1b: Stoner|0 fnt\n|faint|p1a: Sativa\n|faint|p1b: Stoner\n|\n|upkeep\n|inactive|HeWhoSits has 120 seconds left.\n|\n|t:|1771222318\n|switch|p1a: Indica|Farigiraf, F|100/100\n|switch|p1b: Bong|Torkoal, M|100/100\n|switch|p2a: Incineroar|Incineroar, M|100/100\n|-ability|p2a: Incineroar|Intimidate|boost\n|-unboost|p1a: Indica|atk|1\n|-unboost|p1b: Bong|atk|1\n|-weather|SunnyDay|[from] ability: Drought|[of] p1b: Bong\n|turn|3\n|\n|t:|1771222330\n|move|p1b: Bong|Protect|p1b: Bong\n|-singleturn|p1b: Bong|Protect\n|move|p2b: Indeedee|Expanding Force|p1b: Bong|[spread] p1a\n|-activate|p1b: Bong|move: Protect\n|-resisted|p1a: Indica\n|-damage|p1a: Indica|82/100\n|move|p2a: Incineroar|Darkest Lariat|p1a: Indica\n|-supereffective|p1a: Indica\n|-enditem|p1a: Indica|Colbur Berry|[eat]\n|-enditem|p1a: Indica|Colbur Berry|[weaken]\n|-damage|p1a: Indica|37/100\n|move|p1a: Indica|Imprison|p1a: Indica\n|-start|p1a: Indica|move: Imprison\n|\n|-weather|SunnyDay|[upkeep]\n|upkeep\n|turn|4\n|\n|t:|1771222361\n|move|p1a: Indica|Helping Hand|p1b: Bong\n|-singleturn|p1b: Bong|Helping Hand|[of] p1a: Indica\n|move|p2b: Indeedee|Hyper Voice|p1a: Indica|[spread] p1a,p1b\n|-damage|p1a: Indica|16/100\n|-damage|p1b: Bong|51/100\n|move|p2a: Incineroar|Darkest Lariat|p1b: Bong\n|-damage|p1b: Bong|10/100\n|move|p1b: Bong|Heat Wave|p2b: Indeedee|[spread] p2a,p2b\n|-resisted|p2a: Incineroar\n|-damage|p2a: Incineroar|73/100\n|-damage|p2b: Indeedee|0 fnt\n|faint|p2b: Indeedee\n|\n|-weather|SunnyDay|[upkeep]\n|-sideend|p2: vokytr|move: Tailwind\n|upkeep\n|l| Dark darmanitan\n|inactive|vokytr has 120 seconds left.\n|\n|t:|1771222373\n|switch|p2b: Ninetales|Ninetales-Alola, F|100/100\n|-weather|Snowscape|[from] ability: Snow Warning|[of] p2b: Ninetales\n|turn|5\n|\n|t:|1771222378\n|switch|p1b: Chasen|Sinistcha|100/100\n|-heal|p1a: Indica|41/100|[from] ability: Hospitality|[of] p1b: Chasen\n|move|p2b: Ninetales|Blizzard|p1b: Chasen|[spread] p1a,p1b\n|-supereffective|p1b: Chasen\n|-damage|p1a: Indica|21/100\n|-damage|p1b: Chasen|27/100\n|-enditem|p1b: Chasen|Weakness Policy\n|-boost|p1b: Chasen|atk|2|[from] item: Weakness Policy\n|-boost|p1b: Chasen|spa|2|[from] item: Weakness Policy\n|move|p2a: Incineroar|Darkest Lariat|p1a: Indica\n|-supereffective|p1a: Indica\n|-damage|p1a: Indica|0 fnt\n|faint|p1a: Indica\n|\n|-weather|Snowscape|[upkeep]\n|-sideend|p1: HeWhoSits|move: Tailwind\n|upkeep\n|\n|t:|1771222391\n|switch|p1a: Bong|Torkoal, M|10/100\n|-weather|SunnyDay|[from] ability: Drought|[of] p1a: Bong\n|turn|6\n|\n|t:|1771222412\n|move|p1b: Chasen|Rage Powder|p1b: Chasen\n|-singleturn|p1b: Chasen|move: Rage Powder\n|move|p2b: Ninetales|Dazzling Gleam|p1a: Bong|[spread] p1a,p1b\n|-resisted|p1a: Bong\n|-damage|p1a: Bong|0 fnt\n|-damage|p1b: Chasen|2/100\n|faint|p1a: Bong\n|move|p2a: Incineroar|Darkest Lariat|p1b: Chasen\n|-supereffective|p1b: Chasen\n|-damage|p1b: Chasen|0 fnt\n|faint|p1b: Chasen\n|\n|-weather|SunnyDay|[upkeep]\n|-fieldend|move: Psychic Terrain\n|upkeep\n|\n|t:|1771222417\n|switch|p1b: Sage|Smeargle, M|100/100\n|turn|7\n|\n|t:|1771222424\n|switch|p2b: Whimsicott|Whimsicott, F|100/100\n|move|p1b: Sage|Ruination|p2b: Whimsicott\n|-damage|p2b: Whimsicott|50/100\n|move|p2a: Incineroar|Flare Blitz|p1b: Sage\n|-crit|p1b: Sage\n|-enditem|p1b: Sage|Focus Sash\n|-damage|p1b: Sage|1/100\n|-damage|p2a: Incineroar|47/100|[from] Recoil\n|\n|-weather|SunnyDay|[upkeep]\n|-ability|p1b: Sage|Moody|boost\n|-boost|p1b: Sage|def|2\n|-unboost|p1b: Sage|spd|1\n|upkeep\n|turn|8\n|\n|t:|1771222433\n|move|p2b: Whimsicott|Tailwind|p2b: Whimsicott\n|-sidestart|p2: vokytr|move: Tailwind\n|move|p2a: Incineroar|Flare Blitz|p1b: Sage\n|-damage|p1b: Sage|0 fnt\n|faint|p1b: Sage\n|-damage|p2a: Incineroar|47/100|[from] Recoil\n|\n|win|vokytr\n|raw|HeWhoSits's rating: 1587 &rarr; <strong>1566</strong><br />(-21 for losing)\n|raw|vokytr's rating: 1566 &rarr; <strong>1587</strong><br />(+21 for winning)\n|l|☆HeWhoSits\n|player|p1|\n|l|☆vokytr\n|player|p2|\n", "uploadtime": 1771222825, "views": 13, "formatid": "gen9doublesou", "rating": 1566, "private": 0, "password": null}