{"id": "gen9doublesou-2540516819", "format": "[Gen 9] Doubles OU", "players": ["Coldblooded0706", "bladeleo"], "log": "|badge|p2|silver|gen9doublesou|30-8\n|uhtml|medal-msg|<div class=\"broadcast-blue\">Curious what those medals under the avatar are? PS now has Ladder Seasons! For more information, check out the <a href=\"https://www.smogon.com/forums/threads/3740067/\">thread on Smogon.</a></div>\n|j|☆Coldblooded0706\n|j|☆bladeleo\n|t:|1771211941\n|gametype|doubles\n|player|p1|Coldblooded0706|265|1659\n|player|p2|bladeleo|169|1828\n|gen|9\n|tier|[Gen 9] Doubles OU\n|rated|\n|rule|HP Percentage Mod: HP is shown in percentages\n|rule|Endless Battle Clause: Forcing endless battles is banned\n|rule|Species Clause: Limit one of each Pokémon\n|rule|OHKO Clause: OHKO moves are banned\n|rule|Evasion Moves Clause: Evasion moves are banned\n|rule|Gravity Sleep Clause: The combination of sleep-inducing moves with imperfect accuracy and Gravity or Gigantamax Orbeetle are banned\n|rule|Evasion Abilities Clause: Evasion abilities are banned\n|clearpoke\n|poke|p1|Murkrow, F|\n|poke|p1|Chandelure, M|\n|poke|p1|Zapdos-Galar|\n|poke|p1|Tsareena, F|\n|poke|p1|Metagross|\n|poke|p1|Sylveon, F|\n|poke|p2|Incineroar, M|\n|poke|p2|Dondozo, M|\n|poke|p2|Tornadus, M|\n|poke|p2|Regidrago|\n|poke|p2|Diancie|\n|poke|p2|Volcanion|\n|teampreview\n|inactive|Battle timer is ON: inactive players will automatically lose when time's up. (requested by Coldblooded0706)\n|\n|t:|1771211991\n|teamsize|p1|6\n|teamsize|p2|6\n|start\n|switch|p1a: Zapdos|Zapdos-Galar|100/100\n|switch|p1b: Metagross|Metagross|100/100\n|switch|p2a: Volcanion|Volcanion|100/100\n|switch|p2b: Incineroar|Incineroar, M|100/100\n|-ability|p2b: Incineroar|Intimidate|boost\n|-unboost|p1a: Zapdos|atk|1\n|-ability|p1a: Zapdos|Defiant|boost\n|-boost|p1a: Zapdos|atk|2\n|-fail|p1b: Metagross|unboost|[from] ability: Clear Body|[of] p1b: Metagross\n|turn|1\n|inactive|Coldblooded0706 has 120 seconds left.\n|\n|t:|1771212030\n|switch|p1b: Tsareena|Tsareena, F|100/100\n|-terastallize|p2b: Incineroar|Grass\n|move|p1a: Zapdos|Close Combat|p2a: Volcanion\n|-damage|p2a: Volcanion|30/100\n|-unboost|p1a: Zapdos|def|1\n|-unboost|p1a: Zapdos|spd|1\n|move|p2a: Volcanion|Scald|p1a: Zapdos\n|-damage|p1a: Zapdos|34/100\n|-status|p1a: Zapdos|brn\n|move|p2b: Incineroar|Flare Blitz|p1a: Zapdos\n|-damage|p1a: Zapdos|0 fnt\n|faint|p1a: Zapdos\n|-damage|p2b: Incineroar|92/100|[from] Recoil\n|\n|-heal|p2a: Volcanion|36/100|[from] item: Leftovers\n|upkeep\n|inactive|Coldblooded0706 has 120 seconds left.\n|\n|t:|1771212061\n|switch|p1a: Chandelure|Chandelure, M|100/100\n|turn|2\n|inactive|bladeleo has 120 seconds left.\n|\n|t:|1771212095\n|switch|p2b: Tornadus|Tornadus, M|100/100\n|-terastallize|p1a: Chandelure|Grass\n|move|p1a: Chandelure|Heat Wave|p2a: Volcanion|[spread] p2a,p2b\n|-resisted|p2a: Volcanion\n|-damage|p2a: Volcanion|22/100\n|-damage|p2b: Tornadus|49/100\n|-damage|p1a: Chandelure|91/100|[from] item: Life Orb\n|move|p1b: Tsareena|Power Whip|p2a: Volcanion\n|-damage|p2a: Volcanion|0 fnt\n|faint|p2a: Volcanion\n|\n|upkeep\n|inactive|bladeleo has 120 seconds left.\n|\n|t:|1771212106\n|switch|p2a: Regidrago|Regidrago|100/100\n|turn|3\n|\n|t:|1771212120\n|switch|p1b: Sylveon|Sylveon, F|100/100\n|move|p2a: Regidrago|Dragon Energy|p1b: Sylveon|[spread] p1a\n|-immune|p1b: Sylveon\n|-crit|p1a: Chandelure\n|-damage|p1a: Chandelure|0 fnt\n|faint|p1a: Chandelure\n|move|p2b: Tornadus|Bleakwind Storm|p1b: Sylveon|[miss]\n|-miss|p2b: Tornadus|p1b: Sylveon\n|\n|upkeep\n|\n|t:|1771212130\n|switch|p1a: Murkrow|Murkrow, F|100/100\n|turn|4\n|\n|t:|1771212143\n|switch|p2a: Incineroar|Incineroar, M, tera:Grass|92/100\n|-ability|p2a: Incineroar|Intimidate|boost\n|-unboost|p1a: Murkrow|atk|1\n|-unboost|p1b: Sylveon|atk|1\n|move|p2b: Tornadus|Protect|p2b: Tornadus\n|-singleturn|p2b: Tornadus|Protect\n|move|p1a: Murkrow|Quash||[still]\n|-fail|p1a: Murkrow\n|move|p1b: Sylveon|Hyper Voice|p2a: Incineroar|[spread] p2a\n|-activate|p2b: Tornadus|move: Protect\n|-damage|p2a: Incineroar|45/100\n|\n|upkeep\n|turn|5\n|\n|t:|1771212173\n|move|p2b: Tornadus|Bleakwind Storm|p1a: Murkrow|[spread] p1a\n|-miss|p2b: Tornadus|p1b: Sylveon\n|-damage|p1a: Murkrow|65/100\n|move|p1a: Murkrow|Foul Play|p2a: Incineroar\n|-damage|p2a: Incineroar|13/100\n|-enditem|p2a: Incineroar|Aguav Berry|[eat]\n|-heal|p2a: Incineroar|46/100|[from] item: Aguav Berry\n|move|p1b: Sylveon|Hyper Voice|p2a: Incineroar|[spread] p2a,p2b\n|-damage|p2a: Incineroar|0 fnt\n|-damage|p2b: Tornadus|0 fnt\n|faint|p2a: Incineroar\n|faint|p2b: Tornadus\n|\n|upkeep\n|\n|t:|1771212188\n|switch|p2b: Diancie|Diancie|100/100\n|switch|p2a: Regidrago|Regidrago|100/100\n|turn|6\n|inactive|Coldblooded0706 has 120 seconds left.\n|\n|t:|1771212221\n|move|p1a: Murkrow|Quash|p2a: Regidrago\n|-activate|p2a: Regidrago|move: Quash\n|move|p1b: Sylveon|Hyper Voice|p2a: Regidrago|[spread] p2a,p2b\n|-supereffective|p2a: Regidrago\n|-damage|p2a: Regidrago|0 fnt\n|-damage|p2b: Diancie|62/100\n|faint|p2a: Regidrago\n|move|p2b: Diancie|Trick Room|p2b: Diancie\n|-fieldstart|move: Trick Room|[of] p2b: Diancie\n|\n|-heal|p2b: Diancie|68/100|[from] item: Leftovers\n|upkeep\n|\n|t:|1771212229\n|switch|p2a: Dondozo|Dondozo, M|100/100\n|turn|7\n|\n|t:|1771212255\n|move|p1a: Murkrow|Quash|p2a: Dondozo\n|-activate|p2a: Dondozo|move: Quash\n|move|p2b: Diancie|Diamond Storm|p1b: Sylveon|[spread] p1a,p1b\n|-supereffective|p1a: Murkrow\n|-damage|p1a: Murkrow|9/100\n|-damage|p1b: Sylveon|68/100\n|move|p1b: Sylveon|Hyper Voice|p2b: Diancie|[spread] p2a,p2b\n|-damage|p2a: Dondozo|44/100\n|-damage|p2b: Diancie|28/100\n|move|p2a: Dondozo|Wave Crash|p1b: Sylveon\n|-damage|p1b: Sylveon|0 fnt\n|faint|p1b: Sylveon\n|-damage|p2a: Dondozo|27/100|[from] Recoil\n|\n|-heal|p2b: Diancie|34/100|[from] item: Leftovers\n|upkeep\n|inactive|Coldblooded0706 has 120 seconds left.\n|\n|t:|1771212268\n|switch|p1b: Metagross|Metagross|100/100\n|turn|8\n|\n|t:|1771212276\n|move|p1a: Murkrow|Sunny Day|p1a: Murkrow\n|-weather|SunnyDay\n|move|p1b: Metagross|Bullet Punch|p2b: Diancie\n|-supereffective|p2b: Diancie\n|-damage|p2b: Diancie|0 fnt\n|faint|p2b: Diancie\n|move|p2a: Dondozo|Wave Crash|p1b: Metagross\n|-damage|p1b: Metagross|61/100\n|-damage|p2a: Dondozo|19/100|[from] Recoil\n|\n|-weather|SunnyDay|[upkeep]\n|upkeep\n|turn|9\n|j| Abe1254\n|-message|bladeleo forfeited.\n|\n|win|Coldblooded0706\n|raw|Coldblooded0706's rating: 1659 &rarr; <strong>1688</strong><br />(+29 for winning)\n|raw|bladeleo's rating: 1828 &rarr; <strong>1799</strong><br />(-29 for losing)\n|l|☆bladeleo\n|player|p2|\n|l| Abe1254\n|l|☆Coldblooded0706\n|player|p1|\n", "uploadtime": 1771212534, "views": 14, "formatid": "gen9doublesou", "rating": 1688, "private": 0, "password": null}