{"id": "gen9doublesou-2540093424", "format": "[Gen 9] Doubles OU", "players": ["Greenta", "daminidjz"], "log": "|j|☆Greenta\n|j|☆daminidjz\n|t:|1771160658\n|gametype|doubles\n|player|p1|Greenta|170|1577\n|player|p2|daminidjz|102|1600\n|gen|9\n|tier|[Gen 9] Doubles OU\n|rated|\n|rule|HP Percentage Mod: HP is shown in percentages\n|rule|Endless Battle Clause: Forcing endless battles is banned\n|rule|Species Clause: Limit one of each Pokémon\n|rule|OHKO Clause: OHKO moves are banned\n|rule|Evasion Moves Clause: Evasion moves are banned\n|rule|Gravity Sleep Clause: The combination of sleep-inducing moves with imperfect accuracy and Gravity or Gigantamax Orbeetle are banned\n|rule|Evasion Abilities Clause: Evasion abilities are banned\n|clearpoke\n|poke|p1|Kommo-o, M|\n|poke|p1|Indeedee-F, F|\n|poke|p1|Sinistcha|\n|poke|p1|Flamigo, M|\n|poke|p1|Oricorio-Pom-Pom, F|\n|poke|p1|Poltchageist|\n|poke|p2|Rillaboom, M|\n|poke|p2|Incineroar, M|\n|poke|p2|Gholdengo|\n|poke|p2|Ninetales-Alola, F|\n|poke|p2|Ursaluna-Bloodmoon, M|\n|poke|p2|Sneasler, F|\n|teampreview\n|inactive|Battle timer is ON: inactive players will automatically lose when time's up. (requested by Greenta)\n|\n|t:|1771160675\n|teamsize|p1|6\n|teamsize|p2|6\n|start\n|switch|p1a: Kommo-o|Kommo-o, M|100/100\n|switch|p1b: Indeedee|Indeedee-F, F|100/100\n|switch|p2a: Ninetales|Ninetales-Alola, F, shiny|100/100\n|switch|p2b: Sneasler|Sneasler, F, shiny|100/100\n|-weather|Snowscape|[from] ability: Snow Warning|[of] p2a: Ninetales\n|-fieldstart|move: Psychic Terrain|[from] ability: Psychic Surge|[of] p1b: Indeedee\n|-enditem|p1b: Indeedee|Psychic Seed\n|-boost|p1b: Indeedee|spd|1|[from] item: Psychic Seed\n|turn|1\n|\n|t:|1771160701\n|move|p1b: Indeedee|Follow Me|p1b: Indeedee\n|-singleturn|p1b: Indeedee|move: Follow Me\n|move|p2a: Ninetales|Blizzard|p1b: Indeedee|[spread] p1a,p1b\n|-supereffective|p1a: Kommo-o\n|-damage|p1a: Kommo-o|58/100\n|-damage|p1b: Indeedee|81/100\n|move|p2b: Sneasler|Close Combat|p1b: Indeedee\n|-damage|p1b: Indeedee|17/100\n|-unboost|p2b: Sneasler|def|1\n|-unboost|p2b: Sneasler|spd|1\n|-enditem|p2b: Sneasler|White Herb\n|-clearnegativeboost|p2b: Sneasler|[silent]\n|move|p1a: Kommo-o|Clangorous Soul|p1a: Kommo-o\n|-boost|p1a: Kommo-o|atk|1\n|-boost|p1a: Kommo-o|def|1\n|-boost|p1a: Kommo-o|spa|1\n|-boost|p1a: Kommo-o|spd|1\n|-boost|p1a: Kommo-o|spe|1\n|-damage|p1a: Kommo-o|25/100\n|\n|-weather|Snowscape|[upkeep]\n|upkeep\n|turn|2\n|inactive|Greenta has 120 seconds left.\n|\n|t:|1771160737\n|move|p2b: Sneasler|Protect|p2b: Sneasler\n|-singleturn|p2b: Sneasler|Protect\n|move|p1b: Indeedee|Follow Me|p1b: Indeedee\n|-singleturn|p1b: Indeedee|move: Follow Me\n|move|p2a: Ninetales|Blizzard|p1a: Kommo-o|[spread] p1a,p1b\n|-supereffective|p1a: Kommo-o\n|-damage|p1a: Kommo-o|0 fnt\n|-damage|p1b: Indeedee|0 fnt\n|faint|p1a: Kommo-o\n|faint|p1b: Indeedee\n|\n|-weather|Snowscape|[upkeep]\n|upkeep\n|\n|t:|1771160751\n|switch|p1a: Flamigo|Flamigo, M|100/100\n|switch|p1b: Oricorio|Oricorio-Pom-Pom, F|100/100\n|-copyboost|p1a: Flamigo|p1b: Oricorio|[from] ability: Costar\n|turn|3\n|\n|t:|1771160762\n|move|p1a: Flamigo|Wide Guard|p1a: Flamigo\n|-singleturn|p1a: Flamigo|Wide Guard\n|move|p2b: Sneasler|Acrobatics|p1a: Flamigo\n|-supereffective|p1a: Flamigo\n|-damage|p1a: Flamigo|0 fnt\n|faint|p1a: Flamigo\n|move|p2a: Ninetales|Blizzard|p1b: Oricorio\n|-activate|p1b: Oricorio|move: Wide Guard\n|move|p1b: Oricorio|Quiver Dance|p1b: Oricorio\n|-boost|p1b: Oricorio|spa|1\n|-boost|p1b: Oricorio|spd|1\n|-boost|p1b: Oricorio|spe|1\n|\n|-weather|Snowscape|[upkeep]\n|upkeep\n|inactive|Greenta has 120 seconds left.\n|\n|t:|1771160791\n|switch|p1a: Poltchageist|Poltchageist|100/100\n|turn|4\n|\n|t:|1771160797\n|move|p2b: Sneasler|Protect|p2b: Sneasler\n|-singleturn|p2b: Sneasler|Protect\n|move|p1a: Poltchageist|Rage Powder|p1a: Poltchageist\n|-singleturn|p1a: Poltchageist|move: Rage Powder\n|move|p2a: Ninetales|Blizzard|p1a: Poltchageist|[spread] p1a,p1b\n|-supereffective|p1a: Poltchageist\n|-supereffective|p1b: Oricorio\n|-damage|p1a: Poltchageist|17/100\n|-damage|p1b: Oricorio|46/100\n|-enditem|p1b: Oricorio|Sitrus Berry|[eat]\n|-heal|p1b: Oricorio|71/100|[from] item: Sitrus Berry\n|move|p1b: Oricorio|Quiver Dance|p1b: Oricorio\n|-boost|p1b: Oricorio|spa|1\n|-boost|p1b: Oricorio|spd|1\n|-boost|p1b: Oricorio|spe|1\n|\n|-weather|Snowscape|[upkeep]\n|upkeep\n|turn|5\n|\n|t:|1771160814\n|switch|p2b: Ursaluna|Ursaluna-Bloodmoon, M|100/100\n|switch|p1a: Sinistcha|Sinistcha|100/100\n|-heal|p1b: Oricorio|96/100|[from] ability: Hospitality|[of] p1a: Sinistcha\n|move|p1b: Oricorio|Quiver Dance|p1b: Oricorio\n|-boost|p1b: Oricorio|spa|1\n|-boost|p1b: Oricorio|spd|1\n|-boost|p1b: Oricorio|spe|1\n|move|p2a: Ninetales|Blizzard|p1b: Oricorio|[spread] p1a,p1b\n|-supereffective|p1a: Sinistcha\n|-supereffective|p1b: Oricorio\n|-damage|p1a: Sinistcha|24/100\n|-damage|p1b: Oricorio|64/100\n|-enditem|p1a: Sinistcha|Sitrus Berry|[eat]\n|-heal|p1a: Sinistcha|48/100|[from] item: Sitrus Berry\n|\n|-weather|none\n|-fieldend|move: Psychic Terrain\n|upkeep\n|turn|6\n|\n|t:|1771160838\n|move|p1b: Oricorio|Air Slash|p2b: Ursaluna\n|-damage|p2b: Ursaluna|49/100\n|move|p2a: Ninetales|Blizzard|p1b: Oricorio|[spread] p1a,p1b\n|-supereffective|p1a: Sinistcha\n|-supereffective|p1b: Oricorio\n|-damage|p1a: Sinistcha|0 fnt\n|-damage|p1b: Oricorio|33/100\n|faint|p1a: Sinistcha\n|cant|p2b: Ursaluna|flinch\n|\n|upkeep\n|\n|t:|1771160847\n|switch|p1a: Poltchageist|Poltchageist|17/100\n|-heal|p1b: Oricorio|58/100|[from] ability: Hospitality|[of] p1a: Poltchageist\n|turn|7\n|\n|t:|1771160855\n|move|p2b: Ursaluna|Vacuum Wave|p1a: Poltchageist\n|-damage|p1a: Poltchageist|0 fnt\n|faint|p1a: Poltchageist\n|move|p1b: Oricorio|Air Slash|p2b: Ursaluna\n|-damage|p2b: Ursaluna|4/100\n|move|p2a: Ninetales|Blizzard|p1b: Oricorio\n|-supereffective|p1b: Oricorio\n|-damage|p1b: Oricorio|16/100\n|-status|p1b: Oricorio|frz\n|\n|upkeep\n|turn|8\n|c|☆daminidjz|what was the plan here man?\n|\n|t:|1771160880\n|cant|p1b: Oricorio|frz\n|move|p2a: Ninetales|Blizzard|p1b: Oricorio\n|-supereffective|p1b: Oricorio\n|-damage|p1b: Oricorio|0 fnt\n|faint|p1b: Oricorio\n|\n|win|daminidjz\n|raw|Greenta's rating: 1577 &rarr; <strong>1558</strong><br />(-19 for losing)\n|raw|daminidjz's rating: 1600 &rarr; <strong>1619</strong><br />(+19 for winning)\n|c|☆daminidjz|gg\n|l|☆daminidjz\n|player|p2|\n", "uploadtime": 1771161236, "views": 9, "formatid": "gen9doublesou", "rating": 1558, "private": 0, "password": null}