{"id": "gen9doublesou-2540513087", "format": "[Gen 9] Doubles OU", "players": ["bladeleo", "drapionelectivire"], "log": "|badge|p1|silver|gen9doublesou|30-8\n|uhtml|medal-msg|<div class=\"broadcast-blue\">Curious what those medals under the avatar are? PS now has Ladder Seasons! For more information, check out the <a href=\"https://www.smogon.com/forums/threads/3740067/\">thread on Smogon.</a></div>\n|badge|p2|silver|gen9doublesou|30-8\n|uhtml|medal-msg|<div class=\"broadcast-blue\">Curious what those medals under the avatar are? PS now has Ladder Seasons! For more information, check out the <a href=\"https://www.smogon.com/forums/threads/3740067/\">thread on Smogon.</a></div>\n|j|☆bladeleo\n|j|☆drapionelectivire\n|t:|1771211446\n|gametype|doubles\n|player|p1|bladeleo|169|1848\n|player|p2|drapionelectivire|2|1850\n|gen|9\n|tier|[Gen 9] Doubles OU\n|rated|\n|rule|HP Percentage Mod: HP is shown in percentages\n|rule|Endless Battle Clause: Forcing endless battles is banned\n|rule|Species Clause: Limit one of each Pokémon\n|rule|OHKO Clause: OHKO moves are banned\n|rule|Evasion Moves Clause: Evasion moves are banned\n|rule|Gravity Sleep Clause: The combination of sleep-inducing moves with imperfect accuracy and Gravity or Gigantamax Orbeetle are banned\n|rule|Evasion Abilities Clause: Evasion abilities are banned\n|clearpoke\n|poke|p1|Incineroar, M|\n|poke|p1|Dondozo, F|\n|poke|p1|Tornadus, M|\n|poke|p1|Regidrago|\n|poke|p1|Diancie|\n|poke|p1|Volcanion|\n|poke|p2|Torkoal, F|\n|poke|p2|Lilligant-Hisui, F|\n|poke|p2|Farigiraf, M|\n|poke|p2|Raging Bolt|\n|poke|p2|Walking Wake|\n|poke|p2|Typhlosion-Hisui, M|\n|teampreview\n|inactive|Battle timer is ON: inactive players will automatically lose when time's up. (requested by drapionelectivire)\n|\n|t:|1771211475\n|teamsize|p1|6\n|teamsize|p2|6\n|start\n|switch|p1a: Tornadus|Tornadus, M|100/100\n|switch|p1b: Regidrago|Regidrago|100/100\n|switch|p2a: Torkoal|Torkoal, F|100/100\n|switch|p2b: Raging Bolt|Raging Bolt|100/100\n|-weather|SunnyDay|[from] ability: Drought|[of] p2a: Torkoal\n|-activate|p2b: Raging Bolt|ability: Protosynthesis\n|-start|p2b: Raging Bolt|protosynthesisspa\n|turn|1\n|\n|t:|1771211495\n|-terastallize|p1b: Regidrago|Fairy\n|-terastallize|p2b: Raging Bolt|Fairy\n|move|p2a: Torkoal|Protect|p2a: Torkoal\n|-singleturn|p2a: Torkoal|Protect\n|move|p1a: Tornadus|Rain Dance|p1a: Tornadus\n|-weather|RainDance\n|-end|p2b: Raging Bolt|Protosynthesis\n|move|p1b: Regidrago|Dragon Energy|p2a: Torkoal|[spread] \n|-activate|p2a: Torkoal|move: Protect\n|-immune|p2b: Raging Bolt\n|move|p2b: Raging Bolt|Tera Blast|p1b: Regidrago|[anim] Tera Blast Fairy\n|-damage|p1b: Regidrago|52/100\n|\n|-weather|RainDance|[upkeep]\n|upkeep\n|turn|2\n|\n|t:|1771211515\n|switch|p1a: Diancie|Diancie|100/100\n|switch|p2a: Farigiraf|Farigiraf, M|100/100\n|move|p1b: Regidrago|Dragon Energy|p2b: Raging Bolt|[spread] p2a\n|-immune|p2b: Raging Bolt\n|-damage|p2a: Farigiraf|59/100\n|move|p2b: Raging Bolt|Thunderbolt|p1a: Diancie\n|-damage|p1a: Diancie|62/100\n|\n|-weather|RainDance|[upkeep]\n|-heal|p1a: Diancie|68/100|[from] item: Leftovers\n|upkeep\n|turn|3\n|\n|t:|1771211536\n|move|p2b: Raging Bolt|Thunderclap|p1b: Regidrago\n|-damage|p1b: Regidrago|7/100\n|move|p1b: Regidrago|Dragon Energy|p2a: Farigiraf|[spread] p2a\n|-immune|p2b: Raging Bolt\n|-damage|p2a: Farigiraf|54/100\n|move|p2a: Farigiraf|Hyper Voice|p1a: Diancie|[spread] p1a,p1b\n|-resisted|p1a: Diancie\n|-damage|p1a: Diancie|56/100\n|-damage|p1b: Regidrago|0 fnt\n|faint|p1b: Regidrago\n|-enditem|p2a: Farigiraf|Throat Spray\n|-boost|p2a: Farigiraf|spa|1|[from] item: Throat Spray\n|move|p1a: Diancie|Trick Room|p1a: Diancie\n|-fieldstart|move: Trick Room|[of] p1a: Diancie\n|\n|-weather|RainDance|[upkeep]\n|-heal|p1a: Diancie|63/100|[from] item: Leftovers\n|upkeep\n|inactive|bladeleo has 120 seconds left.\n|\n|t:|1771211553\n|switch|p1b: Incineroar|Incineroar, M|100/100\n|-ability|p1b: Incineroar|Intimidate|boost\n|-unboost|p2a: Farigiraf|atk|1\n|-unboost|p2b: Raging Bolt|atk|1\n|turn|4\n|\n|t:|1771211566\n|move|p1a: Diancie|Diamond Storm|p2b: Raging Bolt|[spread] p2a,p2b\n|-damage|p2a: Farigiraf|25/100\n|-damage|p2b: Raging Bolt|78/100\n|move|p2a: Farigiraf|Dazzling Gleam|p1b: Incineroar|[spread] p1a,p1b\n|-damage|p1a: Diancie|40/100\n|-damage|p1b: Incineroar|78/100\n|move|p1b: Incineroar|Snarl|p2a: Farigiraf|[spread] p2a,p2b\n|-supereffective|p2a: Farigiraf\n|-resisted|p2b: Raging Bolt\n|-damage|p2a: Farigiraf|0 fnt\n|-damage|p2b: Raging Bolt|73/100\n|-unboost|p2b: Raging Bolt|spa|1\n|faint|p2a: Farigiraf\n|move|p2b: Raging Bolt|Thunderbolt|p1a: Diancie\n|-damage|p1a: Diancie|14/100\n|\n|-weather|RainDance|[upkeep]\n|-heal|p1a: Diancie|20/100|[from] item: Leftovers\n|-heal|p2b: Raging Bolt|79/100|[from] item: Leftovers\n|upkeep\n|\n|t:|1771211584\n|switch|p2a: Torkoal|Torkoal, F|100/100\n|-weather|SunnyDay|[from] ability: Drought|[of] p2a: Torkoal\n|-activate|p2b: Raging Bolt|ability: Protosynthesis\n|-start|p2b: Raging Bolt|protosynthesisspa\n|turn|5\n|\n|t:|1771211596\n|switch|p1a: Volcanion|Volcanion|100/100\n|move|p2a: Torkoal|Eruption|p1a: Volcanion|[spread] p1a,p1b\n|-resisted|p1a: Volcanion\n|-resisted|p1b: Incineroar\n|-damage|p1a: Volcanion|84/100\n|-damage|p1b: Incineroar|51/100\n|move|p1b: Incineroar|Parting Shot|p2a: Torkoal\n|-unboost|p2a: Torkoal|atk|1\n|-unboost|p2a: Torkoal|spa|1\n|\n|t:|1771211616\n|switch|p1b: Tornadus|Tornadus, M|100/100|[from] Parting Shot\n|move|p2b: Raging Bolt|Thunderbolt|p1b: Tornadus\n|-supereffective|p1b: Tornadus\n|-damage|p1b: Tornadus|14/100\n|\n|-weather|SunnyDay|[upkeep]\n|-heal|p1a: Volcanion|90/100|[from] item: Leftovers\n|-heal|p2b: Raging Bolt|86/100|[from] item: Leftovers\n|upkeep\n|turn|6\n|\n|t:|1771211633\n|switch|p2a: Walking Wake|Walking Wake|100/100\n|-activate|p2a: Walking Wake|ability: Protosynthesis\n|-start|p2a: Walking Wake|protosynthesisspe\n|move|p1b: Tornadus|Protect|p1b: Tornadus\n|-singleturn|p1b: Tornadus|Protect\n|move|p1a: Volcanion|Heat Wave|p2b: Raging Bolt|[spread] p2a,p2b\n|-resisted|p2a: Walking Wake\n|-damage|p2a: Walking Wake|85/100\n|-damage|p2b: Raging Bolt|39/100\n|move|p2b: Raging Bolt|Thunderbolt|p1b: Tornadus\n|-activate|p1b: Tornadus|move: Protect\n|\n|-weather|SunnyDay|[upkeep]\n|-heal|p1a: Volcanion|96/100|[from] item: Leftovers\n|-heal|p2b: Raging Bolt|45/100|[from] item: Leftovers\n|upkeep\n|turn|7\n|inactive|bladeleo has 120 seconds left.\n|\n|t:|1771211663\n|switch|p1b: Incineroar|Incineroar, M|51/100\n|-ability|p1b: Incineroar|Intimidate|boost\n|-unboost|p2a: Walking Wake|atk|1\n|-unboost|p2b: Raging Bolt|atk|1\n|move|p2b: Raging Bolt|Protect|p2b: Raging Bolt\n|-singleturn|p2b: Raging Bolt|Protect\n|move|p2a: Walking Wake|Protect|p2a: Walking Wake\n|-singleturn|p2a: Walking Wake|Protect\n|move|p1a: Volcanion|Heat Wave|p2b: Raging Bolt|[spread] \n|-activate|p2a: Walking Wake|move: Protect\n|-activate|p2b: Raging Bolt|move: Protect\n|\n|-weather|SunnyDay|[upkeep]\n|-heal|p1a: Volcanion|100/100|[from] item: Leftovers\n|-heal|p2b: Raging Bolt|51/100|[from] item: Leftovers\n|-fieldend|move: Trick Room\n|upkeep\n|turn|8\n|\n|t:|1771211682\n|-end|p2b: Raging Bolt|Protosynthesis|[silent]\n|switch|p2b: Typhlosion|Typhlosion-Hisui, M|100/100\n|move|p1b: Incineroar|Fake Out|p2a: Walking Wake\n|-damage|p2a: Walking Wake|74/100\n|cant|p2a: Walking Wake|flinch\n|move|p1a: Volcanion|Heat Wave|p2b: Typhlosion|[spread] p2a,p2b\n|-resisted|p2a: Walking Wake\n|-resisted|p2b: Typhlosion\n|-damage|p2a: Walking Wake|59/100\n|-damage|p2b: Typhlosion|66/100\n|\n|-weather|SunnyDay|[upkeep]\n|upkeep\n|turn|9\n|\n|t:|1771211700\n|switch|p2b: Raging Bolt|Raging Bolt, tera:Fairy|51/100\n|-activate|p2b: Raging Bolt|ability: Protosynthesis\n|-start|p2b: Raging Bolt|protosynthesisspa\n|switch|p1b: Dondozo|Dondozo, F|100/100\n|move|p2a: Walking Wake|Hydro Steam|p1b: Dondozo\n|-resisted|p1b: Dondozo\n|-damage|p1b: Dondozo|64/100\n|-damage|p2a: Walking Wake|49/100|[from] item: Life Orb\n|move|p1a: Volcanion|Earth Power|p2b: Raging Bolt\n|-damage|p2b: Raging Bolt|24/100\n|\n|-weather|SunnyDay|[upkeep]\n|-heal|p2b: Raging Bolt|30/100|[from] item: Leftovers\n|upkeep\n|turn|10\n|\n|t:|1771211728\n|move|p2a: Walking Wake|Draco Meteor|p1b: Dondozo\n|-damage|p1b: Dondozo|0 fnt\n|-unboost|p2a: Walking Wake|spa|2\n|faint|p1b: Dondozo\n|-damage|p2a: Walking Wake|39/100|[from] item: Life Orb\n|move|p2b: Raging Bolt|Thunderbolt|p1a: Volcanion\n|-supereffective|p1a: Volcanion\n|-damage|p1a: Volcanion|0 fnt\n|faint|p1a: Volcanion\n|\n|-weather|SunnyDay|[upkeep]\n|-heal|p2b: Raging Bolt|36/100|[from] item: Leftovers\n|upkeep\n|inactive|bladeleo has 120 seconds left.\n|\n|t:|1771211741\n|switch|p1a: Incineroar|Incineroar, M|51/100\n|switch|p1b: Diancie|Diancie|20/100\n|-ability|p1a: Incineroar|Intimidate|boost\n|-unboost|p2a: Walking Wake|atk|1\n|-unboost|p2b: Raging Bolt|atk|1\n|turn|11\n|-message|bladeleo forfeited.\n|\n|win|drapionelectivire\n|raw|bladeleo's rating: 1848 &rarr; <strong>1828</strong><br />(-20 for losing)\n|raw|drapionelectivire's rating: 1850 &rarr; <strong>1870</strong><br />(+20 for winning)\n|l|☆bladeleo\n|player|p1|\n|c|☆drapionelectivire|GG\n|l|☆drapionelectivire\n|player|p2|\n", "uploadtime": 1771211994, "views": 16, "formatid": "gen9doublesou", "rating": 1828, "private": 0, "password": null}