{"id": "gen9doublesou-2540489682", "format": "[Gen 9] Doubles OU", "players": ["nastykarma", "natana6l"], "log": "|j|‽nastykarma\n|j|☆natana6l\n|t:|1771208447\n|gametype|doubles\n|player|p1|nastykarma|1|1594\n|player|p2|natana6l|flannery|1505\n|gen|9\n|tier|[Gen 9] Doubles OU\n|rated|\n|rule|HP Percentage Mod: HP is shown in percentages\n|rule|Endless Battle Clause: Forcing endless battles is banned\n|rule|Species Clause: Limit one of each Pokémon\n|rule|OHKO Clause: OHKO moves are banned\n|rule|Evasion Moves Clause: Evasion moves are banned\n|rule|Gravity Sleep Clause: The combination of sleep-inducing moves with imperfect accuracy and Gravity or Gigantamax Orbeetle are banned\n|rule|Evasion Abilities Clause: Evasion abilities are banned\n|clearpoke\n|poke|p1|Entei|\n|poke|p1|Amoonguss, M|\n|poke|p1|Landorus, M|\n|poke|p1|Roaring Moon|\n|poke|p1|Raging Bolt|\n|poke|p1|Gallade, M|\n|poke|p2|Latios, M|\n|poke|p2|Sneasler, F|\n|poke|p2|Cinderace, M|\n|poke|p2|Serperior, F|\n|poke|p2|Tyranitar, F|\n|poke|p2|Dragapult, M|\n|teampreview\n|inactive|Battle timer is ON: inactive players will automatically lose when time's up. (requested by natana6l)\n|\n|t:|1771208458\n|teamsize|p1|6\n|teamsize|p2|6\n|start\n|switch|p1a: Roaring Moon|Roaring Moon|100/100\n|switch|p1b: Entei|Entei|100/100\n|switch|p2a: Sneasler|Sneasler, F, shiny|100/100\n|switch|p2b: Latios|Latios, M|100/100\n|-enditem|p1a: Roaring Moon|Booster Energy\n|-activate|p1a: Roaring Moon|ability: Protosynthesis|[fromitem]\n|-start|p1a: Roaring Moon|protosynthesisspe\n|turn|1\n|\n|t:|1771208474\n|move|p1a: Roaring Moon|Protect|p1a: Roaring Moon\n|-singleturn|p1a: Roaring Moon|Protect\n|move|p2a: Sneasler|Fake Out|p1a: Roaring Moon\n|-activate|p1a: Roaring Moon|move: Protect\n|move|p2b: Latios|Tailwind|p2b: Latios\n|-sidestart|p2: natana6l|move: Tailwind\n|move|p1b: Entei|Sacred Fire|p2a: Sneasler\n|-damage|p2a: Sneasler|23/100\n|\n|upkeep\n|turn|2\n|\n|t:|1771208488\n|move|p1b: Entei|Extreme Speed|p2a: Sneasler\n|-damage|p2a: Sneasler|0 fnt\n|faint|p2a: Sneasler\n|move|p2b: Latios|Draco Meteor|p1a: Roaring Moon\n|-supereffective|p1a: Roaring Moon\n|-damage|p1a: Roaring Moon|0 fnt\n|-unboost|p2b: Latios|spa|2\n|faint|p1a: Roaring Moon\n|-end|p1a: Roaring Moon|Protosynthesis|[silent]\n|\n|upkeep\n|\n|t:|1771208500\n|switch|p2a: Tyranitar|Tyranitar, F|100/100\n|switch|p1a: Gallade|Gallade, M|100/100\n|-weather|Sandstorm|[from] ability: Sand Stream|[of] p2a: Tyranitar\n|turn|3\n|\n|t:|1771208506\n|move|p2b: Latios|Ally Switch|p2b: Latios\n|swap|p2b: Latios|0|[from] move: Ally Switch\n|move|p1b: Entei|Snarl|p2a: Latios|[spread] p2a,p2b\n|-supereffective|p2a: Latios\n|-resisted|p2b: Tyranitar\n|-damage|p2a: Latios|85/100\n|-damage|p2b: Tyranitar|98/100\n|-unboost|p2a: Latios|spa|1\n|-unboost|p2b: Tyranitar|spa|1\n|move|p2b: Tyranitar|Rock Slide|p1b: Entei|[spread] p1a,p1b\n|-resisted|p1a: Gallade\n|-supereffective|p1b: Entei\n|-damage|p1a: Gallade|78/100\n|-damage|p1b: Entei|31/100\n|cant|p1a: Gallade|flinch\n|\n|-weather|Sandstorm|[upkeep]\n|-damage|p2a: Latios|79/100|[from] Sandstorm\n|-damage|p1b: Entei|24/100|[from] Sandstorm\n|-damage|p1a: Gallade|72/100|[from] Sandstorm\n|upkeep\n|turn|4\n|\n|t:|1771208528\n|switch|p2a: Serperior|Serperior, F|100/100\n|move|p2b: Tyranitar|Protect|p2b: Tyranitar\n|-singleturn|p2b: Tyranitar|Protect\n|move|p1b: Entei|Sacred Fire|p2a: Serperior\n|-supereffective|p2a: Serperior\n|-damage|p2a: Serperior|0 fnt\n|faint|p2a: Serperior\n|move|p1a: Gallade|Sacred Sword|p2b: Tyranitar\n|-activate|p2b: Tyranitar|move: Protect\n|\n|-weather|Sandstorm|[upkeep]\n|-damage|p1b: Entei|18/100|[from] Sandstorm\n|-damage|p1a: Gallade|65/100|[from] Sandstorm\n|-sideend|p2: natana6l|move: Tailwind\n|upkeep\n|\n|t:|1771208542\n|switch|p2a: Cinderace|Cinderace, M|100/100\n|turn|5\n|\n|t:|1771208550\n|move|p2a: Cinderace|Sucker Punch|p1a: Gallade\n|-start|p2a: Cinderace|typechange|Dark|[from] ability: Libero\n|-damage|p1a: Gallade|7/100\n|-damage|p2a: Cinderace|91/100|[from] item: Life Orb\n|move|p1b: Entei|Stomping Tantrum|p2a: Cinderace\n|-damage|p2a: Cinderace|54/100\n|move|p1a: Gallade|Sacred Sword|p2b: Tyranitar\n|-supereffective|p2b: Tyranitar\n|-crit|p2b: Tyranitar\n|-damage|p2b: Tyranitar|0 fnt\n|faint|p2b: Tyranitar\n|\n|-weather|Sandstorm|[upkeep]\n|-damage|p2a: Cinderace|48/100|[from] Sandstorm\n|-damage|p1b: Entei|12/100|[from] Sandstorm\n|-damage|p1a: Gallade|0 fnt|[from] Sandstorm\n|faint|p1a: Gallade\n|upkeep\n|\n|t:|1771208567\n|switch|p1a: Landorus|Landorus, M|100/100\n|switch|p2b: Dragapult|Dragapult, M, shiny|100/100\n|turn|6\n|\n|t:|1771208584\n|move|p1a: Landorus|Protect|p1a: Landorus\n|-singleturn|p1a: Landorus|Protect\n|move|p1b: Entei|Extreme Speed|p2a: Cinderace\n|-damage|p2a: Cinderace|11/100\n|move|p2a: Cinderace|Iron Head|p1b: Entei\n|-resisted|p1b: Entei\n|-damage|p1b: Entei|0 fnt\n|faint|p1b: Entei\n|-damage|p2a: Cinderace|1/100|[from] item: Life Orb\n|move|p2b: Dragapult|Dragon Dance|p2b: Dragapult\n|-boost|p2b: Dragapult|atk|1\n|-boost|p2b: Dragapult|spe|1\n|\n|-weather|Sandstorm|[upkeep]\n|-damage|p2b: Dragapult|94/100|[from] Sandstorm\n|-damage|p2a: Cinderace|0 fnt|[from] Sandstorm\n|faint|p2a: Cinderace\n|upkeep\n|\n|t:|1771208599\n|switch|p2a: Latios|Latios, M|79/100\n|switch|p1b: Amoonguss|Amoonguss, M|100/100\n|turn|7\n|\n|t:|1771208610\n|move|p2b: Dragapult|Dragon Darts|p1a: Landorus\n|-damage|p1a: Landorus|54/100\n|-anim|p2b: Dragapult|Dragon Darts|p1b: Amoonguss\n|-crit|p1b: Amoonguss\n|-damage|p1b: Amoonguss|40/100\n|-enditem|p1b: Amoonguss|Sitrus Berry|[eat]\n|-heal|p1b: Amoonguss|65/100|[from] item: Sitrus Berry\n|move|p2a: Latios|Luster Purge|p1b: Amoonguss\n|-supereffective|p1b: Amoonguss\n|-damage|p1b: Amoonguss|0 fnt\n|faint|p1b: Amoonguss\n|move|p1a: Landorus|Earth Power|p2b: Dragapult\n|-damage|p2b: Dragapult|2/100\n|-enditem|p2b: Dragapult|Sitrus Berry|[eat]\n|-heal|p2b: Dragapult|27/100|[from] item: Sitrus Berry\n|\n|-weather|none\n|upkeep\n|\n|t:|1771208612\n|switch|p1b: Raging Bolt|Raging Bolt|100/100\n|-enditem|p1b: Raging Bolt|Booster Energy\n|-activate|p1b: Raging Bolt|ability: Protosynthesis|[fromitem]\n|-start|p1b: Raging Bolt|protosynthesisspa\n|turn|8\n|\n|t:|1771208623\n|-terastallize|p2a: Latios|Steel\n|-terastallize|p1b: Raging Bolt|Fairy\n|move|p1a: Landorus|Protect|p1a: Landorus\n|-singleturn|p1a: Landorus|Protect\n|move|p2b: Dragapult|Phantom Force||[still]\n|-prepare|p2b: Dragapult|Phantom Force\n|move|p2a: Latios|Draco Meteor|p1b: Raging Bolt\n|-immune|p1b: Raging Bolt\n|move|p1b: Raging Bolt|Dragon Pulse|p2b: Dragapult|[miss]\n|-miss|p1b: Raging Bolt|p2b: Dragapult\n|\n|upkeep\n|turn|9\n|\n|t:|1771208644\n|move|p1b: Raging Bolt|Thunderclap|p2b: Dragapult|[miss]\n|-miss|p1b: Raging Bolt|p2b: Dragapult\n|move|p2b: Dragapult|Phantom Force|p1a: Landorus|[from] lockedmove\n|-damage|p1a: Landorus|0 fnt\n|faint|p1a: Landorus\n|move|p2a: Latios|Luster Purge|p1b: Raging Bolt\n|-crit|p1b: Raging Bolt\n|-damage|p1b: Raging Bolt|30/100\n|-unboost|p1b: Raging Bolt|spd|1\n|\n|upkeep\n|turn|10\n|\n|t:|1771208655\n|move|p1b: Raging Bolt|Thunderclap|p2b: Dragapult\n|-resisted|p2b: Dragapult\n|-damage|p2b: Dragapult|0 fnt\n|faint|p2b: Dragapult\n|move|p2a: Latios|Luster Purge|p1b: Raging Bolt\n|-damage|p1b: Raging Bolt|0 fnt\n|faint|p1b: Raging Bolt\n|-end|p1b: Raging Bolt|Protosynthesis|[silent]\n|\n|win|natana6l\n|raw|nastykarma's rating: 1594 &rarr; <strong>1569</strong><br />(-25 for losing)\n|raw|natana6l's rating: 1505 &rarr; <strong>1530</strong><br />(+25 for winning)\n|l|☆natana6l\n|player|p2|\n|l|‽nastykarma\n|player|p1|\n", "uploadtime": 1771209021, "views": 13, "formatid": "gen9doublesou", "rating": 1530, "private": 0, "password": null}