{"id": "gen9doublesou-2540391700", "format": "[Gen 9] Doubles OU", "players": ["TirTire", "pigrider09"], "log": "|j|☆TirTire\n|j|☆pigrider09\n|t:|1771196387\n|gametype|doubles\n|player|p1|TirTire|bugcatcher-gen4dp|1579\n|player|p2|pigrider09|barry|1583\n|gen|9\n|tier|[Gen 9] Doubles OU\n|rated|\n|rule|HP Percentage Mod: HP is shown in percentages\n|rule|Endless Battle Clause: Forcing endless battles is banned\n|rule|Species Clause: Limit one of each Pokémon\n|rule|OHKO Clause: OHKO moves are banned\n|rule|Evasion Moves Clause: Evasion moves are banned\n|rule|Gravity Sleep Clause: The combination of sleep-inducing moves with imperfect accuracy and Gravity or Gigantamax Orbeetle are banned\n|rule|Evasion Abilities Clause: Evasion abilities are banned\n|clearpoke\n|poke|p1|Raging Bolt|\n|poke|p1|Torkoal, M|\n|poke|p1|Brute Bonnet|\n|poke|p1|Lilligant, F|\n|poke|p1|Incineroar, M|\n|poke|p1|Walking Wake|\n|poke|p2|Tyranitar, F|\n|poke|p2|Ogerpon-Wellspring, F|\n|poke|p2|Houndstone, M|\n|poke|p2|Ting-Lu|\n|poke|p2|Cresselia, F|\n|poke|p2|Iron Bundle|\n|teampreview\n|\n|t:|1771196416\n|teamsize|p1|6\n|teamsize|p2|6\n|start\n|switch|p1a: ISSBROKIE|Lilligant, F|100/100\n|switch|p1b: Joji|Incineroar, M|100/100\n|switch|p2a: Moose on the Loose|Ting-Lu|100/100\n|switch|p2b: Ogerpoggies|Ogerpon-Wellspring, F|100/100\n|-ability|p1b: Joji|Intimidate|boost\n|-unboost|p2a: Moose on the Loose|atk|1\n|-unboost|p2b: Ogerpoggies|atk|1\n|-ability|p2a: Moose on the Loose|Vessel of Ruin\n|turn|1\n|inactive|Battle timer is ON: inactive players will automatically lose when time's up. (requested by pigrider09)\n|\n|t:|1771196442\n|move|p2b: Ogerpoggies|Spiky Shield|p2b: Ogerpoggies\n|-singleturn|p2b: Ogerpoggies|move: Protect\n|move|p1b: Joji|Fake Out|p2b: Ogerpoggies\n|-activate|p2b: Ogerpoggies|move: Protect\n|-damage|p1b: Joji|88/100|[from] Spiky Shield|[of] p2b: Ogerpoggies\n|move|p1a: ISSBROKIE|Sleep Powder|p2a: Moose on the Loose\n|-status|p2a: Moose on the Loose|slp|[from] move: Sleep Powder\n|cant|p2a: Moose on the Loose|slp\n|\n|upkeep\n|turn|2\n|c|☆TirTire|lets go gambling!\n|inactive|TirTire has 120 seconds left.\n|\n|t:|1771196475\n|switch|p1a: MF DOOM|Raging Bolt|100/100\n|-enditem|p1a: MF DOOM|Booster Energy\n|-activate|p1a: MF DOOM|ability: Protosynthesis|[fromitem]\n|-start|p1a: MF DOOM|protosynthesisspa\n|move|p2b: Ogerpoggies|Ivy Cudgel|p1b: Joji|[anim] Ivy Cudgel Water\n|-supereffective|p1b: Joji\n|-damage|p1b: Joji|13/100\n|-enditem|p1b: Joji|Eject Button\n|inactive|TirTire has 120 seconds left.\n|\n|t:|1771196500\n|switch|p1b: Aesop Rock|Brute Bonnet|100/100\n|cant|p2a: Moose on the Loose|slp\n|\n|upkeep\n|turn|3\n|\n|t:|1771196523\n|move|p2b: Ogerpoggies|Spiky Shield|p2b: Ogerpoggies\n|-singleturn|p2b: Ogerpoggies|move: Protect\n|move|p1a: MF DOOM|Thunderbolt|p2b: Ogerpoggies\n|-activate|p2b: Ogerpoggies|move: Protect\n|move|p1b: Aesop Rock|Seed Bomb|p2a: Moose on the Loose\n|-supereffective|p2a: Moose on the Loose\n|-damage|p2a: Moose on the Loose|57/100 slp\n|-curestatus|p2a: Moose on the Loose|slp|[msg]\n|move|p2a: Moose on the Loose|Stealth Rock|p1b: Aesop Rock\n|-sidestart|p1: TirTire|move: Stealth Rock\n|\n|-heal|p2a: Moose on the Loose|64/100|[from] item: Leftovers\n|upkeep\n|turn|4\n|inactive|pigrider09 has 120 seconds left.\n|\n|t:|1771196555\n|switch|p2b: Stop Fighting!|Tyranitar, F|100/100\n|-weather|Sandstorm|[from] ability: Sand Stream|[of] p2b: Stop Fighting!\n|-terastallize|p2a: Moose on the Loose|Poison\n|move|p1a: MF DOOM|Protect|p1a: MF DOOM\n|-singleturn|p1a: MF DOOM|Protect\n|move|p1b: Aesop Rock|Spore|p2a: Moose on the Loose\n|-status|p2a: Moose on the Loose|slp|[from] move: Spore\n|cant|p2a: Moose on the Loose|slp\n|\n|-weather|Sandstorm|[upkeep]\n|-damage|p1a: MF DOOM|94/100|[from] Sandstorm\n|-damage|p1b: Aesop Rock|94/100|[from] Sandstorm\n|-damage|p2a: Moose on the Loose|57/100 slp|[from] Sandstorm\n|-heal|p2a: Moose on the Loose|64/100 slp|[from] item: Leftovers\n|upkeep\n|turn|5\n|inactive|pigrider09 has 120 seconds left.\n|\n|t:|1771196583\n|move|p1a: MF DOOM|Thunderbolt|p2a: Moose on the Loose\n|-damage|p2a: Moose on the Loose|33/100 slp\n|move|p1b: Aesop Rock|Spore|p2b: Stop Fighting!\n|-status|p2b: Stop Fighting!|slp|[from] move: Spore\n|cant|p2b: Stop Fighting!|slp\n|cant|p2a: Moose on the Loose|slp\n|\n|-weather|Sandstorm|[upkeep]\n|-damage|p1a: MF DOOM|88/100|[from] Sandstorm\n|-damage|p1b: Aesop Rock|88/100|[from] Sandstorm\n|-damage|p2a: Moose on the Loose|27/100 slp|[from] Sandstorm\n|-heal|p2a: Moose on the Loose|33/100 slp|[from] item: Leftovers\n|upkeep\n|turn|6\n|\n|t:|1771196606\n|move|p1a: MF DOOM|Thunderbolt|p2a: Moose on the Loose\n|-damage|p2a: Moose on the Loose|0 fnt\n|faint|p2a: Moose on the Loose\n|move|p1b: Aesop Rock|Seed Bomb|p2b: Stop Fighting!\n|-supereffective|p2b: Stop Fighting!\n|-damage|p2b: Stop Fighting!|37/100 slp\n|cant|p2b: Stop Fighting!|slp\n|\n|-weather|Sandstorm|[upkeep]\n|-damage|p1a: MF DOOM|82/100|[from] Sandstorm\n|-damage|p1b: Aesop Rock|82/100|[from] Sandstorm\n|upkeep\n|inactive|pigrider09 has 120 seconds left.\n|\n|t:|1771196618\n|switch|p2a: Quinten Tarantino|Cresselia, F|100/100\n|turn|7\n|c|☆TirTire|uh oh! spaghettio's!\n|\n|t:|1771196629\n|move|p2a: Quinten Tarantino|Lunar Blessing|p2a: Quinten Tarantino|[spread] p2a,p2b\n|-heal|p2b: Stop Fighting!|62/100 slp\n|-curestatus|p2b: Stop Fighting!|slp|[msg]\n|move|p1a: MF DOOM|Thunderbolt|p2b: Stop Fighting!\n|-damage|p2b: Stop Fighting!|38/100\n|move|p1b: Aesop Rock|Spore|p2a: Quinten Tarantino\n|-status|p2a: Quinten Tarantino|slp|[from] move: Spore\n|move|p2b: Stop Fighting!|Rock Slide|p1a: MF DOOM|[spread] p1b\n|-miss|p2b: Stop Fighting!|p1a: MF DOOM\n|-damage|p1b: Aesop Rock|61/100\n|\n|-weather|Sandstorm|[upkeep]\n|-damage|p2a: Quinten Tarantino|94/100 slp|[from] Sandstorm\n|-damage|p1a: MF DOOM|76/100|[from] Sandstorm\n|-damage|p1b: Aesop Rock|55/100|[from] Sandstorm\n|-heal|p2a: Quinten Tarantino|100/100 slp|[from] item: Leftovers\n|upkeep\n|turn|8\n|\n|t:|1771196654\n|switch|p2b: Ogerpoggies|Ogerpon-Wellspring, F|100/100\n|cant|p2a: Quinten Tarantino|slp\n|move|p1a: MF DOOM|Thunderbolt|p2a: Quinten Tarantino\n|-damage|p2a: Quinten Tarantino|59/100 slp\n|move|p1b: Aesop Rock|Spore|p2b: Ogerpoggies\n|-immune|p2b: Ogerpoggies\n|\n|-weather|none\n|-heal|p2a: Quinten Tarantino|65/100 slp|[from] item: Leftovers\n|upkeep\n|turn|9\n|\n|t:|1771196677\n|move|p2b: Ogerpoggies|Ivy Cudgel|p1b: Aesop Rock|[anim] Ivy Cudgel Water\n|-resisted|p1b: Aesop Rock\n|-damage|p1b: Aesop Rock|33/100\n|cant|p2a: Quinten Tarantino|slp\n|move|p1a: MF DOOM|Draco Meteor|p2b: Ogerpoggies\n|-damage|p2b: Ogerpoggies|0 fnt\n|-unboost|p1a: MF DOOM|spa|2\n|faint|p2b: Ogerpoggies\n|move|p1b: Aesop Rock|Seed Bomb|p2a: Quinten Tarantino\n|-damage|p2a: Quinten Tarantino|39/100 slp\n|\n|-heal|p2a: Quinten Tarantino|46/100 slp|[from] item: Leftovers\n|upkeep\n|inactive|pigrider09 has 120 seconds left.\n|\n|t:|1771196692\n|switch|p2b: Bundle of Joy|Iron Bundle|100/100\n|-enditem|p2b: Bundle of Joy|Booster Energy\n|-activate|p2b: Bundle of Joy|ability: Quark Drive|[fromitem]\n|-start|p2b: Bundle of Joy|quarkdrivespe\n|turn|10\n|\n|t:|1771196705\n|-end|p1a: MF DOOM|Protosynthesis|[silent]\n|switch|p1a: Joji|Incineroar, M|13/100\n|-damage|p1a: Joji|0 fnt|[from] Stealth Rock\n|faint|p1a: Joji\n|-curestatus|p2a: Quinten Tarantino|slp|[msg]\n|move|p2a: Quinten Tarantino|Ally Switch|p2a: Quinten Tarantino\n|swap|p2a: Quinten Tarantino|1|[from] move: Ally Switch\n|move|p1b: Aesop Rock|Sucker Punch||[still]\n|-fail|p1b: Aesop Rock\n|move|p2a: Bundle of Joy|Freeze-Dry|p1b: Aesop Rock\n|-supereffective|p1b: Aesop Rock\n|-damage|p1b: Aesop Rock|0 fnt\n|faint|p1b: Aesop Rock\n|-end|p1b: Aesop Rock|Protosynthesis|[silent]\n|\n|-heal|p2b: Quinten Tarantino|52/100|[from] item: Leftovers\n|upkeep\n|\n|t:|1771196717\n|switch|p1a: Daveed Digs|Torkoal, M|100/100\n|switch|p1b: ISSBROKIE|Lilligant, F|100/100\n|-damage|p1b: ISSBROKIE|88/100|[from] Stealth Rock\n|-damage|p1a: Daveed Digs|76/100|[from] Stealth Rock\n|-weather|SunnyDay|[from] ability: Drought|[of] p1a: Daveed Digs\n|turn|11\n|\n|t:|1771196735\n|switch|p2b: Stop Fighting!|Tyranitar, F|38/100\n|-weather|Sandstorm|[from] ability: Sand Stream|[of] p2b: Stop Fighting!\n|move|p2a: Bundle of Joy|Hydro Pump|p1a: Daveed Digs|[miss]\n|-miss|p2a: Bundle of Joy|p1a: Daveed Digs\n|move|p1b: ISSBROKIE|Solar Beam||[still]\n|-prepare|p1b: ISSBROKIE|Solar Beam\n|move|p1a: Daveed Digs|Rapid Spin|p2b: Stop Fighting!\n|-resisted|p2b: Stop Fighting!\n|-damage|p2b: Stop Fighting!|35/100\n|-boost|p1a: Daveed Digs|spe|1\n|-sideend|p1: TirTire|Stealth Rock|[from] move: Rapid Spin|[of] p1a: Daveed Digs\n|\n|-weather|Sandstorm|[upkeep]\n|-damage|p2a: Bundle of Joy|95/100|[from] Sandstorm\n|-damage|p1b: ISSBROKIE|82/100|[from] Sandstorm\n|-damage|p1a: Daveed Digs|70/100|[from] Sandstorm\n|upkeep\n|turn|12\n|inactive|pigrider09 has 120 seconds left.\n|\n|t:|1771196766\n|switch|p1a: MC Ride|Walking Wake|100/100\n|move|p2a: Bundle of Joy|Protect|p2a: Bundle of Joy\n|-singleturn|p2a: Bundle of Joy|Protect\n|move|p1b: ISSBROKIE|Solar Beam|p2a: Bundle of Joy|[from] lockedmove\n|-activate|p2a: Bundle of Joy|move: Protect\n|move|p2b: Stop Fighting!|Rock Slide|p1a: MC Ride|[spread] p1a,p1b\n|-damage|p1a: MC Ride|75/100\n|-damage|p1b: ISSBROKIE|44/100\n|\n|-weather|Sandstorm|[upkeep]\n|-damage|p2a: Bundle of Joy|89/100|[from] Sandstorm\n|-damage|p1a: MC Ride|69/100|[from] Sandstorm\n|-damage|p1b: ISSBROKIE|38/100|[from] Sandstorm\n|upkeep\n|turn|13\n|\n|t:|1771196784\n|-end|p1a: MC Ride|Protosynthesis|[silent]\n|switch|p1a: Daveed Digs|Torkoal, M|70/100\n|-weather|SunnyDay|[from] ability: Drought|[of] p1a: Daveed Digs\n|move|p2a: Bundle of Joy|Freeze-Dry|p1a: Daveed Digs\n|-resisted|p1a: Daveed Digs\n|-damage|p1a: Daveed Digs|43/100\n|move|p1b: ISSBROKIE|Solar Beam||[still]\n|-prepare|p1b: ISSBROKIE|Solar Beam\n|-anim|p1b: ISSBROKIE|Solar Beam|p2a: Bundle of Joy\n|-supereffective|p2a: Bundle of Joy\n|-damage|p2a: Bundle of Joy|0 fnt\n|faint|p2a: Bundle of Joy\n|-end|p2a: Bundle of Joy|Quark Drive|[silent]\n|move|p2b: Stop Fighting!|Rock Slide|p1b: ISSBROKIE|[spread] p1a,p1b\n|-supereffective|p1a: Daveed Digs\n|-damage|p1a: Daveed Digs|4/100\n|-damage|p1b: ISSBROKIE|0 fnt\n|faint|p1b: ISSBROKIE\n|\n|-weather|SunnyDay|[upkeep]\n|upkeep\n|inactive|pigrider09 has 120 seconds left.\n|\n|t:|1771196806\n|switch|p2a: Doggone it|Houndstone, M|100/100\n|switch|p1b: MC Ride|Walking Wake|69/100\n|-activate|p1b: MC Ride|ability: Protosynthesis\n|-start|p1b: MC Ride|protosynthesisspa\n|turn|14\n|\n|t:|1771196820\n|switch|p2b: Quinten Tarantino|Cresselia, F|52/100\n|switch|p1a: MF DOOM|Raging Bolt|76/100\n|-activate|p1a: MF DOOM|ability: Protosynthesis\n|-start|p1a: MF DOOM|protosynthesisspa\n|move|p1b: MC Ride|Hydro Steam|p2a: Doggone it\n|-damage|p2a: Doggone it|0 fnt\n|faint|p2a: Doggone it\n|-damage|p1b: MC Ride|59/100|[from] item: Life Orb\n|\n|-weather|SunnyDay|[upkeep]\n|-heal|p2b: Quinten Tarantino|58/100|[from] item: Leftovers\n|upkeep\n|\n|t:|1771196835\n|switch|p2a: Stop Fighting!|Tyranitar, F|35/100\n|-weather|Sandstorm|[from] ability: Sand Stream|[of] p2a: Stop Fighting!\n|-end|p1b: MC Ride|Protosynthesis\n|-end|p1a: MF DOOM|Protosynthesis\n|turn|15\n|\n|t:|1771196847\n|-end|p1a: MF DOOM|Protosynthesis|[silent]\n|switch|p1a: Daveed Digs|Torkoal, M|4/100\n|-weather|SunnyDay|[from] ability: Drought|[of] p1a: Daveed Digs\n|-activate|p1b: MC Ride|ability: Protosynthesis\n|-start|p1b: MC Ride|protosynthesisspa\n|move|p1b: MC Ride|Hydro Steam|p2b: Quinten Tarantino\n|-damage|p2b: Quinten Tarantino|0 fnt\n|faint|p2b: Quinten Tarantino\n|-damage|p1b: MC Ride|49/100|[from] item: Life Orb\n|move|p2a: Stop Fighting!|Rock Slide|p1a: Daveed Digs|[spread] p1a,p1b\n|-supereffective|p1a: Daveed Digs\n|-damage|p1a: Daveed Digs|0 fnt\n|-damage|p1b: MC Ride|23/100\n|faint|p1a: Daveed Digs\n|\n|-weather|SunnyDay|[upkeep]\n|upkeep\n|\n|t:|1771196855\n|switch|p1a: MF DOOM|Raging Bolt|76/100\n|-activate|p1a: MF DOOM|ability: Protosynthesis\n|-start|p1a: MF DOOM|protosynthesisspa\n|turn|16\n|c|☆TirTire|gg\n|\n|t:|1771196868\n|move|p1b: MC Ride|Hydro Steam|p2a: Stop Fighting!\n|-supereffective|p2a: Stop Fighting!\n|-damage|p2a: Stop Fighting!|0 fnt\n|faint|p2a: Stop Fighting!\n|-damage|p1b: MC Ride|13/100|[from] item: Life Orb\n|\n|win|TirTire\n|raw|TirTire's rating: 1579 &rarr; <strong>1599</strong><br />(+20 for winning)\n|raw|pigrider09's rating: 1583 &rarr; <strong>1563</strong><br />(-20 for losing)\n|l|☆pigrider09\n|player|p2|\n|l|☆TirTire\n|player|p1|\n", "uploadtime": 1771197088, "views": 11, "formatid": "gen9doublesou", "rating": 1563, "private": 0, "password": null}