{"id": "gen9doublesou-2540874488", "format": "[Gen 9] Doubles OU", "players": ["st0ne 13", "Jaiper_Showdown"], "log": "|j|☆st0ne 13\n|j|☆Jaiper_Showdown\n|t:|1771262842\n|gametype|doubles\n|player|p1|st0ne 13|red|1485\n|player|p2|Jaiper_Showdown|nate|1653\n|gen|9\n|tier|[Gen 9] Doubles OU\n|rated|\n|rule|HP Percentage Mod: HP is shown in percentages\n|rule|Endless Battle Clause: Forcing endless battles is banned\n|rule|Species Clause: Limit one of each Pokémon\n|rule|OHKO Clause: OHKO moves are banned\n|rule|Evasion Moves Clause: Evasion moves are banned\n|rule|Gravity Sleep Clause: The combination of sleep-inducing moves with imperfect accuracy and Gravity or Gigantamax Orbeetle are banned\n|rule|Evasion Abilities Clause: Evasion abilities are banned\n|clearpoke\n|poke|p1|Barraskewda, M|\n|poke|p1|Articuno|\n|poke|p1|Heatran, F|\n|poke|p1|Umbreon, M|\n|poke|p1|Incineroar, M|\n|poke|p1|Ninetales-Alola, F|\n|poke|p2|Ninetales-Alola, M|\n|poke|p2|Ogerpon-Wellspring, F|\n|poke|p2|Gengar, M|\n|poke|p2|Ting-Lu|\n|poke|p2|Incineroar, M|\n|poke|p2|Kommo-o, M|\n|teampreview\n|inactive|Battle timer is ON: inactive players will automatically lose when time's up. (requested by st0ne 13)\n|inactive|st0ne 13 has 120 seconds left.\n|inactive|Jaiper_Showdown has 120 seconds left.\n|\n|t:|1771262895\n|teamsize|p1|6\n|teamsize|p2|6\n|start\n|switch|p1a: Ninetales|Ninetales-Alola, F|100/100\n|switch|p1b: Articuno|Articuno|100/100\n|switch|p2a: Ogerpon|Ogerpon-Wellspring, F|100/100\n|switch|p2b: Ninetales|Ninetales-Alola, M|100/100\n|-weather|Snowscape|[from] ability: Snow Warning|[of] p1a: Ninetales\n|-ability|p1b: Articuno|Pressure\n|turn|1\n|\n|t:|1771262913\n|-terastallize|p2a: Ogerpon|Water\n|detailschange|p2a: Ogerpon|Ogerpon-Wellspring-Tera, F, tera:Water\n|-ability|p2a: Ogerpon|Embody Aspect (Wellspring)|boost\n|-boost|p2a: Ogerpon|spd|1\n|move|p1a: Ninetales|Aurora Veil|p1a: Ninetales\n|-sidestart|p1: st0ne 13|move: Aurora Veil\n|move|p2b: Ninetales|Aurora Veil|p2b: Ninetales\n|-sidestart|p2: Jaiper_Showdown|move: Aurora Veil\n|move|p2a: Ogerpon|Ivy Cudgel|p1b: Articuno|[anim] Ivy Cudgel Water\n|-damage|p1b: Articuno|64/100\n|move|p1b: Articuno|Freeze-Dry|p2a: Ogerpon\n|-supereffective|p2a: Ogerpon\n|-damage|p2a: Ogerpon|70/100\n|-status|p2a: Ogerpon|frz\n|\n|-weather|Snowscape|[upkeep]\n|upkeep\n|turn|2\n|\n|t:|1771262932\n|switch|p2b: Ting-Lu|Ting-Lu|100/100\n|-ability|p2b: Ting-Lu|Vessel of Ruin\n|move|p1a: Ninetales|Icy Wind|p2a: Ogerpon|[spread] p2a,p2b\n|-resisted|p2a: Ogerpon\n|-supereffective|p2b: Ting-Lu\n|-damage|p2a: Ogerpon|67/100 frz\n|-damage|p2b: Ting-Lu|92/100\n|-unboost|p2a: Ogerpon|spe|1\n|-unboost|p2b: Ting-Lu|spe|1\n|-curestatus|p2a: Ogerpon|frz|[msg]\n|move|p2a: Ogerpon|Ivy Cudgel|p1b: Articuno|[anim] Ivy Cudgel Water\n|-damage|p1b: Articuno|32/100\n|move|p1b: Articuno|Freeze-Dry|p2a: Ogerpon\n|-supereffective|p2a: Ogerpon\n|-damage|p2a: Ogerpon|41/100\n|\n|-weather|Snowscape|[upkeep]\n|-heal|p2b: Ting-Lu|98/100|[from] item: Leftovers\n|upkeep\n|turn|3\n|\n|t:|1771262957\n|switch|p2a: Ninetales|Ninetales-Alola, M|100/100\n|move|p1b: Articuno|Protect|p1b: Articuno\n|-singleturn|p1b: Articuno|Protect\n|move|p1a: Ninetales|Blizzard|p2b: Ting-Lu|[spread] p2a,p2b\n|-resisted|p2a: Ninetales\n|-supereffective|p2b: Ting-Lu\n|-damage|p2a: Ninetales|93/100\n|-damage|p2b: Ting-Lu|79/100\n|move|p2b: Ting-Lu|Stealth Rock|p1b: Articuno\n|-sidestart|p1: st0ne 13|move: Stealth Rock\n|\n|-weather|Snowscape|[upkeep]\n|-heal|p2b: Ting-Lu|85/100|[from] item: Leftovers\n|upkeep\n|turn|4\n|\n|t:|1771262979\n|move|p1a: Ninetales|Pain Split|p1b: Articuno\n|-sethp|p1b: Articuno|53/100|[from] move: Pain Split|[silent]\n|-sethp|p1a: Ninetales|71/100|[from] move: Pain Split\n|move|p2a: Ninetales|Encore|p1b: Articuno\n|-start|p1b: Articuno|Encore\n|move|p1b: Articuno|Protect|p1b: Articuno\n|-singleturn|p1b: Articuno|Protect\n|move|p2b: Ting-Lu|Whirlwind|p1a: Ninetales\n|drag|p1a: Heatran|Heatran, F|100/100\n|\n|-weather|Snowscape|[upkeep]\n|-heal|p2b: Ting-Lu|91/100|[from] item: Leftovers\n|upkeep\n|turn|5\n|\n|t:|1771263003\n|switch|p2a: Ogerpon|Ogerpon-Wellspring-Tera, F, tera:Water|41/100\n|-ability|p2a: Ogerpon|Embody Aspect (Wellspring)|boost\n|-boost|p2a: Ogerpon|spd|1\n|switch|p1b: Umbreon|Umbreon, M|100/100\n|-damage|p1b: Umbreon|88/100|[from] Stealth Rock\n|move|p1a: Heatran|Heat Wave|p2b: Ting-Lu|[spread] p2a\n|-miss|p1a: Heatran|p2b: Ting-Lu\n|-resisted|p2a: Ogerpon\n|-damage|p2a: Ogerpon|34/100\n|move|p2b: Ting-Lu|Stomping Tantrum|p1a: Heatran\n|-supereffective|p1a: Heatran\n|-damage|p1a: Heatran|21/100\n|\n|-weather|none\n|-heal|p1b: Umbreon|94/100|[from] item: Leftovers\n|-heal|p2b: Ting-Lu|97/100|[from] item: Leftovers\n|-sideend|p1: st0ne 13|move: Aurora Veil\n|upkeep\n|turn|6\n|\n|t:|1771263026\n|move|p1a: Heatran|Protect|p1a: Heatran\n|-singleturn|p1a: Heatran|Protect\n|move|p2a: Ogerpon|Ivy Cudgel|p1b: Umbreon|[anim] Ivy Cudgel Water\n|-damage|p1b: Umbreon|33/100\n|move|p1b: Umbreon|Toxic|p2b: Ting-Lu\n|-status|p2b: Ting-Lu|tox\n|move|p2b: Ting-Lu|Whirlwind|p1a: Heatran\n|drag|p1a: Incineroar|Incineroar, M|100/100\n|-damage|p1a: Incineroar|76/100|[from] Stealth Rock\n|-ability|p1a: Incineroar|Intimidate|boost\n|-unboost|p2a: Ogerpon|atk|1\n|-unboost|p2b: Ting-Lu|atk|1\n|\n|-heal|p1b: Umbreon|39/100|[from] item: Leftovers\n|-heal|p2b: Ting-Lu|100/100 tox|[from] item: Leftovers\n|-damage|p2b: Ting-Lu|94/100 tox|[from] psn\n|upkeep\n|turn|7\n|\n|t:|1771263051\n|switch|p2a: Gengar|Gengar, M, shiny|100/100\n|move|p1a: Incineroar|Fake Out|p2a: Gengar\n|-immune|p2a: Gengar\n|move|p1b: Umbreon|Wish|p1b: Umbreon\n|move|p2b: Ting-Lu|Stomping Tantrum|p1a: Incineroar\n|-supereffective|p1a: Incineroar\n|-damage|p1a: Incineroar|41/100\n|\n|-heal|p1b: Umbreon|45/100|[from] item: Leftovers\n|-heal|p2b: Ting-Lu|100/100 tox|[from] item: Leftovers\n|-damage|p2b: Ting-Lu|88/100 tox|[from] psn\n|upkeep\n|turn|8\n|inactive|Jaiper_Showdown has 120 seconds left.\n|inactive|Jaiper_Showdown has 90 seconds left.\n|inactive|Jaiper_Showdown has 60 seconds left.\n|inactive|Jaiper_Showdown has 30 seconds left.\n|inactive|Jaiper_Showdown has 20 seconds left.\n|inactive|Jaiper_Showdown has 15 seconds left.\n|inactive|Jaiper_Showdown has 10 seconds left.\n|inactive|Jaiper_Showdown has 5 seconds left.\n|-message|Jaiper_Showdown lost due to inactivity.\n|\n|win|st0ne 13\n|raw|st0ne 13's rating: 1485 &rarr; <strong>1514</strong><br />(+29 for winning)\n|raw|Jaiper_Showdown's rating: 1653 &rarr; <strong>1624</strong><br />(-29 for losing)\n|l|☆st0ne 13\n|player|p1|\n", "uploadtime": 1771263552, "views": 4, "formatid": "gen9doublesou", "rating": 1514, "private": 0, "password": null}