{"id": "gen9doublesou-2540836455", "format": "[Gen 9] Doubles OU", "players": ["thetired", "gil321"], "log": "|j|☆thetired\n|j|☆gil321\n|t:|1771259074\n|gametype|doubles\n|player|p1|thetired|caitlin|1640\n|player|p2|gil321|rocketgrunt|1679\n|gen|9\n|tier|[Gen 9] Doubles OU\n|rated|\n|rule|HP Percentage Mod: HP is shown in percentages\n|rule|Endless Battle Clause: Forcing endless battles is banned\n|rule|Species Clause: Limit one of each Pokémon\n|rule|OHKO Clause: OHKO moves are banned\n|rule|Evasion Moves Clause: Evasion moves are banned\n|rule|Gravity Sleep Clause: The combination of sleep-inducing moves with imperfect accuracy and Gravity or Gigantamax Orbeetle are banned\n|rule|Evasion Abilities Clause: Evasion abilities are banned\n|clearpoke\n|poke|p1|Diancie|\n|poke|p1|Indeedee-F, F|\n|poke|p1|Smeargle, M|\n|poke|p1|Hatterene, F|\n|poke|p1|Torkoal, F|\n|poke|p1|Hoopa-Unbound|\n|poke|p2|Excadrill, M|\n|poke|p2|Chien-Pao|\n|poke|p2|Tyranitar, F|\n|poke|p2|Dragonite, F|\n|poke|p2|Amoonguss, F|\n|poke|p2|Landorus, M|\n|teampreview\n|\n|t:|1771259082\n|teamsize|p1|6\n|teamsize|p2|6\n|start\n|switch|p1a: Diancie|Diancie|100/100\n|switch|p1b: Smeargle|Smeargle, M|100/100\n|switch|p2a: Vini Jr|Chien-Pao|100/100\n|switch|p2b: C. Ronaldo (C)|Dragonite, F|100/100\n|-ability|p2a: Vini Jr|Sword of Ruin\n|turn|1\n|\n|t:|1771259094\n|move|p2a: Vini Jr|Protect|p2a: Vini Jr\n|-singleturn|p2a: Vini Jr|Protect\n|move|p1b: Smeargle|Decorate|p1a: Diancie\n|-boost|p1a: Diancie|atk|2\n|-boost|p1a: Diancie|spa|2\n|move|p2b: C. Ronaldo (C)|Iron Head|p1a: Diancie\n|-supereffective|p1a: Diancie\n|-damage|p1a: Diancie|0 fnt\n|faint|p1a: Diancie\n|\n|-ability|p1b: Smeargle|Moody|boost\n|-boost|p1b: Smeargle|spa|2\n|-unboost|p1b: Smeargle|atk|1\n|upkeep\n|\n|t:|1771259114\n|switch|p1a: Indeedee|Indeedee-F, F|100/100\n|-fieldstart|move: Psychic Terrain|[from] ability: Psychic Surge|[of] p1a: Indeedee\n|turn|2\n|\n|t:|1771259123\n|move|p1b: Smeargle|Follow Me|p1b: Smeargle\n|-singleturn|p1b: Smeargle|move: Follow Me\n|move|p2a: Vini Jr|Night Slash|p1b: Smeargle\n|-enditem|p1b: Smeargle|Focus Sash\n|-damage|p1b: Smeargle|1/100\n|move|p2b: C. Ronaldo (C)|Iron Head|p1b: Smeargle\n|-damage|p1b: Smeargle|0 fnt\n|faint|p1b: Smeargle\n|move|p1a: Indeedee|Trick Room|p1a: Indeedee\n|-fieldstart|move: Trick Room|[of] p1a: Indeedee\n|\n|upkeep\n|\n|t:|1771259131\n|switch|p1b: Hatterene|Hatterene, F|100/100\n|turn|3\n|\n|t:|1771259137\n|switch|p2a: Van dijk|Tyranitar, F|100/100\n|-weather|Sandstorm|[from] ability: Sand Stream|[of] p2a: Van dijk\n|-terastallize|p2b: C. Ronaldo (C)|Normal\n|move|p1a: Indeedee|Follow Me|p1a: Indeedee\n|-singleturn|p1a: Indeedee|move: Follow Me\n|move|p1b: Hatterene|Dazzling Gleam|p2a: Van dijk|[spread] p2a,p2b\n|-supereffective|p2a: Van dijk\n|-damage|p2a: Van dijk|75/100\n|-damage|p2b: C. Ronaldo (C)|70/100\n|move|p2b: C. Ronaldo (C)|Iron Head|p1a: Indeedee\n|-damage|p1a: Indeedee|47/100\n|\n|-weather|Sandstorm|[upkeep]\n|-damage|p1b: Hatterene|95/100|[from] Sandstorm\n|-damage|p2b: C. Ronaldo (C)|64/100|[from] Sandstorm\n|upkeep\n|turn|4\n|\n|t:|1771259187\n|switch|p2b: Amoonguss|Amoonguss, F|100/100\n|switch|p1a: Torkoal|Torkoal, F|100/100\n|-weather|SunnyDay|[from] ability: Drought|[of] p1a: Torkoal\n|move|p1b: Hatterene|Dazzling Gleam|p2b: Amoonguss|[spread] p2a,p2b\n|-supereffective|p2a: Van dijk\n|-resisted|p2b: Amoonguss\n|-damage|p2a: Van dijk|34/100\n|-damage|p2b: Amoonguss|89/100\n|move|p2a: Van dijk|Rock Slide|p1a: Torkoal|[spread] p1a,p1b\n|-supereffective|p1a: Torkoal\n|-crit|p1b: Hatterene\n|-damage|p1a: Torkoal|61/100\n|-damage|p1b: Hatterene|46/100\n|\n|-weather|SunnyDay|[upkeep]\n|upkeep\n|turn|5\n|\n|t:|1771259214\n|move|p1a: Torkoal|Heat Wave|p2b: Amoonguss|[spread] p2a,p2b\n|-resisted|p2a: Van dijk\n|-supereffective|p2b: Amoonguss\n|-damage|p2a: Van dijk|13/100\n|-damage|p2b: Amoonguss|3/100\n|move|p1b: Hatterene|Dazzling Gleam|p2a: Van dijk|[spread] p2a,p2b\n|-supereffective|p2a: Van dijk\n|-resisted|p2b: Amoonguss\n|-damage|p2a: Van dijk|0 fnt\n|-damage|p2b: Amoonguss|0 fnt\n|faint|p2a: Van dijk\n|faint|p2b: Amoonguss\n|\n|-weather|SunnyDay|[upkeep]\n|upkeep\n|\n|t:|1771259229\n|switch|p2b: Depay|Landorus, M|100/100\n|switch|p2a: Messi|Excadrill, M|100/100\n|turn|6\n|inactive|Battle timer is ON: inactive players will automatically lose when time's up. (requested by gil321)\n|\n|t:|1771259241\n|switch|p1a: Indeedee|Indeedee-F, F|47/100\n|move|p2a: Messi|Protect|p2a: Messi\n|-singleturn|p2a: Messi|Protect\n|move|p2b: Depay|Protect|p2b: Depay\n|-singleturn|p2b: Depay|Protect\n|move|p1b: Hatterene|Expanding Force|p2a: Messi|[spread] \n|-activate|p2a: Messi|move: Protect\n|-activate|p2b: Depay|move: Protect\n|\n|-weather|SunnyDay|[upkeep]\n|-fieldend|move: Trick Room\n|-fieldend|move: Psychic Terrain\n|upkeep\n|turn|7\n|\n|t:|1771259250\n|move|p1a: Indeedee|Follow Me|p1a: Indeedee\n|-singleturn|p1a: Indeedee|move: Follow Me\n|move|p2b: Depay|Sandsear Storm|p1b: Hatterene|[spread] p1b\n|-miss|p2b: Depay|p1a: Indeedee\n|-damage|p1b: Hatterene|8/100\n|move|p2a: Messi|Earthquake|p1a: Indeedee|[spread] p1a,p1b\n|-immune|p2b: Depay\n|-damage|p1a: Indeedee|2/100\n|-damage|p1b: Hatterene|0 fnt\n|faint|p1b: Hatterene\n|\n|-weather|SunnyDay|[upkeep]\n|upkeep\n|\n|t:|1771259258\n|switch|p1b: Hoopa|Hoopa-Unbound|100/100\n|turn|8\n|\n|t:|1771259287\n|move|p1a: Indeedee|Follow Me|p1a: Indeedee\n|-singleturn|p1a: Indeedee|move: Follow Me\n|move|p2b: Depay|Weather Ball|p1a: Indeedee\n|-damage|p1a: Indeedee|0 fnt\n|faint|p1a: Indeedee\n|move|p2a: Messi|Earthquake|p1b: Hoopa|[spread] p1b\n|-immune|p2b: Depay\n|-damage|p1b: Hoopa|42/100\n|move|p1b: Hoopa|Trick Room|p1b: Hoopa\n|-fieldstart|move: Trick Room|[of] p1b: Hoopa\n|\n|-weather|none\n|upkeep\n|\n|t:|1771259295\n|switch|p1a: Torkoal|Torkoal, F|61/100\n|-weather|SunnyDay|[from] ability: Drought|[of] p1a: Torkoal\n|turn|9\n|\n|t:|1771259310\n|move|p1a: Torkoal|Heat Wave|p2b: Depay|[spread] p2a,p2b\n|-supereffective|p2a: Messi\n|-enditem|p2a: Messi|Focus Sash\n|-damage|p2a: Messi|1/100\n|-damage|p2b: Depay|18/100\n|move|p1b: Hoopa|Dark Pulse|p2a: Messi\n|-damage|p2a: Messi|0 fnt\n|faint|p2a: Messi\n|move|p2b: Depay|Sandsear Storm|p1b: Hoopa|[spread] p1a\n|-miss|p2b: Depay|p1b: Hoopa\n|-supereffective|p1a: Torkoal\n|-crit|p1a: Torkoal\n|-damage|p1a: Torkoal|0 fnt\n|faint|p1a: Torkoal\n|\n|-weather|SunnyDay|[upkeep]\n|upkeep\n|\n|t:|1771259325\n|switch|p2a: C. Ronaldo (C)|Dragonite, F, tera:Normal|64/100\n|turn|10\n|\n|t:|1771259337\n|move|p2a: C. Ronaldo (C)|Extreme Speed|p1b: Hoopa\n|-damage|p1b: Hoopa|0 fnt\n|faint|p1b: Hoopa\n|\n|win|gil321\n|raw|thetired's rating: 1640 &rarr; <strong>1622</strong><br />(-18 for losing)\n|raw|gil321's rating: 1679 &rarr; <strong>1697</strong><br />(+18 for winning)\n|l|☆thetired\n|player|p1|\n|l|☆gil321\n|player|p2|\n", "uploadtime": 1771259581, "views": 7, "formatid": "gen9doublesou", "rating": 1622, "private": 0, "password": null}