{"id": "gen9doublesou-2540708466", "format": "[Gen 9] Doubles OU", "players": ["enexis", "Kyyper"], "log": "|j|☆enexis\n|j|☆Kyyper\n|t:|1771243761\n|gametype|doubles\n|player|p1|enexis|2|1683\n|player|p2|Kyyper|cheren-gen5bw2|1554\n|gen|9\n|tier|[Gen 9] Doubles OU\n|rated|\n|rule|HP Percentage Mod: HP is shown in percentages\n|rule|Endless Battle Clause: Forcing endless battles is banned\n|rule|Species Clause: Limit one of each Pokémon\n|rule|OHKO Clause: OHKO moves are banned\n|rule|Evasion Moves Clause: Evasion moves are banned\n|rule|Gravity Sleep Clause: The combination of sleep-inducing moves with imperfect accuracy and Gravity or Gigantamax Orbeetle are banned\n|rule|Evasion Abilities Clause: Evasion abilities are banned\n|clearpoke\n|poke|p1|Grimmsnarl, M|\n|poke|p1|Sneasler, M|\n|poke|p1|Milotic, M|\n|poke|p1|Pelipper, F|\n|poke|p1|Bruxish, M|\n|poke|p1|Kilowattrel, F|\n|poke|p2|Whimsicott, M|\n|poke|p2|Samurott-Hisui, F|\n|poke|p2|Chi-Yu|\n|poke|p2|Zapdos-Galar|\n|poke|p2|Farigiraf, M|\n|poke|p2|Kleavor, F|\n|teampreview\n|inactive|Battle timer is ON: inactive players will automatically lose when time's up. (requested by enexis)\n|inactive|Kyyper has 120 seconds left.\n|\n|t:|1771243813\n|teamsize|p1|6\n|teamsize|p2|6\n|start\n|switch|p1a: Sneasler|Sneasler, M|100/100\n|switch|p1b: Grimmsnarl|Grimmsnarl, M|100/100\n|switch|p2a: Mint|Whimsicott, M, shiny|100/100\n|switch|p2b: Skale|Kleavor, F, shiny|100/100\n|turn|1\n|\n|t:|1771243833\n|switch|p2a: Chip|Farigiraf, M, shiny|100/100\n|move|p1b: Grimmsnarl|Swagger||[still]\n|cant|p2a: Chip|ability: Armor Tail|Swagger|[of] p1b: Grimmsnarl\n|move|p1a: Sneasler|Close Combat|p2b: Skale\n|-damage|p2b: Skale|11/100\n|-unboost|p1a: Sneasler|def|1\n|-unboost|p1a: Sneasler|spd|1\n|move|p2b: Skale|Stone Axe|p1b: Grimmsnarl\n|-damage|p1b: Grimmsnarl|0 fnt\n|-sidestart|p1: enexis|move: Stealth Rock\n|faint|p1b: Grimmsnarl\n|\n|upkeep\n|c|☆enexis|rough\n|\n|t:|1771243846\n|switch|p1b: Kilowattrel|Kilowattrel, F|100/100\n|-damage|p1b: Kilowattrel|76/100|[from] Stealth Rock\n|turn|2\n|\n|t:|1771243858\n|move|p1b: Kilowattrel|Electroweb|p2b: Skale|[spread] p2a,p2b\n|-crit|p2b: Skale\n|-damage|p2a: Chip|84/100\n|-damage|p2b: Skale|0 fnt\n|-unboost|p2a: Chip|spe|1\n|faint|p2b: Skale\n|move|p1a: Sneasler|Close Combat|p2a: Chip\n|-damage|p2a: Chip|17/100\n|-unboost|p1a: Sneasler|def|1\n|-unboost|p1a: Sneasler|spd|1\n|-enditem|p2a: Chip|Sitrus Berry|[eat]\n|-heal|p2a: Chip|42/100|[from] item: Sitrus Berry\n|move|p2a: Chip|Trick Room|p2a: Chip\n|-fieldstart|move: Trick Room|[of] p2a: Chip\n|\n|upkeep\n|\n|t:|1771243864\n|switch|p2b: Quary|Chi-Yu, shiny|100/100\n|-ability|p2b: Quary|Beads of Ruin\n|turn|3\n|\n|t:|1771243871\n|switch|p1a: Pelipper|Pelipper, F|100/100\n|-damage|p1a: Pelipper|75/100|[from] Stealth Rock\n|-weather|RainDance|[from] ability: Drizzle|[of] p1a: Pelipper\n|switch|p1b: Milotic|Milotic, M|100/100\n|-damage|p1b: Milotic|88/100|[from] Stealth Rock\n|move|p2a: Chip|Hyper Voice|p1a: Pelipper|[spread] p1a,p1b\n|-damage|p1a: Pelipper|11/100\n|-damage|p1b: Milotic|52/100\n|move|p2b: Quary|Heat Wave|p1a: Pelipper|[spread] p1a,p1b\n|-resisted|p1a: Pelipper\n|-resisted|p1b: Milotic\n|-damage|p1a: Pelipper|0 fnt\n|-damage|p1b: Milotic|35/100\n|faint|p1a: Pelipper\n|\n|-weather|RainDance|[upkeep]\n|upkeep\n|\n|t:|1771243880\n|switch|p1a: Bruxish|Bruxish, M|100/100\n|-damage|p1a: Bruxish|88/100|[from] Stealth Rock\n|turn|4\n|j| Coldblooded0706\n|\n|t:|1771243890\n|move|p1a: Bruxish|Protect|p1a: Bruxish\n|-singleturn|p1a: Bruxish|Protect\n|move|p2a: Chip|Psychic|p1b: Milotic\n|-damage|p1b: Milotic|0 fnt\n|faint|p1b: Milotic\n|move|p2b: Quary|Heat Wave|p1a: Bruxish\n|-activate|p1a: Bruxish|move: Protect\n|\n|-weather|RainDance|[upkeep]\n|upkeep\n|\n|t:|1771243898\n|switch|p1b: Sneasler|Sneasler, M|100/100\n|-damage|p1b: Sneasler|95/100|[from] Stealth Rock\n|turn|5\n|\n|t:|1771243907\n|-terastallize|p1b: Sneasler|Ghost\n|move|p2a: Chip|Psychic|p1b: Sneasler\n|-damage|p1b: Sneasler|23/100\n|move|p2b: Quary|Heat Wave|p1b: Sneasler|[spread] p1a\n|-miss|p2b: Quary|p1b: Sneasler\n|-resisted|p1a: Bruxish\n|-damage|p1a: Bruxish|54/100\n|move|p1a: Bruxish|Crunch|p2a: Chip\n|-supereffective|p2a: Chip\n|-damage|p2a: Chip|0 fnt\n|faint|p2a: Chip\n|move|p1b: Sneasler|Close Combat|p2b: Quary\n|-supereffective|p2b: Quary\n|-crit|p2b: Quary\n|-damage|p2b: Quary|0 fnt\n|-unboost|p1b: Sneasler|def|1\n|-unboost|p1b: Sneasler|spd|1\n|faint|p2b: Quary\n|\n|-weather|RainDance|[upkeep]\n|upkeep\n|\n|t:|1771243919\n|switch|p2a: Marley|Samurott-Hisui, F, shiny|100/100\n|switch|p2b: JoJo|Zapdos-Galar, shiny|100/100\n|turn|6\n|\n|t:|1771243938\n|move|p1a: Bruxish|Protect|p1a: Bruxish\n|-singleturn|p1a: Bruxish|Protect\n|move|p1b: Sneasler|Quick Guard|p1b: Sneasler\n|-singleturn|p1b: Sneasler|Quick Guard\n|move|p2a: Marley|Ceaseless Edge|p1a: Bruxish\n|-activate|p1a: Bruxish|move: Protect\n|move|p2b: JoJo|Knock Off|p1b: Sneasler\n|-supereffective|p1b: Sneasler\n|-damage|p1b: Sneasler|0 fnt\n|-enditem|p1b: Sneasler|Mirror Herb|[from] move: Knock Off|[of] p2b: JoJo\n|faint|p1b: Sneasler\n|-damage|p2b: JoJo|91/100|[from] item: Life Orb\n|\n|-weather|RainDance|[upkeep]\n|-fieldend|move: Trick Room\n|upkeep\n|\n|t:|1771243943\n|switch|p1b: Kilowattrel|Kilowattrel, F|76/100\n|-damage|p1b: Kilowattrel|51/100|[from] Stealth Rock\n|turn|7\n|\n|t:|1771243953\n|-terastallize|p2b: JoJo|Steel\n|move|p2a: Marley|Sucker Punch||[still]\n|cant|p1a: Bruxish|ability: Dazzling|Sucker Punch|[of] p2a: Marley\n|move|p1b: Kilowattrel|Thunderbolt|p2a: Marley\n|-supereffective|p2a: Marley\n|-damage|p2a: Marley|39/100\n|-status|p2a: Marley|par\n|move|p1a: Bruxish|Psychic Fangs|p2b: JoJo\n|-resisted|p2b: JoJo\n|-damage|p2b: JoJo|70/100\n|move|p2b: JoJo|Knock Off|p1b: Kilowattrel\n|-crit|p1b: Kilowattrel\n|-damage|p1b: Kilowattrel|0 fnt\n|-enditem|p1b: Kilowattrel|Covert Cloak|[from] move: Knock Off|[of] p2b: JoJo\n|faint|p1b: Kilowattrel\n|-damage|p2b: JoJo|60/100|[from] item: Life Orb\n|\n|-weather|RainDance|[upkeep]\n|upkeep\n|turn|8\n|\n|t:|1771243970\n|move|p1a: Bruxish|Wave Crash|p2b: JoJo\n|-damage|p2b: JoJo|0 fnt\n|faint|p2b: JoJo\n|-damage|p1a: Bruxish|32/100|[from] Recoil\n|move|p2a: Marley|Ceaseless Edge|p1a: Bruxish\n|-supereffective|p1a: Bruxish\n|-damage|p1a: Bruxish|0 fnt\n|-sidestart|p1: enexis|Spikes\n|faint|p1a: Bruxish\n|\n|win|Kyyper\n|raw|enexis's rating: 1683 &rarr; <strong>1656</strong><br />(-27 for losing)\n|raw|Kyyper's rating: 1554 &rarr; <strong>1581</strong><br />(+27 for winning)\n|l|☆Kyyper\n|player|p2|\n|l|☆enexis\n|player|p1|\n", "uploadtime": 1771244257, "views": 7, "formatid": "gen9doublesou", "rating": 1581, "private": 0, "password": null}