{"id": "gen9doublesou-2540538883", "format": "[Gen 9] Doubles OU", "players": ["wigglymuk", "prithalt67"], "log": "|j|☆wigglymuk\n|j|‽prithalt67\n|t:|1771214927\n|gametype|doubles\n|player|p1|wigglymuk|265|1478\n|player|p2|prithalt67|n|1561\n|gen|9\n|tier|[Gen 9] Doubles OU\n|rated|\n|rule|HP Percentage Mod: HP is shown in percentages\n|rule|Endless Battle Clause: Forcing endless battles is banned\n|rule|Species Clause: Limit one of each Pokémon\n|rule|OHKO Clause: OHKO moves are banned\n|rule|Evasion Moves Clause: Evasion moves are banned\n|rule|Gravity Sleep Clause: The combination of sleep-inducing moves with imperfect accuracy and Gravity or Gigantamax Orbeetle are banned\n|rule|Evasion Abilities Clause: Evasion abilities are banned\n|clearpoke\n|poke|p1|Gastrodon, M|\n|poke|p1|Coalossal, F|\n|poke|p1|Dragapult, M|\n|poke|p1|Slowbro, F|\n|poke|p1|Torkoal, F|\n|poke|p1|Venusaur, F|\n|poke|p2|Gholdengo|\n|poke|p2|Okidogi, M|\n|poke|p2|Rillaboom, F|\n|poke|p2|Dragonite, F|\n|poke|p2|Farigiraf, F|\n|poke|p2|Grimmsnarl, M|\n|teampreview\n|inactive|Battle timer is ON: inactive players will automatically lose when time's up. (requested by prithalt67)\n|\n|t:|1771214952\n|teamsize|p1|6\n|teamsize|p2|6\n|start\n|switch|p1a: Slowbro|Slowbro, F|100/100\n|switch|p1b: Gastrodon|Gastrodon, M|100/100\n|switch|p2a: Grimmsnarl|Grimmsnarl, M|100/100\n|switch|p2b: Gholdengo|Gholdengo|100/100\n|turn|1\n|inactive|wigglymuk has 120 seconds left.\n|\n|t:|1771214982\n|-terastallize|p1a: Slowbro|Dragon\n|move|p2a: Grimmsnarl|Light Screen|p2a: Grimmsnarl\n|-sidestart|p2: prithalt67|move: Light Screen\n|move|p2b: Gholdengo|Shadow Ball|p1a: Slowbro\n|-damage|p1a: Slowbro|44/100\n|-damage|p2b: Gholdengo|91/100|[from] item: Life Orb\n|move|p1b: Gastrodon|Earth Power|p2b: Gholdengo\n|-supereffective|p2b: Gholdengo\n|-damage|p2b: Gholdengo|37/100\n|move|p1a: Slowbro|Trick Room|p1a: Slowbro\n|-fieldstart|move: Trick Room|[of] p1a: Slowbro\n|\n|upkeep\n|turn|2\n|\n|t:|1771214997\n|move|p2a: Grimmsnarl|Parting Shot|p1b: Gastrodon\n|-unboost|p1b: Gastrodon|atk|1\n|-unboost|p1b: Gastrodon|spa|1\n|\n|t:|1771215001\n|switch|p2a: Dragonite|Dragonite, F|100/100|[from] Parting Shot\n|move|p1a: Slowbro|Surf|p2a: Dragonite|[spread] p2a,p2b\n|-ability|p1b: Gastrodon|Storm Drain|boost\n|-boost|p1b: Gastrodon|spa|1\n|-resisted|p2a: Dragonite\n|-damage|p2a: Dragonite|96/100\n|-damage|p2b: Gholdengo|19/100\n|move|p1b: Gastrodon|Muddy Water|p2b: Gholdengo|[spread] p2a,p2b\n|-resisted|p2a: Dragonite\n|-damage|p2a: Dragonite|88/100\n|-damage|p2b: Gholdengo|0 fnt\n|faint|p2b: Gholdengo\n|\n|upkeep\n|\n|t:|1771215015\n|switch|p2b: Okidogi|Okidogi, M|100/100\n|turn|3\n|\n|t:|1771215039\n|move|p1a: Slowbro|Psychic|p2b: Okidogi\n|-supereffective|p2b: Okidogi\n|-damage|p2b: Okidogi|27/100\n|move|p1b: Gastrodon|Ice Beam|p2a: Dragonite\n|-supereffective|p2a: Dragonite\n|-damage|p2a: Dragonite|19/100\n|move|p2b: Okidogi|Drain Punch|p1b: Gastrodon\n|-damage|p1b: Gastrodon|50/100\n|-heal|p2b: Okidogi|55/100|[from] drain|[of] p1b: Gastrodon\n|move|p2a: Dragonite|Scale Shot|p1a: Slowbro|[miss]\n|-miss|p2a: Dragonite|p1a: Slowbro\n|\n|upkeep\n|turn|4\n|\n|t:|1771215056\n|-terastallize|p2b: Okidogi|Dark\n|move|p2a: Dragonite|Extreme Speed|p1a: Slowbro\n|-damage|p1a: Slowbro|25/100\n|move|p1a: Slowbro|Psychic|p2b: Okidogi\n|-immune|p2b: Okidogi\n|move|p1b: Gastrodon|Ice Beam|p2a: Dragonite\n|-supereffective|p2a: Dragonite\n|-damage|p2a: Dragonite|0 fnt\n|faint|p2a: Dragonite\n|move|p2b: Okidogi|Drain Punch|p1b: Gastrodon\n|-damage|p1b: Gastrodon|6/100\n|-heal|p2b: Okidogi|80/100|[from] drain|[of] p1b: Gastrodon\n|\n|upkeep\n|\n|t:|1771215067\n|switch|p2a: Rillaboom|Rillaboom, F|100/100\n|-fieldstart|move: Grassy Terrain|[from] ability: Grassy Surge|[of] p2a: Rillaboom\n|turn|5\n|\n|t:|1771215087\n|move|p2a: Rillaboom|Grassy Glide|p1b: Gastrodon\n|-supereffective|p1b: Gastrodon\n|-damage|p1b: Gastrodon|0 fnt\n|faint|p1b: Gastrodon\n|move|p1a: Slowbro|Surf|p2a: Rillaboom|[spread] p2a,p2b\n|-resisted|p2a: Rillaboom\n|-damage|p2a: Rillaboom|95/100\n|-damage|p2b: Okidogi|66/100\n|move|p2b: Okidogi|Knock Off|p1a: Slowbro\n|-damage|p1a: Slowbro|0 fnt\n|-enditem|p1a: Slowbro|Covert Cloak|[from] move: Knock Off|[of] p2b: Okidogi\n|faint|p1a: Slowbro\n|\n|-heal|p2b: Okidogi|72/100|[from] Grassy Terrain\n|-heal|p2a: Rillaboom|100/100|[from] Grassy Terrain\n|-fieldend|move: Trick Room\n|upkeep\n|\n|t:|1771215107\n|switch|p1b: Coalossal|Coalossal, F|100/100\n|switch|p1a: Dragapult|Dragapult, M|100/100\n|turn|6\n|\n|t:|1771215124\n|switch|p2a: Grimmsnarl|Grimmsnarl, M|100/100\n|move|p1a: Dragapult|Surf|p2b: Okidogi|[spread] p1b,p2a,p2b\n|-supereffective|p1b: Coalossal\n|-damage|p1b: Coalossal|57/100\n|-damage|p2a: Grimmsnarl|92/100\n|-damage|p2b: Okidogi|67/100\n|-ability|p1b: Coalossal|Steam Engine|boost\n|-boost|p1b: Coalossal|spe|6\n|-enditem|p1b: Coalossal|Weakness Policy\n|-boost|p1b: Coalossal|atk|2|[from] item: Weakness Policy\n|-boost|p1b: Coalossal|spa|2|[from] item: Weakness Policy\n|move|p1b: Coalossal|Explosion|p2b: Okidogi|[spread] p2a,p2b\n|-immune|p1a: Dragapult\n|-damage|p2a: Grimmsnarl|7/100\n|-damage|p2b: Okidogi|0 fnt\n|faint|p1b: Coalossal\n|faint|p2b: Okidogi\n|\n|-heal|p2a: Grimmsnarl|13/100|[from] Grassy Terrain\n|upkeep\n|\n|t:|1771215139\n|switch|p2b: Farigiraf|Farigiraf, F|100/100\n|switch|p1b: Venusaur|Venusaur, F|100/100\n|turn|7\n|\n|t:|1771215154\n|switch|p1b: Torkoal|Torkoal, F|100/100\n|-weather|SunnyDay|[from] ability: Drought|[of] p1b: Torkoal\n|move|p2a: Grimmsnarl|Parting Shot|p1b: Torkoal\n|-unboost|p1b: Torkoal|atk|1\n|-unboost|p1b: Torkoal|spa|1\n|\n|t:|1771215161\n|switch|p2a: Rillaboom|Rillaboom, F|100/100|[from] Parting Shot\n|move|p1a: Dragapult|Reflect|p1a: Dragapult\n|-sidestart|p1: wigglymuk|Reflect\n|move|p2b: Farigiraf|Psychic|p1b: Torkoal\n|-crit|p1b: Torkoal\n|-damage|p1b: Torkoal|27/100\n|-enditem|p1b: Torkoal|Red Card|[of] p2b: Farigiraf\n|drag|p2b: Grimmsnarl|Grimmsnarl, M|13/100\n|\n|-weather|SunnyDay|[upkeep]\n|-heal|p2b: Grimmsnarl|19/100|[from] Grassy Terrain\n|-heal|p1b: Torkoal|33/100|[from] Grassy Terrain\n|upkeep\n|turn|8\n|\n|t:|1771215177\n|move|p2a: Rillaboom|Fake Out|p1b: Torkoal\n|-damage|p1b: Torkoal|26/100\n|move|p1a: Dragapult|Dragon Darts|p2a: Rillaboom\n|-damage|p2a: Rillaboom|81/100\n|-anim|p1a: Dragapult|Dragon Darts|p2a: Rillaboom\n|-damage|p2a: Rillaboom|60/100\n|move|p2b: Grimmsnarl|Spirit Break|p1a: Dragapult\n|-supereffective|p1a: Dragapult\n|-damage|p1a: Dragapult|56/100\n|cant|p1b: Torkoal|flinch\n|\n|-weather|SunnyDay|[upkeep]\n|-heal|p1a: Dragapult|62/100|[from] Grassy Terrain\n|-heal|p2a: Rillaboom|66/100|[from] Grassy Terrain\n|-heal|p2b: Grimmsnarl|25/100|[from] Grassy Terrain\n|-heal|p1b: Torkoal|32/100|[from] Grassy Terrain\n|-sideend|p2: prithalt67|move: Light Screen\n|upkeep\n|turn|9\n|\n|t:|1771215191\n|move|p2b: Grimmsnarl|Reflect|p2b: Grimmsnarl\n|-sidestart|p2: prithalt67|Reflect\n|move|p1a: Dragapult|Dragon Darts|p2a: Rillaboom\n|-damage|p2a: Rillaboom|52/100\n|-anim|p1a: Dragapult|Dragon Darts|p2a: Rillaboom\n|-damage|p2a: Rillaboom|38/100\n|move|p2a: Rillaboom|U-turn|p1b: Torkoal\n|-resisted|p1b: Torkoal\n|-damage|p1b: Torkoal|26/100\n|\n|t:|1771215195\n|switch|p2a: Farigiraf|Farigiraf, F|100/100|[from] U-turn\n|move|p1b: Torkoal|Flamethrower|p2b: Grimmsnarl\n|-damage|p2b: Grimmsnarl|0 fnt\n|faint|p2b: Grimmsnarl\n|\n|-weather|SunnyDay|[upkeep]\n|-heal|p1a: Dragapult|68/100|[from] Grassy Terrain\n|-heal|p1b: Torkoal|32/100|[from] Grassy Terrain\n|-fieldend|move: Grassy Terrain\n|upkeep\n|\n|t:|1771215197\n|switch|p2b: Rillaboom|Rillaboom, F|38/100\n|-fieldstart|move: Grassy Terrain|[from] ability: Grassy Surge|[of] p2b: Rillaboom\n|turn|10\n|\n|t:|1771215212\n|move|p2b: Rillaboom|Fake Out|p1b: Torkoal\n|-damage|p1b: Torkoal|25/100\n|move|p1a: Dragapult|Dragon Darts|p2b: Rillaboom\n|-damage|p2b: Rillaboom|25/100\n|-anim|p1a: Dragapult|Dragon Darts|p2a: Farigiraf\n|-damage|p2a: Farigiraf|87/100\n|cant|p1b: Torkoal|flinch\n|move|p2a: Farigiraf|Trick Room|p2a: Farigiraf\n|-fieldstart|move: Trick Room|[of] p2a: Farigiraf\n|\n|-weather|SunnyDay|[upkeep]\n|-heal|p1b: Torkoal|31/100|[from] Grassy Terrain\n|-heal|p2a: Farigiraf|93/100|[from] Grassy Terrain\n|-heal|p2b: Rillaboom|31/100|[from] Grassy Terrain\n|-heal|p1a: Dragapult|74/100|[from] Grassy Terrain\n|upkeep\n|turn|11\n|inactive|wigglymuk has 120 seconds left.\n|\n|t:|1771215253\n|move|p2b: Rillaboom|Grassy Glide|p1a: Dragapult\n|-resisted|p1a: Dragapult\n|-damage|p1a: Dragapult|61/100\n|move|p1b: Torkoal|Flamethrower|p2b: Rillaboom\n|-supereffective|p2b: Rillaboom\n|-damage|p2b: Rillaboom|0 fnt\n|faint|p2b: Rillaboom\n|move|p2a: Farigiraf|Psychic|p1a: Dragapult\n|-damage|p1a: Dragapult|12/100\n|move|p1a: Dragapult|Dragon Darts|p2a: Farigiraf\n|-damage|p2a: Farigiraf|80/100\n|-anim|p1a: Dragapult|Dragon Darts|p2a: Farigiraf\n|-damage|p2a: Farigiraf|68/100\n|\n|-weather|none\n|-heal|p1b: Torkoal|37/100|[from] Grassy Terrain\n|-heal|p2a: Farigiraf|74/100|[from] Grassy Terrain\n|-heal|p1a: Dragapult|18/100|[from] Grassy Terrain\n|upkeep\n|turn|12\n|\n|t:|1771215270\n|move|p1b: Torkoal|Flamethrower|p2a: Farigiraf\n|-damage|p2a: Farigiraf|50/100\n|-enditem|p2a: Farigiraf|Sitrus Berry|[eat]\n|-heal|p2a: Farigiraf|75/100|[from] item: Sitrus Berry\n|move|p2a: Farigiraf|Psychic|p1b: Torkoal\n|-damage|p1b: Torkoal|0 fnt\n|faint|p1b: Torkoal\n|move|p1a: Dragapult|Dragon Darts|p2a: Farigiraf\n|-damage|p2a: Farigiraf|63/100\n|-anim|p1a: Dragapult|Dragon Darts|p2a: Farigiraf\n|-damage|p2a: Farigiraf|51/100\n|\n|-heal|p2a: Farigiraf|57/100|[from] Grassy Terrain\n|-heal|p1a: Dragapult|24/100|[from] Grassy Terrain\n|upkeep\n|\n|t:|1771215274\n|switch|p1b: Venusaur|Venusaur, F|100/100\n|turn|13\n|\n|t:|1771215282\n|move|p1b: Venusaur|Protect|p1b: Venusaur\n|-singleturn|p1b: Venusaur|Protect\n|move|p2a: Farigiraf|Psychic|p1b: Venusaur\n|-activate|p1b: Venusaur|move: Protect\n|move|p1a: Dragapult|Dragon Darts|p2a: Farigiraf\n|-damage|p2a: Farigiraf|45/100\n|-anim|p1a: Dragapult|Dragon Darts|p2a: Farigiraf\n|-damage|p2a: Farigiraf|32/100\n|\n|-heal|p2a: Farigiraf|38/100|[from] Grassy Terrain\n|-heal|p1a: Dragapult|30/100|[from] Grassy Terrain\n|upkeep\n|turn|14\n|\n|t:|1771215288\n|move|p2a: Farigiraf|Psychic|p1b: Venusaur\n|-supereffective|p1b: Venusaur\n|-damage|p1b: Venusaur|14/100\n|move|p1b: Venusaur|Sludge Bomb|p2a: Farigiraf\n|-damage|p2a: Farigiraf|0 fnt\n|faint|p2a: Farigiraf\n|-damage|p1b: Venusaur|4/100|[from] item: Life Orb\n|\n|win|wigglymuk\n|raw|wigglymuk's rating: 1478 &rarr; <strong>1503</strong><br />(+25 for winning)\n|raw|prithalt67's rating: 1561 &rarr; <strong>1536</strong><br />(-25 for losing)\n|l|‽prithalt67\n|player|p2|\n|l|☆wigglymuk\n|player|p1|\n", "uploadtime": 1771215644, "views": 15, "formatid": "gen9doublesou", "rating": 1503, "private": 0, "password": null}