{"id": "gen9doublesou-2539909665", "format": "[Gen 9] Doubles OU", "players": ["ultimathrash", "Lemecano"], "log": "|j|‽ultimathrash\n|j|☆Lemecano\n|t:|1771125788\n|gametype|doubles\n|player|p1|ultimathrash|pilot|1633\n|player|p2|Lemecano|nate|1582\n|gen|9\n|tier|[Gen 9] Doubles OU\n|rated|\n|rule|HP Percentage Mod: HP is shown in percentages\n|rule|Endless Battle Clause: Forcing endless battles is banned\n|rule|Species Clause: Limit one of each Pokémon\n|rule|OHKO Clause: OHKO moves are banned\n|rule|Evasion Moves Clause: Evasion moves are banned\n|rule|Gravity Sleep Clause: The combination of sleep-inducing moves with imperfect accuracy and Gravity or Gigantamax Orbeetle are banned\n|rule|Evasion Abilities Clause: Evasion abilities are banned\n|clearpoke\n|poke|p1|Diancie|\n|poke|p1|Iron Crown|\n|poke|p1|Indeedee-F, F|\n|poke|p1|Roaring Moon|\n|poke|p1|Landorus, M|\n|poke|p1|Ogerpon-Hearthflame, F|\n|poke|p2|Regidrago|\n|poke|p2|Incineroar, M|\n|poke|p2|Clefable, F|\n|poke|p2|Ogerpon-Wellspring, F|\n|poke|p2|Raging Bolt|\n|poke|p2|Sneasler, F|\n|teampreview\n|inactive|Battle timer is ON: inactive players will automatically lose when time's up. (requested by Lemecano)\n|\n|t:|1771125814\n|teamsize|p1|6\n|teamsize|p2|6\n|start\n|switch|p1a: Landorus|Landorus, M|100/100\n|switch|p1b: Ogerpon|Ogerpon-Hearthflame, F|100/100\n|switch|p2a: Sneasler|Sneasler, F|100/100\n|switch|p2b: Ogerpon|Ogerpon-Wellspring, F|100/100\n|-ability|p1b: Ogerpon|Mold Breaker\n|turn|1\n|inactive|ultimathrash has 120 seconds left.\n|inactive|ultimathrash has 90 seconds left.\n|\n|t:|1771125898\n|move|p1b: Ogerpon|Spiky Shield|p1b: Ogerpon\n|-singleturn|p1b: Ogerpon|move: Protect\n|move|p1a: Landorus|Protect|p1a: Landorus\n|-singleturn|p1a: Landorus|Protect\n|move|p2a: Sneasler|Fake Out|p1b: Ogerpon\n|-activate|p1b: Ogerpon|move: Protect\n|-damage|p2a: Sneasler|88/100|[from] Spiky Shield|[of] p1b: Ogerpon\n|move|p2b: Ogerpon|Ivy Cudgel|p1a: Landorus|[anim] Ivy Cudgel Water\n|-activate|p1a: Landorus|move: Protect\n|\n|upkeep\n|turn|2\n|inactive|ultimathrash has 90 seconds left.\n|\n|t:|1771125916\n|switch|p1b: Iron Crown|Iron Crown|100/100\n|-enditem|p1b: Iron Crown|Booster Energy\n|-activate|p1b: Iron Crown|ability: Quark Drive|[fromitem]\n|-start|p1b: Iron Crown|quarkdrivespe\n|move|p2a: Sneasler|Dire Claw|p1b: Iron Crown\n|-immune|p1b: Iron Crown\n|move|p2b: Ogerpon|Ivy Cudgel|p1a: Landorus|[anim] Ivy Cudgel Water\n|-supereffective|p1a: Landorus\n|-enditem|p1a: Landorus|Focus Sash\n|-damage|p1a: Landorus|1/100\n|move|p1a: Landorus|Sludge Bomb|p2b: Ogerpon\n|-supereffective|p2b: Ogerpon\n|-damage|p2b: Ogerpon|25/100\n|\n|upkeep\n|turn|3\n|inactive|ultimathrash has 90 seconds left.\n|\n|t:|1771125954\n|move|p1a: Landorus|Protect|p1a: Landorus\n|-singleturn|p1a: Landorus|Protect\n|move|p2b: Ogerpon|Follow Me|p2b: Ogerpon\n|-singleturn|p2b: Ogerpon|move: Follow Me\n|move|p1b: Iron Crown|Calm Mind|p1b: Iron Crown\n|-boost|p1b: Iron Crown|spa|1\n|-boost|p1b: Iron Crown|spd|1\n|move|p2a: Sneasler|Close Combat|p1b: Iron Crown\n|-damage|p1b: Iron Crown|13/100\n|-unboost|p2a: Sneasler|def|1\n|-unboost|p2a: Sneasler|spd|1\n|-damage|p2a: Sneasler|78/100|[from] item: Life Orb\n|\n|upkeep\n|turn|4\n|\n|t:|1771125978\n|switch|p2a: Incineroar|Incineroar, M|100/100\n|-ability|p2a: Incineroar|Intimidate|boost\n|-unboost|p1a: Landorus|atk|1\n|-unboost|p1b: Iron Crown|atk|1\n|switch|p1a: Indeedee|Indeedee-F, F|100/100\n|-fieldstart|move: Psychic Terrain|[from] ability: Psychic Surge|[of] p1a: Indeedee\n|move|p1b: Iron Crown|Expanding Force|p2b: Ogerpon|[spread] p2b\n|-immune|p2a: Incineroar\n|-damage|p2b: Ogerpon|0 fnt\n|faint|p2b: Ogerpon\n|\n|upkeep\n|inactive|Lemecano has 120 seconds left.\n|\n|t:|1771125993\n|switch|p2b: Sneasler|Sneasler, F|78/100\n|turn|5\n|inactive|ultimathrash has 120 seconds left.\n|\n|t:|1771126016\n|switch|p1a: Landorus|Landorus, M|1/100\n|move|p1b: Iron Crown|Protect|p1b: Iron Crown\n|-singleturn|p1b: Iron Crown|Protect\n|move|p2a: Incineroar|Fake Out|p1b: Iron Crown\n|-activate|p1b: Iron Crown|move: Psychic Terrain\n|move|p2b: Sneasler|Close Combat|p1a: Landorus\n|-resisted|p1a: Landorus\n|-damage|p1a: Landorus|0 fnt\n|-unboost|p2b: Sneasler|def|1\n|-unboost|p2b: Sneasler|spd|1\n|faint|p1a: Landorus\n|-damage|p2b: Sneasler|68/100|[from] item: Life Orb\n|\n|upkeep\n|\n|t:|1771126033\n|switch|p1a: Indeedee|Indeedee-F, F|100/100\n|turn|6\n|\n|t:|1771126045\n|switch|p2b: Clefable|Clefable, F|100/100\n|move|p1a: Indeedee|Follow Me|p1a: Indeedee\n|-singleturn|p1a: Indeedee|move: Follow Me\n|move|p1b: Iron Crown|Expanding Force|p2a: Incineroar|[spread] p2b\n|-immune|p2a: Incineroar\n|-crit|p2b: Clefable\n|-damage|p2b: Clefable|36/100\n|-enditem|p2b: Clefable|Sitrus Berry|[eat]\n|-heal|p2b: Clefable|60/100|[from] item: Sitrus Berry\n|move|p2a: Incineroar|Flare Blitz|p1a: Indeedee\n|-damage|p1a: Indeedee|51/100\n|-damage|p2a: Incineroar|86/100|[from] Recoil\n|\n|upkeep\n|turn|7\n|\n|t:|1771126066\n|move|p1a: Indeedee|Follow Me|p1a: Indeedee\n|-singleturn|p1a: Indeedee|move: Follow Me\n|move|p1b: Iron Crown|Tachyon Cutter|p2b: Clefable\n|-supereffective|p2b: Clefable\n|-damage|p2b: Clefable|25/100\n|-supereffective|p2b: Clefable\n|-damage|p2b: Clefable|0 fnt\n|faint|p2b: Clefable\n|-hitcount|p2: Clefable|2\n|move|p2a: Incineroar|Knock Off|p1a: Indeedee\n|-supereffective|p1a: Indeedee\n|-damage|p1a: Indeedee|0 fnt\n|-enditem|p1a: Indeedee|Sitrus Berry|[from] move: Knock Off|[of] p2a: Incineroar\n|faint|p1a: Indeedee\n|\n|upkeep\n|\n|t:|1771126079\n|switch|p1a: Diancie|Diancie|100/100\n|switch|p2b: Regidrago|Regidrago|100/100\n|turn|8\n|\n|t:|1771126107\n|move|p1b: Iron Crown|Protect|p1b: Iron Crown\n|-singleturn|p1b: Iron Crown|Protect\n|move|p2b: Regidrago|Protect|p2b: Regidrago\n|-singleturn|p2b: Regidrago|Protect\n|move|p1a: Diancie|Diamond Storm|p2b: Regidrago|[spread] \n|-activate|p2b: Regidrago|move: Protect\n|-miss|p1a: Diancie|p2a: Incineroar\n|move|p2a: Incineroar|Knock Off|p1a: Diancie\n|-resisted|p1a: Diancie\n|-damage|p1a: Diancie|85/100\n|-enditem|p1a: Diancie|Covert Cloak|[from] move: Knock Off|[of] p2a: Incineroar\n|\n|-fieldend|move: Psychic Terrain\n|upkeep\n|turn|9\n|\n|t:|1771126136\n|switch|p2b: Raging Bolt|Raging Bolt|100/100\n|-enditem|p2b: Raging Bolt|Booster Energy\n|-activate|p2b: Raging Bolt|ability: Protosynthesis|[fromitem]\n|-start|p2b: Raging Bolt|protosynthesisspa\n|move|p1b: Iron Crown|Expanding Force|p2b: Raging Bolt\n|-damage|p2b: Raging Bolt|56/100\n|move|p1a: Diancie|Diamond Storm|p2a: Incineroar|[spread] p2a,p2b\n|-supereffective|p2a: Incineroar\n|-damage|p2a: Incineroar|36/100\n|-damage|p2b: Raging Bolt|32/100\n|-boost|p1a: Diancie|def|2\n|move|p2a: Incineroar|Knock Off|p1b: Iron Crown\n|-supereffective|p1b: Iron Crown\n|-damage|p1b: Iron Crown|0 fnt\n|faint|p1b: Iron Crown\n|-end|p1b: Iron Crown|Quark Drive|[silent]\n|\n|upkeep\n|\n|t:|1771126148\n|switch|p1b: Roaring Moon|Roaring Moon|100/100\n|-enditem|p1b: Roaring Moon|Booster Energy\n|-activate|p1b: Roaring Moon|ability: Protosynthesis|[fromitem]\n|-start|p1b: Roaring Moon|protosynthesisspe\n|turn|10\n|\n|t:|1771126174\n|move|p1b: Roaring Moon|Tailwind|p1b: Roaring Moon\n|-sidestart|p1: ultimathrash|move: Tailwind\n|move|p1a: Diancie|Diamond Storm|p2b: Raging Bolt|[spread] p2a,p2b\n|-supereffective|p2a: Incineroar\n|-damage|p2a: Incineroar|0 fnt\n|-damage|p2b: Raging Bolt|8/100\n|faint|p2a: Incineroar\n|move|p2b: Raging Bolt|Thunderbolt|p1a: Diancie\n|-damage|p1a: Diancie|33/100\n|\n|upkeep\n|inactive|Lemecano has 120 seconds left.\n|\n|t:|1771126195\n|switch|p2a: Sneasler|Sneasler, F|68/100\n|turn|11\n|\n|t:|1771126207\n|-terastallize|p1b: Roaring Moon|Ghost\n|move|p2a: Sneasler|Fake Out|p1b: Roaring Moon\n|-immune|p1b: Roaring Moon\n|move|p2b: Raging Bolt|Thunderclap|p1a: Diancie\n|-damage|p1a: Diancie|0 fnt\n|faint|p1a: Diancie\n|move|p1b: Roaring Moon|Breaking Swipe|p2b: Raging Bolt|[spread] p2a,p2b\n|-supereffective|p2b: Raging Bolt\n|-damage|p2a: Sneasler|32/100\n|-damage|p2b: Raging Bolt|0 fnt\n|-unboost|p2a: Sneasler|atk|1\n|faint|p2b: Raging Bolt\n|-end|p2b: Raging Bolt|Protosynthesis|[silent]\n|\n|upkeep\n|inactive|Lemecano has 120 seconds left.\n|\n|t:|1771126218\n|switch|p2b: Regidrago|Regidrago|100/100\n|switch|p1a: Ogerpon|Ogerpon-Hearthflame, F|100/100\n|-ability|p1a: Ogerpon|Mold Breaker\n|turn|12\n|\n|t:|1771126234\n|move|p1a: Ogerpon|Spiky Shield|p1a: Ogerpon\n|-singleturn|p1a: Ogerpon|move: Protect\n|move|p2b: Regidrago|Protect|p2b: Regidrago\n|-singleturn|p2b: Regidrago|Protect\n|move|p1b: Roaring Moon|Breaking Swipe|p2a: Sneasler|[spread] p2a\n|-activate|p2b: Regidrago|move: Protect\n|-damage|p2a: Sneasler|0 fnt\n|faint|p2a: Sneasler\n|\n|upkeep\n|turn|13\n|\n|t:|1771126243\n|-terastallize|p2b: Regidrago|Dragon\n|move|p1b: Roaring Moon|Breaking Swipe|p2b: Regidrago\n|-supereffective|p2b: Regidrago\n|-damage|p2b: Regidrago|38/100\n|-unboost|p2b: Regidrago|atk|1\n|move|p1a: Ogerpon|Wood Hammer|p2b: Regidrago\n|-resisted|p2b: Regidrago\n|-damage|p2b: Regidrago|0 fnt\n|faint|p2b: Regidrago\n|-damage|p1a: Ogerpon|78/100|[from] Recoil\n|\n|win|ultimathrash\n|raw|ultimathrash's rating: 1633 &rarr; <strong>1650</strong><br />(+17 for winning)\n|raw|Lemecano's rating: 1582 &rarr; <strong>1565</strong><br />(-17 for losing)\n|l|‽ultimathrash\n|player|p1|\n|l|☆Lemecano\n|player|p2|\n", "uploadtime": 1771126549, "views": 17, "formatid": "gen9doublesou", "rating": 1565, "private": 0, "password": null}