{"id": "gen9doublesou-2540662195", "format": "[Gen 9] Doubles OU", "players": ["morolltach", "Jaiper_Showdown"], "log": "|badge|p2|silver|gen9doublesou|30-8\n|uhtml|medal-msg|<div class=\"broadcast-blue\">Curious what those medals under the avatar are? PS now has Ladder Seasons! For more information, check out the <a href=\"https://www.smogon.com/forums/threads/3740067/\">thread on Smogon.</a></div>\n|j|‽morolltach\n|j|☆Jaiper_Showdown\n|t:|1771236184\n|gametype|doubles\n|player|p1|morolltach|101|1596\n|player|p2|Jaiper_Showdown|nate|1821\n|gen|9\n|tier|[Gen 9] Doubles OU\n|rated|\n|rule|HP Percentage Mod: HP is shown in percentages\n|rule|Endless Battle Clause: Forcing endless battles is banned\n|rule|Species Clause: Limit one of each Pokémon\n|rule|OHKO Clause: OHKO moves are banned\n|rule|Evasion Moves Clause: Evasion moves are banned\n|rule|Gravity Sleep Clause: The combination of sleep-inducing moves with imperfect accuracy and Gravity or Gigantamax Orbeetle are banned\n|rule|Evasion Abilities Clause: Evasion abilities are banned\n|clearpoke\n|poke|p1|Mew|\n|poke|p1|Dragonite, M|\n|poke|p1|Chien-Pao|\n|poke|p1|Okidogi, M|\n|poke|p1|Gholdengo|\n|poke|p1|Ogerpon-Wellspring, F|\n|poke|p2|Dragapult, M|\n|poke|p2|Zoroark-Hisui, M|\n|poke|p2|Gholdengo|\n|poke|p2|Sableye, M|\n|poke|p2|Ceruledge, M|\n|poke|p2|Gengar, M|\n|teampreview\n|\n|t:|1771236206\n|teamsize|p1|6\n|teamsize|p2|6\n|start\n|switch|p1a: Mew|Mew|100/100\n|switch|p1b: Chien-Pao|Chien-Pao|100/100\n|switch|p2a: Gengar|Gengar, M, shiny|100/100\n|switch|p2b: Gholdengo|Gholdengo|100/100\n|-ability|p1b: Chien-Pao|Sword of Ruin\n|turn|1\n|\n|t:|1771236222\n|-terastallize|p1a: Mew|Dark\n|move|p1b: Chien-Pao|Crunch|p2b: Gholdengo\n|-supereffective|p2b: Gholdengo\n|-damage|p2b: Gholdengo|27/100\n|move|p2a: Gengar|Thunder Wave|p1b: Chien-Pao\n|-status|p1b: Chien-Pao|par\n|move|p1a: Mew|Stealth Rock|p2a: Gengar\n|-sidestart|p2: Jaiper_Showdown|move: Stealth Rock\n|move|p2b: Gholdengo|Nasty Plot|p2b: Gholdengo\n|-boost|p2b: Gholdengo|spa|2\n|\n|upkeep\n|turn|2\n|\n|t:|1771236238\n|move|p2a: Gengar|Sludge Bomb|p1b: Chien-Pao\n|-damage|p1b: Chien-Pao|21/100 par\n|move|p1a: Mew|Snarl|p2b: Gholdengo|[spread] p2a,p2b\n|-supereffective|p2a: Gengar\n|-supereffective|p2b: Gholdengo\n|-damage|p2a: Gengar|45/100\n|-damage|p2b: Gholdengo|0 fnt\n|-unboost|p2a: Gengar|spa|1\n|faint|p2b: Gholdengo\n|cant|p1b: Chien-Pao|par\n|\n|upkeep\n|\n|t:|1771236252\n|switch|p2b: Sableye|Sableye, M|100/100\n|-damage|p2b: Sableye|88/100|[from] Stealth Rock\n|turn|3\n|\n|t:|1771236258\n|move|p2a: Gengar|Destiny Bond|p2a: Gengar\n|-singlemove|p2a: Gengar|Destiny Bond\n|move|p1a: Mew|Snarl|p2a: Gengar|[spread] p2a,p2b\n|-supereffective|p2a: Gengar\n|-crit|p2a: Gengar\n|-damage|p2a: Gengar|0 fnt\n|-damage|p2b: Sableye|64/100\n|-unboost|p2b: Sableye|spa|1\n|-start|p1a: Mew|Disable|Snarl|[from] ability: Cursed Body|[of] p2a: Gengar\n|-enditem|p1a: Mew|Mental Herb\n|-end|p1a: Mew|Disable\n|faint|p2a: Gengar\n|-activate|p2a: Gengar|move: Destiny Bond\n|faint|p1a: Mew\n|move|p1b: Chien-Pao|Crunch|p2b: Sableye\n|-damage|p2b: Sableye|12/100\n|-unboost|p2b: Sableye|def|1\n|move|p2b: Sableye|Knock Off|p1b: Chien-Pao\n|-resisted|p1b: Chien-Pao\n|-damage|p1b: Chien-Pao|1/100 par\n|-enditem|p1b: Chien-Pao|Focus Sash|[from] move: Knock Off|[of] p2b: Sableye\n|\n|upkeep\n|\n|t:|1771236280\n|switch|p2a: Ceruledge|Ceruledge, M|100/100\n|switch|p1a: Dragonite|Dragonite, M|100/100\n|-damage|p2a: Ceruledge|76/100|[from] Stealth Rock\n|turn|4\n|\n|t:|1771236291\n|move|p2b: Sableye|Reflect|p2b: Sableye\n|-sidestart|p2: Jaiper_Showdown|Reflect\n|move|p1a: Dragonite|Tailwind|p1a: Dragonite\n|-sidestart|p1: morolltach|move: Tailwind\n|move|p1b: Chien-Pao|Crunch|p2a: Ceruledge\n|-supereffective|p2a: Ceruledge\n|-damage|p2a: Ceruledge|0 fnt\n|faint|p2a: Ceruledge\n|\n|upkeep\n|\n|t:|1771236298\n|switch|p2a: Dragapult|Dragapult, M, shiny|100/100\n|-damage|p2a: Dragapult|88/100|[from] Stealth Rock\n|turn|5\n|\n|t:|1771236305\n|move|p2a: Dragapult|Protect|p2a: Dragapult\n|-singleturn|p2a: Dragapult|Protect\n|move|p1a: Dragonite|Ice Spinner|p2b: Sableye\n|-damage|p2b: Sableye|0 fnt\n|faint|p2b: Sableye\n|move|p1b: Chien-Pao|Ice Spinner|p2a: Dragapult\n|-activate|p2a: Dragapult|move: Protect\n|\n|-heal|p2a: Dragapult|94/100|[from] item: Leftovers\n|upkeep\n|\n|t:|1771236310\n|switch|p2b: Zoroark|Zoroark-Hisui, M, shiny|100/100\n|-damage|p2b: Zoroark|88/100|[from] Stealth Rock\n|turn|6\n|\n|t:|1771236321\n|-terastallize|p2a: Dragapult|Dragon\n|move|p1a: Dragonite|Ice Spinner|p2a: Dragapult\n|-supereffective|p2a: Dragapult\n|-damage|p2a: Dragapult|19/100\n|move|p1b: Chien-Pao|Crunch|p2a: Dragapult\n|-damage|p2a: Dragapult|0 fnt\n|faint|p2a: Dragapult\n|move|p2b: Zoroark|Shadow Ball|p1a: Dragonite\n|-damage|p1a: Dragonite|70/100\n|\n|upkeep\n|turn|7\n|-message|Jaiper_Showdown forfeited.\n|\n|win|morolltach\n|raw|morolltach's rating: 1596 &rarr; <strong>1627</strong><br />(+31 for winning)\n|raw|Jaiper_Showdown's rating: 1821 &rarr; <strong>1790</strong><br />(-31 for losing)\n|l|☆Jaiper_Showdown\n|player|p2|\n|l|‽morolltach\n|player|p1|\n", "uploadtime": 1771236632, "views": 11, "formatid": "gen9doublesou", "rating": 1627, "private": 0, "password": null}