{"id": "gen9doublesou-2640004069", "format": "[Gen 9] Doubles OU", "players": ["bond02468", "WHERE'S D RUM"], "log": "|j|☆bond02468\n|j|☆WHERE'S D RUM\n|t:|1782562098\n|gametype|doubles\n|player|p1|bond02468|266|1590\n|player|p2|WHERE'S D RUM|willow|1612\n|gen|9\n|tier|[Gen 9] Doubles OU\n|rated|\n|rule|HP Percentage Mod: HP is shown in percentages\n|rule|Endless Battle Clause: Forcing endless battles is banned\n|rule|Species Clause: Limit one of each Pokémon\n|rule|OHKO Clause: OHKO moves are banned\n|rule|Evasion Moves Clause: Evasion moves are banned\n|rule|Gravity Sleep Clause: The combination of sleep-inducing moves with imperfect accuracy and Gravity or Gigantamax Orbeetle are banned\n|rule|Evasion Abilities Clause: Evasion abilities are banned\n|clearpoke\n|poke|p1|Regidrago|\n|poke|p1|Murkrow, F|\n|poke|p1|Chien-Pao|\n|poke|p1|Chi-Yu|\n|poke|p1|Ursaluna-Bloodmoon, M|\n|poke|p1|Talonflame, F|\n|poke|p2|Tornadus, M|\n|poke|p2|Landorus, M|\n|poke|p2|Chien-Pao|\n|poke|p2|Okidogi, M|\n|poke|p2|Ogerpon-Wellspring, F|\n|poke|p2|Incineroar, M|\n|teampreview\n|inactive|Battle timer is ON: inactive players will automatically lose when time's up. (requested by WHERE'S D RUM)\n|\n|t:|1782562103\n|teamsize|p1|6\n|teamsize|p2|6\n|start\n|switch|p1a: Chi-Yu|Chi-Yu|100/100\n|switch|p1b: Murkrow|Murkrow, F|100/100\n|switch|p2a: ENERU|Tornadus, M|100/100\n|switch|p2b: ROCKS D XEBEC|Incineroar, M, shiny|100/100\n|-ability|p1a: Chi-Yu|Beads of Ruin\n|-ability|p2b: ROCKS D XEBEC|Intimidate|boost\n|-unboost|p1a: Chi-Yu|atk|1\n|-unboost|p1b: Murkrow|atk|1\n|turn|1\n|inactive|WHERE'S D RUM has 120 seconds left.\n|\n|t:|1782562134\n|move|p2b: ROCKS D XEBEC|Fake Out|p1a: Chi-Yu\n|-damage|p1a: Chi-Yu|82/100\n|cant|p1a: Chi-Yu|flinch\n|move|p2a: ENERU|Bleakwind Storm|p1b: Murkrow|[spread] p1a,p1b\n|-damage|p1a: Chi-Yu|35/100\n|-damage|p1b: Murkrow|50/100\n|-unboost|p1b: Murkrow|spe|1\n|move|p1b: Murkrow|Foul Play|p2b: ROCKS D XEBEC\n|-resisted|p2b: ROCKS D XEBEC\n|-damage|p2b: ROCKS D XEBEC|83/100\n|\n|upkeep\n|turn|2\n|\n|t:|1782562146\n|move|p2a: ENERU|Tailwind|p2a: ENERU\n|-sidestart|p2: WHERE'S D RUM|move: Tailwind\n|move|p1b: Murkrow|Tailwind|p1b: Murkrow\n|-sidestart|p1: bond02468|move: Tailwind\n|move|p1a: Chi-Yu|Heat Wave|p2b: ROCKS D XEBEC|[spread] p2a,p2b\n|-resisted|p2b: ROCKS D XEBEC\n|-damage|p2a: ENERU|46/100\n|-damage|p2b: ROCKS D XEBEC|62/100\n|move|p2b: ROCKS D XEBEC|Flare Blitz|p1a: Chi-Yu\n|-resisted|p1a: Chi-Yu\n|-damage|p1a: Chi-Yu|0 fnt\n|faint|p1a: Chi-Yu\n|-damage|p2b: ROCKS D XEBEC|55/100|[from] Recoil\n|\n|upkeep\n|\n|t:|1782562161\n|switch|p1a: Ursaluna|Ursaluna-Bloodmoon, M|100/100\n|turn|3\n|\n|t:|1782562174\n|move|p2a: ENERU|Bleakwind Storm|p1b: Murkrow|[spread] p1a,p1b\n|-damage|p1a: Ursaluna|56/100\n|-damage|p1b: Murkrow|13/100\n|-unboost|p1a: Ursaluna|spe|1\n|move|p2b: ROCKS D XEBEC|Knock Off|p1a: Ursaluna\n|-damage|p1a: Ursaluna|28/100\n|-enditem|p1a: Ursaluna|Safety Goggles|[from] move: Knock Off|[of] p2b: ROCKS D XEBEC\n|move|p1b: Murkrow|Foul Play|p2a: ENERU\n|-damage|p2a: ENERU|11/100\n|move|p1a: Ursaluna|Hyper Voice|p2b: ROCKS D XEBEC|[spread] p2a,p2b\n|-damage|p2a: ENERU|0 fnt\n|-damage|p2b: ROCKS D XEBEC|20/100\n|faint|p2a: ENERU\n|\n|upkeep\n|\n|t:|1782562189\n|switch|p2a: SAINT IMU|Chien-Pao|100/100\n|-ability|p2a: SAINT IMU|Sword of Ruin\n|turn|4\n|\n|t:|1782562194\n|move|p1a: Ursaluna|Vacuum Wave|p2a: SAINT IMU\n|-supereffective|p2a: SAINT IMU\n|-damage|p2a: SAINT IMU|5/100\n|move|p2a: SAINT IMU|Ice Spinner|p1a: Ursaluna\n|-supereffective|p1a: Ursaluna\n|-damage|p1a: Ursaluna|0 fnt\n|faint|p1a: Ursaluna\n|move|p2b: ROCKS D XEBEC|Flare Blitz|p1b: Murkrow\n|-damage|p1b: Murkrow|0 fnt\n|faint|p1b: Murkrow\n|-damage|p2b: ROCKS D XEBEC|17/100|[from] Recoil\n|\n|upkeep\n|\n|t:|1782562219\n|switch|p1b: Chien-Pao|Chien-Pao|100/100\n|switch|p1a: Regidrago|Regidrago|100/100\n|-ability|p1b: Chien-Pao|Sword of Ruin\n|turn|5\n|inactive|WHERE'S D RUM has 120 seconds left.\n|\n|t:|1782562260\n|switch|p2b: KUMA THE GOAT|Okidogi, M|100/100\n|move|p2a: SAINT IMU|Protect|p2a: SAINT IMU\n|-singleturn|p2a: SAINT IMU|Protect\n|move|p1a: Regidrago|Protect|p1a: Regidrago\n|-singleturn|p1a: Regidrago|Protect\n|move|p1b: Chien-Pao|Sucker Punch||[still]\n|-fail|p1b: Chien-Pao\n|\n|-sideend|p2: WHERE'S D RUM|move: Tailwind\n|-sideend|p1: bond02468|move: Tailwind\n|upkeep\n|turn|6\n|inactive|WHERE'S D RUM has 120 seconds left.\n|\n|t:|1782562283\n|-terastallize|p1a: Regidrago|Dragon\n|move|p1b: Chien-Pao|Sucker Punch|p2a: SAINT IMU\n|-resisted|p2a: SAINT IMU\n|-damage|p2a: SAINT IMU|0 fnt\n|faint|p2a: SAINT IMU\n|-damage|p1b: Chien-Pao|91/100|[from] item: Life Orb\n|move|p1a: Regidrago|Dragon Energy|p2b: KUMA THE GOAT\n|-damage|p2b: KUMA THE GOAT|0 fnt\n|faint|p2b: KUMA THE GOAT\n|\n|upkeep\n|\n|t:|1782562293\n|switch|p2a: MONKEY D DRAGON|Ogerpon-Wellspring, F|100/100\n|switch|p2b: ROCKS D XEBEC|Incineroar, M, shiny|17/100\n|-ability|p2b: ROCKS D XEBEC|Intimidate|boost\n|-unboost|p1a: Regidrago|atk|1\n|-unboost|p1b: Chien-Pao|atk|1\n|turn|7\n|\n|t:|1782562299\n|switch|p2b: WHITE BEARD|Landorus, M|100/100\n|move|p2a: MONKEY D DRAGON|Spiky Shield|p2a: MONKEY D DRAGON\n|-singleturn|p2a: MONKEY D DRAGON|move: Protect\n|move|p1a: Regidrago|Protect|p1a: Regidrago\n|-singleturn|p1a: Regidrago|Protect\n|move|p1b: Chien-Pao|Sucker Punch||[still]\n|-fail|p1b: Chien-Pao\n|\n|upkeep\n|turn|8\n|\n|t:|1782562321\n|switch|p1a: Talonflame|Talonflame, F|100/100\n|switch|p2b: ROCKS D XEBEC|Incineroar, M, shiny|17/100\n|-ability|p2b: ROCKS D XEBEC|Intimidate|boost\n|-unboost|p1a: Talonflame|atk|1\n|-unboost|p1b: Chien-Pao|atk|1\n|-terastallize|p2a: MONKEY D DRAGON|Water\n|detailschange|p2a: MONKEY D DRAGON|Ogerpon-Wellspring-Tera, F, tera:Water\n|-ability|p2a: MONKEY D DRAGON|Embody Aspect (Wellspring)|boost\n|-boost|p2a: MONKEY D DRAGON|spd|1\n|move|p1b: Chien-Pao|Ice Spinner|p2b: ROCKS D XEBEC\n|-resisted|p2b: ROCKS D XEBEC\n|-damage|p2b: ROCKS D XEBEC|2/100\n|-damage|p1b: Chien-Pao|81/100|[from] item: Life Orb\n|move|p2a: MONKEY D DRAGON|Ivy Cudgel|p1a: Talonflame|[anim] Ivy Cudgel Water\n|-supereffective|p1a: Talonflame\n|-damage|p1a: Talonflame|0 fnt\n|faint|p1a: Talonflame\n|\n|upkeep\n|\n|t:|1782562338\n|switch|p1a: Regidrago|Regidrago, tera:Dragon|100/100\n|turn|9\n|\n|t:|1782562349\n|move|p1b: Chien-Pao|Protect|p1b: Chien-Pao\n|-singleturn|p1b: Chien-Pao|Protect\n|move|p2b: ROCKS D XEBEC|Fake Out|p1a: Regidrago\n|-damage|p1a: Regidrago|84/100\n|move|p2a: MONKEY D DRAGON|Ivy Cudgel|p1b: Chien-Pao|[anim] Ivy Cudgel Water\n|-activate|p1b: Chien-Pao|move: Protect\n|cant|p1a: Regidrago|flinch\n|\n|upkeep\n|turn|10\n|\n|t:|1782562370\n|move|p1b: Chien-Pao|Sucker Punch|p2a: MONKEY D DRAGON\n|-damage|p2a: MONKEY D DRAGON|64/100\n|-damage|p1b: Chien-Pao|71/100|[from] item: Life Orb\n|move|p2a: MONKEY D DRAGON|Ivy Cudgel|p1b: Chien-Pao|[anim] Ivy Cudgel Water\n|-damage|p1b: Chien-Pao|0 fnt\n|faint|p1b: Chien-Pao\n|move|p1a: Regidrago|Dragon Energy|p2b: ROCKS D XEBEC|[spread] p2a,p2b\n|-damage|p2a: MONKEY D DRAGON|0 fnt\n|-damage|p2b: ROCKS D XEBEC|0 fnt\n|faint|p2a: MONKEY D DRAGON\n|detailschange|p2: MONKEY D DRAGON|Ogerpon-Wellspring, F|[silent]\n|faint|p2b: ROCKS D XEBEC\n|\n|upkeep\n|\n|t:|1782562379\n|switch|p2b: WHITE BEARD|Landorus, M|100/100\n|turn|11\n|\n|t:|1782562385\n|move|p1a: Regidrago|Dragon Pulse|p2b: WHITE BEARD\n|-damage|p2b: WHITE BEARD|0 fnt\n|faint|p2b: WHITE BEARD\n|\n|win|bond02468\n|raw|bond02468's rating: 1590 &rarr; <strong>1611</strong><br />(+21 for winning)\n|raw|WHERE&apos;S D RUM's rating: 1612 &rarr; <strong>1591</strong><br />(-21 for losing)\n|l|☆bond02468\n|player|p1|\n|l|☆WHERE'S D RUM\n|player|p2|\n", "uploadtime": 1782562693, "views": 2, "formatid": "gen9doublesou", "rating": 1591, "private": 0, "password": null}