{"id": "gen9doublesou-2540752672", "format": "[Gen 9] Doubles OU", "players": ["Dr Sly", "hayker"], "log": "|j|☆Dr Sly\n|j|☆hayker\n|t:|1771249902\n|gametype|doubles\n|player|p1|Dr Sly|camper|1582\n|player|p2|hayker|ghetsis|1585\n|gen|9\n|tier|[Gen 9] Doubles OU\n|rated|\n|rule|HP Percentage Mod: HP is shown in percentages\n|rule|Endless Battle Clause: Forcing endless battles is banned\n|rule|Species Clause: Limit one of each Pokémon\n|rule|OHKO Clause: OHKO moves are banned\n|rule|Evasion Moves Clause: Evasion moves are banned\n|rule|Gravity Sleep Clause: The combination of sleep-inducing moves with imperfect accuracy and Gravity or Gigantamax Orbeetle are banned\n|rule|Evasion Abilities Clause: Evasion abilities are banned\n|clearpoke\n|poke|p1|Hitmonchan, M|\n|poke|p1|Volcanion|\n|poke|p1|Comfey, F|\n|poke|p1|Araquanid, F|\n|poke|p1|Moltres-Galar|\n|poke|p1|Thundurus, M|\n|poke|p2|Ting-Lu|\n|poke|p2|Gouging Fire|\n|poke|p2|Chien-Pao|\n|poke|p2|Dragonite, F|\n|poke|p2|Zapdos-Galar|\n|poke|p2|Sinistcha|\n|teampreview\n|\n|t:|1771249917\n|teamsize|p1|6\n|teamsize|p2|6\n|start\n|switch|p1a: Volcanion|Volcanion|100/100\n|switch|p1b: Thundurus|Thundurus, M, shiny|100/100\n|switch|p2a: Chien-Pao|Chien-Pao|100/100\n|switch|p2b: Gouging Fire|Gouging Fire|100/100\n|-ability|p2a: Chien-Pao|Sword of Ruin\n|-enditem|p2b: Gouging Fire|Booster Energy\n|-activate|p2b: Gouging Fire|ability: Protosynthesis|[fromitem]\n|-start|p2b: Gouging Fire|protosynthesisspe\n|turn|1\n|inactive|Battle timer is ON: inactive players will automatically lose when time's up. (requested by hayker)\n|inactive|Dr Sly has 120 seconds left.\n|\n|t:|1771249956\n|move|p1b: Thundurus|Thunder Wave|p2b: Gouging Fire\n|-status|p2b: Gouging Fire|par\n|move|p2a: Chien-Pao|Ice Spinner|p1b: Thundurus\n|-supereffective|p1b: Thundurus\n|-crit|p1b: Thundurus\n|-damage|p1b: Thundurus|0 fnt\n|faint|p1b: Thundurus\n|cant|p2b: Gouging Fire|par\n|move|p1a: Volcanion|Heat Wave|p2b: Gouging Fire|[spread] p2a,p2b\n|-supereffective|p2a: Chien-Pao\n|-resisted|p2b: Gouging Fire\n|-enditem|p2a: Chien-Pao|Focus Sash\n|-damage|p2a: Chien-Pao|1/100\n|-damage|p2b: Gouging Fire|91/100 par\n|-status|p2a: Chien-Pao|brn\n|\n|-damage|p2a: Chien-Pao|0 fnt|[from] brn\n|faint|p2a: Chien-Pao\n|upkeep\n|\n|t:|1771249980\n|switch|p2a: Dragonite|Dragonite, F|100/100\n|switch|p1b: Hitmonchan|Hitmonchan, M|100/100\n|turn|2\n|\n|t:|1771249989\n|move|p2a: Dragonite|Scale Shot|p1a: Volcanion\n|-crit|p1a: Volcanion\n|-damage|p1a: Volcanion|82/100\n|-damage|p1a: Volcanion|71/100\n|-damage|p1a: Volcanion|58/100\n|-damage|p1a: Volcanion|46/100\n|-damage|p1a: Volcanion|34/100\n|-hitcount|p1a: Volcanion|5\n|-unboost|p2a: Dragonite|def|1\n|-boost|p2a: Dragonite|spe|1\n|move|p2b: Gouging Fire|Breaking Swipe|p1a: Volcanion|[spread] p1a,p1b\n|-damage|p1a: Volcanion|21/100\n|-damage|p1b: Hitmonchan|74/100\n|-unboost|p1a: Volcanion|atk|1\n|-unboost|p1b: Hitmonchan|atk|1\n|move|p1b: Hitmonchan|Ice Punch|p2a: Dragonite\n|-supereffective|p2a: Dragonite\n|-damage|p2a: Dragonite|43/100\n|move|p1a: Volcanion|Earth Power|p2b: Gouging Fire\n|-supereffective|p2b: Gouging Fire\n|-damage|p2b: Gouging Fire|31/100 par\n|\n|upkeep\n|turn|3\n|\n|t:|1771250018\n|switch|p1b: Comfey|Comfey, F|100/100\n|move|p2a: Dragonite|Scale Shot|p1b: Comfey\n|-immune|p1b: Comfey\n|move|p2b: Gouging Fire|Breaking Swipe|p1b: Comfey|[spread] p1a\n|-immune|p1b: Comfey\n|-damage|p1a: Volcanion|7/100\n|-unboost|p1a: Volcanion|atk|1\n|move|p1a: Volcanion|Sludge Bomb|p2a: Dragonite\n|-damage|p2a: Dragonite|6/100\n|\n|upkeep\n|turn|4\n|\n|t:|1771250036\n|move|p1b: Comfey|Draining Kiss|p2a: Dragonite\n|-supereffective|p2a: Dragonite\n|-damage|p2a: Dragonite|0 fnt\n|faint|p2a: Dragonite\n|move|p2b: Gouging Fire|Breaking Swipe|p1a: Volcanion|[spread] p1a\n|-immune|p1b: Comfey\n|-damage|p1a: Volcanion|0 fnt\n|faint|p1a: Volcanion\n|\n|upkeep\n|\n|t:|1771250049\n|switch|p2a: Sinistcha|Sinistcha|100/100\n|switch|p1a: Moltres|Moltres-Galar|100/100\n|-heal|p2b: Gouging Fire|55/100 par|[from] ability: Hospitality|[of] p2a: Sinistcha\n|turn|5\n|\n|t:|1771250064\n|-terastallize|p2a: Sinistcha|Water\n|move|p1b: Comfey|Leech Seed|p2b: Gouging Fire\n|-start|p2b: Gouging Fire|move: Leech Seed\n|move|p2b: Gouging Fire|Heat Crash|p1a: Moltres\n|-damage|p1a: Moltres|55/100\n|move|p1a: Moltres|Agility|p1a: Moltres\n|-boost|p1a: Moltres|spe|2\n|move|p2a: Sinistcha|Matcha Gotcha|p1b: Comfey|[spread] p1a,p1b\n|-resisted|p1a: Moltres\n|-damage|p1a: Moltres|44/100\n|-damage|p1b: Comfey|74/100\n|-status|p1a: Moltres|brn\n|-ability|p1a: Moltres|Berserk|boost\n|-boost|p1a: Moltres|spa|1\n|\n|-damage|p2b: Gouging Fire|43/100 par|[from] Leech Seed|[of] p1b: Comfey\n|-heal|p1b: Comfey|96/100|[silent]\n|-damage|p1a: Moltres|38/100 brn|[from] brn\n|upkeep\n|turn|6\n|\n|t:|1771250089\n|move|p1b: Comfey|Floral Healing|p1a: Moltres\n|-heal|p1a: Moltres|88/100 brn\n|move|p2a: Sinistcha|Rage Powder|p2a: Sinistcha\n|-singleturn|p2a: Sinistcha|move: Rage Powder\n|move|p1a: Moltres|Fiery Wrath|p2b: Gouging Fire|[spread] p2a,p2b\n|-damage|p2a: Sinistcha|57/100\n|-damage|p2b: Gouging Fire|0 fnt\n|faint|p2b: Gouging Fire\n|-end|p2b: Gouging Fire|Protosynthesis|[silent]\n|\n|-damage|p1a: Moltres|82/100 brn|[from] brn\n|upkeep\n|\n|t:|1771250101\n|switch|p2b: Zapdos|Zapdos-Galar|100/100\n|turn|7\n|\n|t:|1771250111\n|move|p1a: Moltres|Protect|p1a: Moltres\n|-singleturn|p1a: Moltres|Protect\n|move|p1b: Comfey|Draining Kiss|p2b: Zapdos\n|-supereffective|p2b: Zapdos\n|-damage|p2b: Zapdos|61/100\n|-heal|p1b: Comfey|100/100|[from] drain|[of] p2b: Zapdos\n|move|p2b: Zapdos|Brave Bird|p1a: Moltres\n|-activate|p1a: Moltres|move: Protect\n|move|p2a: Sinistcha|Matcha Gotcha|p1a: Moltres|[spread] p1b\n|-activate|p1a: Moltres|move: Protect\n|-damage|p1b: Comfey|76/100\n|-heal|p2a: Sinistcha|68/100|[from] drain|[of] p1b: Comfey\n|-status|p1b: Comfey|brn\n|\n|-damage|p1a: Moltres|76/100 brn|[from] brn\n|-damage|p1b: Comfey|70/100 brn|[from] brn\n|upkeep\n|turn|8\n|\n|t:|1771250129\n|move|p1b: Comfey|Draining Kiss|p2b: Zapdos\n|-supereffective|p2b: Zapdos\n|-damage|p2b: Zapdos|21/100\n|-heal|p1b: Comfey|100/100 brn|[from] drain|[of] p2b: Zapdos\n|move|p2b: Zapdos|Brave Bird|p1a: Moltres\n|-damage|p1a: Moltres|13/100 brn\n|-damage|p2b: Zapdos|0 fnt|[from] Recoil\n|-ability|p1a: Moltres|Berserk|boost\n|-boost|p1a: Moltres|spa|1\n|faint|p2b: Zapdos\n|-enditem|p1a: Moltres|Aguav Berry|[eat]\n|-heal|p1a: Moltres|47/100 brn|[from] item: Aguav Berry\n|move|p1a: Moltres|Fiery Wrath|p2a: Sinistcha\n|-damage|p2a: Sinistcha|0 fnt\n|faint|p2a: Sinistcha\n|\n|-damage|p1a: Moltres|40/100 brn|[from] brn\n|-damage|p1b: Comfey|94/100 brn|[from] brn\n|upkeep\n|-message|hayker forfeited.\n|\n|win|Dr Sly\n|raw|Dr Sly's rating: 1582 &rarr; <strong>1602</strong><br />(+20 for winning)\n|raw|hayker's rating: 1585 &rarr; <strong>1565</strong><br />(-20 for losing)\n|l|☆hayker\n|player|p2|\n|l|☆Dr Sly\n|player|p1|\n", "uploadtime": 1771250517, "views": 6, "formatid": "gen9doublesou", "rating": 1565, "private": 0, "password": null}