{"id": "gen9doublesou-2539997059", "format": "[Gen 9] Doubles OU", "players": ["tzk 332", "DragonTrainerBrian"], "log": "|j|☆tzk 332\n|j|☆DragonTrainerBrian\n|t:|1771141063\n|gametype|doubles\n|player|p1|tzk 332|2|1612\n|player|p2|DragonTrainerBrian|iris-gen5bw2|1605\n|gen|9\n|tier|[Gen 9] Doubles OU\n|rated|\n|rule|HP Percentage Mod: HP is shown in percentages\n|rule|Endless Battle Clause: Forcing endless battles is banned\n|rule|Species Clause: Limit one of each Pokémon\n|rule|OHKO Clause: OHKO moves are banned\n|rule|Evasion Moves Clause: Evasion moves are banned\n|rule|Gravity Sleep Clause: The combination of sleep-inducing moves with imperfect accuracy and Gravity or Gigantamax Orbeetle are banned\n|rule|Evasion Abilities Clause: Evasion abilities are banned\n|clearpoke\n|poke|p1|Okidogi, M|\n|poke|p1|Iron Hands|\n|poke|p1|Primarina, F|\n|poke|p1|Farigiraf, M|\n|poke|p1|Tornadus, M|\n|poke|p1|Chi-Yu|\n|poke|p2|Whimsicott, F|\n|poke|p2|Chien-Pao|\n|poke|p2|Ogerpon-Hearthflame, F|\n|poke|p2|Sandy Shocks|\n|poke|p2|Walking Wake|\n|poke|p2|Gengar, M|\n|teampreview\n|inactive|Battle timer is ON: inactive players will automatically lose when time's up. (requested by DragonTrainerBrian)\n|\n|t:|1771141087\n|teamsize|p1|6\n|teamsize|p2|6\n|start\n|switch|p1a: Farigiraf|Farigiraf, M|100/100\n|switch|p1b: Iron Hands|Iron Hands|100/100\n|switch|p2a: Gengar|Gengar, M|100/100\n|switch|p2b: Ogerpon|Ogerpon-Hearthflame, F|100/100\n|-ability|p2b: Ogerpon|Mold Breaker\n|turn|1\n|\n|t:|1771141102\n|move|p2b: Ogerpon|Spiky Shield|p2b: Ogerpon\n|-singleturn|p2b: Ogerpon|move: Protect\n|move|p2a: Gengar|Imprison|p2a: Gengar\n|-start|p2a: Gengar|move: Imprison\n|move|p1a: Farigiraf|Reflect|p1a: Farigiraf\n|-sidestart|p1: tzk 332|Reflect\n|move|p1b: Iron Hands|Wild Charge|p2a: Gengar\n|-enditem|p2a: Gengar|Focus Sash\n|-damage|p2a: Gengar|1/100\n|-damage|p1b: Iron Hands|88/100|[from] Recoil\n|-damage|p1b: Iron Hands|78/100|[from] item: Life Orb\n|\n|upkeep\n|turn|2\n|\n|t:|1771141117\n|move|p1b: Iron Hands|Protect|p1b: Iron Hands\n|-singleturn|p1b: Iron Hands|Protect\n|move|p2a: Gengar|Sludge Bomb|p1a: Farigiraf\n|-damage|p1a: Farigiraf|57/100\n|-status|p1a: Farigiraf|psn\n|move|p2b: Ogerpon|U-turn|p1a: Farigiraf\n|-supereffective|p1a: Farigiraf\n|-crit|p1a: Farigiraf\n|-damage|p1a: Farigiraf|0 fnt\n|faint|p1a: Farigiraf\n|\n|t:|1771141128\n|switch|p2b: Whimsicott|Whimsicott, F|100/100|[from] U-turn\n|\n|upkeep\n|\n|t:|1771141134\n|switch|p1a: Chi-Yu|Chi-Yu|100/100\n|-ability|p1a: Chi-Yu|Beads of Ruin\n|turn|3\n|\n|t:|1771141140\n|-end|p1b: Iron Hands|Quark Drive|[silent]\n|switch|p1b: Tornadus|Tornadus, M|100/100\n|move|p2b: Whimsicott|Encore||[still]\n|-fail|p2b: Whimsicott\n|move|p1a: Chi-Yu|Heat Wave|p2b: Whimsicott|[spread] p2a\n|-miss|p1a: Chi-Yu|p2b: Whimsicott\n|-damage|p2a: Gengar|0 fnt\n|faint|p2a: Gengar\n|\n|upkeep\n|\n|t:|1771141152\n|switch|p2a: Walking Wake|Walking Wake|100/100\n|-enditem|p2a: Walking Wake|Booster Energy\n|-activate|p2a: Walking Wake|ability: Protosynthesis|[fromitem]\n|-start|p2a: Walking Wake|protosynthesisspa\n|turn|4\n|\n|t:|1771141165\n|switch|p1a: Primarina|Primarina, F|100/100\n|move|p2b: Whimsicott|Tailwind|p2b: Whimsicott\n|-sidestart|p2: DragonTrainerBrian|move: Tailwind\n|move|p2a: Walking Wake|Dragon Pulse|p1b: Tornadus\n|-damage|p1b: Tornadus|38/100\n|move|p1b: Tornadus|Bleakwind Storm|p2a: Walking Wake|[spread] p2a,p2b\n|-supereffective|p2b: Whimsicott\n|-damage|p2a: Walking Wake|37/100\n|-enditem|p2b: Whimsicott|Focus Sash\n|-damage|p2b: Whimsicott|1/100\n|-unboost|p2a: Walking Wake|spe|1\n|-damage|p1b: Tornadus|28/100|[from] item: Life Orb\n|\n|upkeep\n|turn|5\n|\n|t:|1771141191\n|switch|p2b: Ogerpon|Ogerpon-Hearthflame, F|100/100\n|-ability|p2b: Ogerpon|Mold Breaker\n|move|p1b: Tornadus|Tailwind|p1b: Tornadus\n|-sidestart|p1: tzk 332|move: Tailwind\n|move|p2a: Walking Wake|Dragon Pulse|p1b: Tornadus\n|-damage|p1b: Tornadus|0 fnt\n|faint|p1b: Tornadus\n|move|p1a: Primarina|Hyper Voice|p2a: Walking Wake|[spread] p2a,p2b\n|-resisted|p2a: Walking Wake\n|-damage|p2a: Walking Wake|22/100\n|-damage|p2b: Ogerpon|39/100\n|-damage|p1a: Primarina|91/100|[from] item: Life Orb\n|\n|-sideend|p1: tzk 332|Reflect\n|upkeep\n|inactive|tzk 332 has 120 seconds left.\n|inactive|tzk 332 has 90 seconds left.\n|inactive|tzk 332 has 60 seconds left.\n|\n|t:|1771141263\n|switch|p1b: Okidogi|Okidogi, M|100/100\n|turn|6\n|inactive|tzk 332 has 60 seconds left.\n|\n|t:|1771141298\n|-terastallize|p1a: Primarina|Dragon\n|move|p2b: Ogerpon|Wood Hammer|p1a: Primarina\n|-resisted|p1a: Primarina\n|-damage|p1a: Primarina|42/100\n|-damage|p2b: Ogerpon|21/100|[from] Recoil\n|move|p2a: Walking Wake|Dragon Pulse|p1b: Okidogi\n|-damage|p1b: Okidogi|37/100\n|move|p1b: Okidogi|Poison Jab|p2a: Walking Wake\n|-damage|p2a: Walking Wake|0 fnt\n|faint|p2a: Walking Wake\n|-end|p2a: Walking Wake|Protosynthesis|[silent]\n|-damage|p1b: Okidogi|28/100|[from] item: Life Orb\n|move|p1a: Primarina|Hyper Voice|p2b: Ogerpon\n|-damage|p2b: Ogerpon|0 fnt\n|faint|p2b: Ogerpon\n|-damage|p1a: Primarina|32/100|[from] item: Life Orb\n|\n|upkeep\n|\n|t:|1771141313\n|switch|p2b: Chien-Pao|Chien-Pao|100/100\n|switch|p2a: Sandy Shocks|Sandy Shocks|100/100\n|-ability|p2b: Chien-Pao|Sword of Ruin\n|turn|7\n|inactive|tzk 332 has 60 seconds left.\n|\n|t:|1771141343\n|switch|p1a: Iron Hands|Iron Hands|78/100\n|move|p1b: Okidogi|Protect|p1b: Okidogi\n|-singleturn|p1b: Okidogi|Protect\n|move|p2b: Chien-Pao|Ice Spinner|p1b: Okidogi\n|-activate|p1b: Okidogi|move: Protect\n|move|p2a: Sandy Shocks|Earth Power|p1a: Iron Hands\n|-supereffective|p1a: Iron Hands\n|-crit|p1a: Iron Hands\n|-damage|p1a: Iron Hands|0 fnt\n|faint|p1a: Iron Hands\n|-end|p1a: Iron Hands|Quark Drive|[silent]\n|\n|-sideend|p2: DragonTrainerBrian|move: Tailwind\n|upkeep\n|\n|t:|1771141357\n|switch|p1a: Chi-Yu|Chi-Yu|100/100\n|-ability|p1a: Chi-Yu|Beads of Ruin\n|turn|8\n|inactive|tzk 332 has 60 seconds left.\n|inactive|DragonTrainerBrian has 120 seconds left.\n|\n|t:|1771141390\n|-terastallize|p2b: Chien-Pao|Ghost\n|move|p2a: Sandy Shocks|Protect|p2a: Sandy Shocks\n|-singleturn|p2a: Sandy Shocks|Protect\n|move|p1a: Chi-Yu|Heat Wave|p2b: Chien-Pao|[spread] p2b\n|-activate|p2a: Sandy Shocks|move: Protect\n|-damage|p2b: Chien-Pao|3/100\n|move|p1b: Okidogi|Brick Break|p2a: Sandy Shocks\n|-activate|p2a: Sandy Shocks|move: Protect\n|move|p2b: Chien-Pao|Sacred Sword|p1a: Chi-Yu\n|-supereffective|p1a: Chi-Yu\n|-damage|p1a: Chi-Yu|0 fnt\n|faint|p1a: Chi-Yu\n|\n|-sideend|p1: tzk 332|move: Tailwind\n|upkeep\n|\n|t:|1771141394\n|switch|p1a: Primarina|Primarina, F, tera:Dragon|32/100\n|turn|9\n|-message|tzk 332 forfeited.\n|\n|win|DragonTrainerBrian\n|raw|tzk 332's rating: 1612 &rarr; <strong>1592</strong><br />(-20 for losing)\n|raw|DragonTrainerBrian's rating: 1605 &rarr; <strong>1625</strong><br />(+20 for winning)\n|l|☆tzk 332\n|player|p1|\n|l|☆DragonTrainerBrian\n|player|p2|\n", "uploadtime": 1771141714, "views": 22, "formatid": "gen9doublesou", "rating": 1592, "private": 0, "password": null}