{"id": "gen9doublesou-2640011492", "format": "[Gen 9] Doubles OU", "players": ["4story", "wecontrol34all"], "log": "|j|☆4story\n|j|☆wecontrol34all\n|t:|1782563473\n|gametype|doubles\n|player|p1|4story|psychic-gen2|1584\n|player|p2|wecontrol34all|gentleman-gen4|1551\n|gen|9\n|tier|[Gen 9] Doubles OU\n|rated|\n|rule|HP Percentage Mod: HP is shown in percentages\n|rule|Endless Battle Clause: Forcing endless battles is banned\n|rule|Species Clause: Limit one of each Pokémon\n|rule|OHKO Clause: OHKO moves are banned\n|rule|Evasion Moves Clause: Evasion moves are banned\n|rule|Gravity Sleep Clause: The combination of sleep-inducing moves with imperfect accuracy and Gravity or Gigantamax Orbeetle are banned\n|rule|Evasion Abilities Clause: Evasion abilities are banned\n|clearpoke\n|poke|p1|Torkoal, L98, F|\n|poke|p1|Hatterene, L99, F|\n|poke|p1|Indeedee-F, F|\n|poke|p1|Farigiraf, F|\n|poke|p1|Diancie|\n|poke|p1|Iron Hands|\n|poke|p2|Rabsca, M|\n|poke|p2|Pawmot, F|\n|poke|p2|Roaring Moon|\n|poke|p2|Gyarados, M|\n|poke|p2|Basculegion-F, F|\n|poke|p2|Tyranitar, F|\n|teampreview\n|inactive|Battle timer is ON: inactive players will automatically lose when time's up. (requested by 4story)\n|\n|t:|1782563481\n|teamsize|p1|6\n|teamsize|p2|6\n|start\n|switch|p1a: Indeedee|Indeedee-F, F, shiny|100/100\n|switch|p1b: Hatterene|Hatterene, L99, F, shiny|100/100\n|switch|p2a: TANKZ|Tyranitar, F|100/100\n|switch|p2b: KRASH|Gyarados, M, shiny|100/100\n|-ability|p2b: KRASH|Intimidate|boost\n|-unboost|p1a: Indeedee|atk|1\n|-unboost|p1b: Hatterene|atk|1\n|-fieldstart|move: Psychic Terrain|[from] ability: Psychic Surge|[of] p1a: Indeedee\n|-weather|Sandstorm|[from] ability: Sand Stream|[of] p2a: TANKZ\n|turn|1\n|\n|t:|1782563492\n|-terastallize|p1b: Hatterene|Steel\n|move|p1a: Indeedee|Follow Me|p1a: Indeedee\n|-singleturn|p1a: Indeedee|move: Follow Me\n|move|p2b: KRASH|Iron Head|p1a: Indeedee\n|-damage|p1a: Indeedee|70/100\n|-enditem|p1a: Indeedee|Red Card|[of] p2b: KRASH\n|drag|p2b: CHRISTIAN|Rabsca, M|100/100\n|move|p2a: TANKZ|Stealth Rock|p1b: Hatterene\n|move|p1b: Hatterene|Stealth Rock|p2a: TANKZ|[from] ability: Magic Bounce\n|-sidestart|p2: wecontrol34all|move: Stealth Rock\n|move|p1b: Hatterene|Trick Room|p1b: Hatterene\n|-fieldstart|move: Trick Room|[of] p1b: Hatterene\n|\n|-weather|Sandstorm|[upkeep]\n|-damage|p2b: CHRISTIAN|94/100|[from] Sandstorm\n|-damage|p1a: Indeedee|64/100|[from] Sandstorm\n|upkeep\n|turn|2\n|\n|t:|1782563507\n|switch|p2b: KRASH|Gyarados, M, shiny|100/100\n|-damage|p2b: KRASH|76/100|[from] Stealth Rock\n|-ability|p2b: KRASH|Intimidate|boost\n|-unboost|p1a: Indeedee|atk|1\n|-unboost|p1b: Hatterene|atk|1\n|move|p1a: Indeedee|Follow Me|p1a: Indeedee\n|-singleturn|p1a: Indeedee|move: Follow Me\n|move|p1b: Hatterene|Dazzling Gleam|p2a: TANKZ|[spread] p2a,p2b\n|-supereffective|p2a: TANKZ\n|-damage|p2a: TANKZ|74/100\n|-damage|p2b: KRASH|49/100\n|move|p2a: TANKZ|Crunch|p1a: Indeedee\n|-supereffective|p1a: Indeedee\n|-damage|p1a: Indeedee|0 fnt\n|faint|p1a: Indeedee\n|\n|-weather|Sandstorm|[upkeep]\n|-damage|p2b: KRASH|43/100|[from] Sandstorm\n|upkeep\n|\n|t:|1782563519\n|switch|p1a: Diancie|Diancie, shiny|100/100\n|turn|3\n|-activate|p2b: KRASH|item: Quick Claw\n|\n|t:|1782563526\n|move|p2b: KRASH|Iron Head|p1a: Diancie\n|-supereffective|p1a: Diancie\n|-damage|p1a: Diancie|3/100\n|move|p1b: Hatterene|Expanding Force|p2a: TANKZ|[spread] p2b\n|-immune|p2a: TANKZ\n|-crit|p2b: KRASH\n|-damage|p2b: KRASH|0 fnt\n|faint|p2b: KRASH\n|move|p1a: Diancie|Body Press|p2a: TANKZ\n|-supereffective|p2a: TANKZ\n|-damage|p2a: TANKZ|0 fnt\n|faint|p2a: TANKZ\n|\n|-weather|Sandstorm|[upkeep]\n|upkeep\n|\n|t:|1782563542\n|switch|p2a: CHRISTIAN|Rabsca, M|94/100\n|switch|p2b: ESCAFLOWNE|Roaring Moon, shiny|100/100\n|-damage|p2a: CHRISTIAN|69/100|[from] Stealth Rock\n|-damage|p2b: ESCAFLOWNE|88/100|[from] Stealth Rock\n|turn|4\n|j| xSuko\n|\n|t:|1782563558\n|move|p1b: Hatterene|Dazzling Gleam|p2a: CHRISTIAN|[spread] p2a,p2b\n|-supereffective|p2b: ESCAFLOWNE\n|-damage|p2a: CHRISTIAN|44/100\n|-damage|p2b: ESCAFLOWNE|0 fnt\n|faint|p2b: ESCAFLOWNE\n|-end|p2b: ESCAFLOWNE|Protosynthesis|[silent]\n|move|p2a: CHRISTIAN|Revival Blessing|p2a: CHRISTIAN\n|-enditem|p2a: CHRISTIAN|Leppa Berry|[eat]\n|-activate|p2a: CHRISTIAN|item: Leppa Berry|Revival Blessing|[consumed]\n|\n|t:|1782563562\n|-heal|p2: TANKZ|50/100|[from] move: Revival Blessing\n|move|p1a: Diancie|Diamond Storm|p2a: CHRISTIAN\n|-supereffective|p2a: CHRISTIAN\n|-damage|p2a: CHRISTIAN|0 fnt\n|faint|p2a: CHRISTIAN\n|\n|-weather|Sandstorm|[upkeep]\n|upkeep\n|\n|t:|1782563569\n|switch|p2a: TANKZ|Tyranitar, F|50/100\n|switch|p2b: REVELATION|Basculegion-F, F, shiny|100/100\n|-damage|p2a: TANKZ|38/100|[from] Stealth Rock\n|-damage|p2b: REVELATION|88/100|[from] Stealth Rock\n|turn|5\n|\n|t:|1782563577\n|move|p1b: Hatterene|Expanding Force|p2b: REVELATION|[spread] p2b\n|-immune|p2a: TANKZ\n|-damage|p2b: REVELATION|0 fnt\n|faint|p2b: REVELATION\n|move|p1a: Diancie|Body Press|p2a: TANKZ\n|-supereffective|p2a: TANKZ\n|-damage|p2a: TANKZ|0 fnt\n|faint|p2a: TANKZ\n|\n|-weather|none\n|-fieldend|move: Trick Room\n|-fieldend|move: Psychic Terrain\n|upkeep\n|c| xSuko|5sotry good luck\n|\n|t:|1782563582\n|switch|p2b: UNCLE PAW|Pawmot, F|100/100\n|-damage|p2b: UNCLE PAW|94/100|[from] Stealth Rock\n|turn|6\n|\n|t:|1782563595\n|move|p2b: UNCLE PAW|Revival Blessing|p2b: UNCLE PAW\n|-enditem|p2b: UNCLE PAW|Leppa Berry|[eat]\n|-activate|p2b: UNCLE PAW|item: Leppa Berry|Revival Blessing|[consumed]\n|\n|t:|1782563602\n|-heal|p2: CHRISTIAN|50/100|[from] move: Revival Blessing\n|move|p1b: Hatterene|Dazzling Gleam|p2b: UNCLE PAW\n|-supereffective|p2b: UNCLE PAW\n|-damage|p2b: UNCLE PAW|7/100\n|move|p1a: Diancie|Trick Room|p1a: Diancie\n|-fieldstart|move: Trick Room|[of] p1a: Diancie\n|\n|upkeep\n|\n|t:|1782563604\n|switch|p2a: CHRISTIAN|Rabsca, M|50/100\n|-damage|p2a: CHRISTIAN|25/100|[from] Stealth Rock\n|turn|7\n|\n|t:|1782563611\n|-terastallize|p2a: CHRISTIAN|Steel\n|move|p1b: Hatterene|Dazzling Gleam|p2b: UNCLE PAW|[spread] p2a,p2b\n|-resisted|p2a: CHRISTIAN\n|-supereffective|p2b: UNCLE PAW\n|-damage|p2a: CHRISTIAN|13/100\n|-damage|p2b: UNCLE PAW|0 fnt\n|faint|p2b: UNCLE PAW\n|move|p2a: CHRISTIAN|Revival Blessing|p2a: CHRISTIAN\n|\n|t:|1782563617\n|-heal|p2: TANKZ|50/100|[from] move: Revival Blessing\n|move|p1a: Diancie|Diamond Storm|p2a: CHRISTIAN\n|-resisted|p2a: CHRISTIAN\n|-damage|p2a: CHRISTIAN|0 fnt\n|faint|p2a: CHRISTIAN\n|\n|upkeep\n|\n|t:|1782563619\n|switch|p2b: TANKZ|Tyranitar, F|50/100\n|-damage|p2b: TANKZ|38/100|[from] Stealth Rock\n|-weather|Sandstorm|[from] ability: Sand Stream|[of] p2b: TANKZ\n|turn|8\n|-message|wecontrol34all forfeited.\n|\n|win|4story\n|raw|4story's rating: 1584 &rarr; <strong>1602</strong><br />(+18 for winning)\n|raw|wecontrol34all's rating: 1551 &rarr; <strong>1533</strong><br />(-18 for losing)\n|l|☆wecontrol34all\n|player|p2|\n|c|☆4story|was ist die mission gewesen\n|c| xSuko|ka\n|c| xSuko|top beleber\n|l|☆4story\n|player|p1|\n|l| xSuko\n", "uploadtime": 1782563633, "views": 10, "formatid": "gen9doublesou", "rating": 1533, "private": 0, "password": null}