{"id": "gen9doublesou-2540520158", "format": "[Gen 9] Doubles OU", "players": ["pigrider09", "bladeleo"], "log": "|badge|p2|silver|gen9doublesou|30-8\n|uhtml|medal-msg|<div class=\"broadcast-blue\">Curious what those medals under the avatar are? PS now has Ladder Seasons! For more information, check out the <a href=\"https://www.smogon.com/forums/threads/3740067/\">thread on Smogon.</a></div>\n|j|☆pigrider09\n|j|☆bladeleo\n|t:|1771212380\n|gametype|doubles\n|player|p1|pigrider09|barry|1545\n|player|p2|bladeleo|169|1799\n|gen|9\n|tier|[Gen 9] Doubles OU\n|rated|\n|rule|HP Percentage Mod: HP is shown in percentages\n|rule|Endless Battle Clause: Forcing endless battles is banned\n|rule|Species Clause: Limit one of each Pokémon\n|rule|OHKO Clause: OHKO moves are banned\n|rule|Evasion Moves Clause: Evasion moves are banned\n|rule|Gravity Sleep Clause: The combination of sleep-inducing moves with imperfect accuracy and Gravity or Gigantamax Orbeetle are banned\n|rule|Evasion Abilities Clause: Evasion abilities are banned\n|clearpoke\n|poke|p1|Tyranitar, M|\n|poke|p1|Ogerpon-Wellspring, F|\n|poke|p1|Houndstone, F|\n|poke|p1|Ting-Lu|\n|poke|p1|Cresselia, F|\n|poke|p1|Iron Bundle|\n|poke|p2|Incineroar, M|\n|poke|p2|Dondozo, F|\n|poke|p2|Tornadus, M|\n|poke|p2|Regidrago|\n|poke|p2|Diancie|\n|poke|p2|Volcanion|\n|teampreview\n|\n|t:|1771212413\n|teamsize|p1|6\n|teamsize|p2|6\n|start\n|switch|p1a: Moose on the Loose|Ting-Lu|100/100\n|switch|p1b: Quinten Tarantino|Cresselia, F|100/100\n|switch|p2a: Incineroar|Incineroar, M|100/100\n|switch|p2b: Regidrago|Regidrago|100/100\n|-ability|p2a: Incineroar|Intimidate|boost\n|-unboost|p1a: Moose on the Loose|atk|1\n|-unboost|p1b: Quinten Tarantino|atk|1\n|-ability|p1a: Moose on the Loose|Vessel of Ruin\n|turn|1\n|inactive|Battle timer is ON: inactive players will automatically lose when time's up. (requested by bladeleo)\n|\n|t:|1771212437\n|-terastallize|p1b: Quinten Tarantino|Fairy\n|move|p2a: Incineroar|Fake Out|p1a: Moose on the Loose\n|-damage|p1a: Moose on the Loose|95/100\n|move|p2b: Regidrago|Dragon Energy|p1a: Moose on the Loose|[spread] p1a\n|-immune|p1b: Quinten Tarantino\n|-damage|p1a: Moose on the Loose|58/100\n|move|p1b: Quinten Tarantino|Moonblast|p2b: Regidrago\n|-supereffective|p2b: Regidrago\n|-damage|p2b: Regidrago|60/100\n|cant|p1a: Moose on the Loose|flinch\n|\n|-heal|p1a: Moose on the Loose|64/100|[from] item: Leftovers\n|upkeep\n|turn|2\n|\n|t:|1771212463\n|switch|p2b: Volcanion|Volcanion|100/100\n|move|p1b: Quinten Tarantino|Moonblast|p2b: Volcanion\n|-resisted|p2b: Volcanion\n|-damage|p2b: Volcanion|90/100\n|move|p2a: Incineroar|Parting Shot|p1b: Quinten Tarantino\n|-unboost|p1b: Quinten Tarantino|atk|1\n|-unboost|p1b: Quinten Tarantino|spa|1\n|inactive|bladeleo has 120 seconds left.\n|\n|t:|1771212475\n|switch|p2a: Diancie|Diancie|100/100|[from] Parting Shot\n|move|p1a: Moose on the Loose|Stealth Rock|p2b: Volcanion\n|-sidestart|p2: bladeleo|move: Stealth Rock\n|\n|-heal|p2b: Volcanion|96/100|[from] item: Leftovers\n|-heal|p1a: Moose on the Loose|70/100|[from] item: Leftovers\n|upkeep\n|turn|3\n|\n|t:|1771212489\n|move|p1b: Quinten Tarantino|Lunar Blessing|p1b: Quinten Tarantino|[spread] p1a,p1b\n|-heal|p1a: Moose on the Loose|95/100\n|move|p2b: Volcanion|Scald|p1a: Moose on the Loose\n|-supereffective|p1a: Moose on the Loose\n|-damage|p1a: Moose on the Loose|59/100\n|-status|p1a: Moose on the Loose|brn\n|move|p1a: Moose on the Loose|Whirlwind|p2a: Diancie\n|drag|p2a: Dondozo|Dondozo, F|100/100\n|-damage|p2a: Dondozo|88/100|[from] Stealth Rock\n|\n|-heal|p2b: Volcanion|100/100|[from] item: Leftovers\n|-heal|p1a: Moose on the Loose|65/100 brn|[from] item: Leftovers\n|-damage|p1a: Moose on the Loose|59/100 brn|[from] brn\n|upkeep\n|turn|4\n|\n|t:|1771212512\n|move|p1b: Quinten Tarantino|Ally Switch|p1b: Quinten Tarantino\n|swap|p1b: Quinten Tarantino|0|[from] move: Ally Switch\n|move|p2b: Volcanion|Heat Wave|p1b: Moose on the Loose|[spread] p1a,p1b\n|-damage|p1a: Quinten Tarantino|85/100\n|-damage|p1b: Moose on the Loose|41/100 brn\n|move|p1b: Moose on the Loose|Spikes|p2a: Dondozo\n|-sidestart|p2: bladeleo|Spikes\n|move|p2a: Dondozo|Heavy Slam|p1b: Moose on the Loose\n|-damage|p1b: Moose on the Loose|30/100 brn\n|\n|-heal|p1a: Quinten Tarantino|91/100|[from] item: Leftovers\n|-heal|p1b: Moose on the Loose|36/100 brn|[from] item: Leftovers\n|-damage|p1b: Moose on the Loose|30/100 brn|[from] brn\n|upkeep\n|turn|5\n|inactive|bladeleo has 120 seconds left.\n|\n|t:|1771212543\n|switch|p2a: Diancie|Diancie|100/100\n|-damage|p2a: Diancie|88/100|[from] Stealth Rock\n|-damage|p2a: Diancie|75/100|[from] Spikes\n|move|p1a: Quinten Tarantino|Lunar Blessing|p1a: Quinten Tarantino|[spread] p1a,p1b\n|-heal|p1a: Quinten Tarantino|100/100\n|-heal|p1b: Moose on the Loose|55/100 brn\n|-curestatus|p1b: Moose on the Loose|brn|[msg]\n|move|p2b: Volcanion|Scald|p1b: Moose on the Loose\n|-supereffective|p1b: Moose on the Loose\n|-damage|p1b: Moose on the Loose|13/100\n|move|p1b: Moose on the Loose|Whirlwind|p2a: Diancie\n|drag|p2a: Incineroar|Incineroar, M|100/100\n|-damage|p2a: Incineroar|76/100|[from] Stealth Rock\n|-damage|p2a: Incineroar|63/100|[from] Spikes\n|-ability|p2a: Incineroar|Intimidate|boost\n|-unboost|p1a: Quinten Tarantino|atk|1\n|-unboost|p1b: Moose on the Loose|atk|1\n|\n|-heal|p1b: Moose on the Loose|19/100|[from] item: Leftovers\n|upkeep\n|turn|6\n|inactive|bladeleo has 120 seconds left.\n|inactive|pigrider09 has 120 seconds left.\n|\n|t:|1771212597\n|move|p1a: Quinten Tarantino|Lunar Blessing|p1a: Quinten Tarantino|[spread] p1a,p1b\n|-heal|p1b: Moose on the Loose|44/100\n|move|p2b: Volcanion|Heat Wave|p1a: Quinten Tarantino|[spread] p1a,p1b\n|-damage|p1a: Quinten Tarantino|84/100\n|-damage|p1b: Moose on the Loose|28/100\n|-status|p1a: Quinten Tarantino|brn\n|move|p2a: Incineroar|Flare Blitz|p1b: Moose on the Loose\n|-damage|p1b: Moose on the Loose|3/100\n|-damage|p2a: Incineroar|53/100|[from] Recoil\n|move|p1b: Moose on the Loose|Spikes|p2b: Volcanion\n|-sidestart|p2: bladeleo|Spikes\n|\n|-heal|p1a: Quinten Tarantino|90/100 brn|[from] item: Leftovers\n|-heal|p1b: Moose on the Loose|10/100|[from] item: Leftovers\n|-damage|p1a: Quinten Tarantino|84/100 brn|[from] brn\n|upkeep\n|turn|7\n|inactive|pigrider09 has 120 seconds left.\n|\n|t:|1771212624\n|move|p1a: Quinten Tarantino|Lunar Blessing|p1a: Quinten Tarantino|[spread] p1a,p1b\n|-heal|p1a: Quinten Tarantino|100/100 brn\n|-curestatus|p1a: Quinten Tarantino|brn|[msg]\n|-heal|p1b: Moose on the Loose|35/100\n|move|p2b: Volcanion|Scald|p1b: Moose on the Loose\n|-supereffective|p1b: Moose on the Loose\n|-damage|p1b: Moose on the Loose|0 fnt\n|faint|p1b: Moose on the Loose\n|move|p2a: Incineroar|Parting Shot|p1a: Quinten Tarantino\n|-unboost|p1a: Quinten Tarantino|atk|1\n|-unboost|p1a: Quinten Tarantino|spa|1\n|inactive|bladeleo has 120 seconds left.\n|\n|t:|1771212642\n|switch|p2a: Diancie|Diancie|75/100|[from] Parting Shot\n|-damage|p2a: Diancie|63/100|[from] Stealth Rock\n|-damage|p2a: Diancie|47/100|[from] Spikes\n|\n|-heal|p2a: Diancie|53/100|[from] item: Leftovers\n|upkeep\n|inactive|pigrider09 has 90 seconds left.\n|\n|t:|1771212672\n|switch|p1b: Ogerpoggies|Ogerpon-Wellspring, F|100/100\n|turn|8\n|\n|t:|1771212686\n|switch|p1a: Stop Fighting!|Tyranitar, M|100/100\n|-weather|Sandstorm|[from] ability: Sand Stream|[of] p1a: Stop Fighting!\n|switch|p2b: Incineroar|Incineroar, M|53/100\n|-damage|p2b: Incineroar|28/100|[from] Stealth Rock\n|-damage|p2b: Incineroar|11/100|[from] Spikes\n|-ability|p2b: Incineroar|Intimidate|boost\n|-unboost|p1a: Stop Fighting!|atk|1\n|-unboost|p1b: Ogerpoggies|atk|1\n|-enditem|p2b: Incineroar|Aguav Berry|[eat]\n|-heal|p2b: Incineroar|44/100|[from] item: Aguav Berry\n|-terastallize|p2a: Diancie|Flying\n|move|p1b: Ogerpoggies|Ivy Cudgel|p2a: Diancie|[anim] Ivy Cudgel Water\n|-damage|p2a: Diancie|27/100\n|move|p2a: Diancie|Trick Room|p2a: Diancie\n|-fieldstart|move: Trick Room|[of] p2a: Diancie\n|\n|-weather|Sandstorm|[upkeep]\n|-damage|p2a: Diancie|21/100|[from] Sandstorm\n|-damage|p2b: Incineroar|38/100|[from] Sandstorm\n|-damage|p1b: Ogerpoggies|95/100|[from] Sandstorm\n|-heal|p2a: Diancie|27/100|[from] item: Leftovers\n|upkeep\n|turn|9\n|inactive|pigrider09 has 120 seconds left.\n|inactive|bladeleo has 120 seconds left.\n|\n|t:|1771212724\n|switch|p2b: Dondozo|Dondozo, F|88/100\n|-damage|p2b: Dondozo|76/100|[from] Stealth Rock\n|-damage|p2b: Dondozo|59/100|[from] Spikes\n|move|p1b: Ogerpoggies|Spiky Shield|p1b: Ogerpoggies\n|-singleturn|p1b: Ogerpoggies|move: Protect\n|move|p2a: Diancie|Diamond Storm|p1a: Stop Fighting!|[spread] p1a\n|-activate|p1b: Ogerpoggies|move: Protect\n|-damage|p1a: Stop Fighting!|82/100\n|move|p1a: Stop Fighting!|Rock Slide|p2b: Dondozo|[spread] p2a,p2b\n|-supereffective|p2a: Diancie\n|-damage|p2a: Diancie|5/100\n|-damage|p2b: Dondozo|42/100\n|\n|-weather|Sandstorm|[upkeep]\n|-damage|p2a: Diancie|0 fnt|[from] Sandstorm\n|-damage|p2b: Dondozo|36/100|[from] Sandstorm\n|-damage|p1b: Ogerpoggies|89/100|[from] Sandstorm\n|faint|p2a: Diancie\n|upkeep\n|\n|t:|1771212747\n|switch|p2a: Tornadus|Tornadus, M|100/100\n|-damage|p2a: Tornadus|76/100|[from] Stealth Rock\n|turn|10\n|inactive|bladeleo has 120 seconds left.\n|\n|t:|1771212759\n|move|p2b: Dondozo|Wave Crash|p1a: Stop Fighting!\n|-supereffective|p1a: Stop Fighting!\n|-damage|p1a: Stop Fighting!|0 fnt\n|faint|p1a: Stop Fighting!\n|-damage|p2b: Dondozo|18/100|[from] Recoil\n|move|p2a: Tornadus|Bleakwind Storm|p1b: Ogerpoggies\n|-supereffective|p1b: Ogerpoggies\n|-damage|p1b: Ogerpoggies|0 fnt\n|faint|p1b: Ogerpoggies\n|\n|-weather|Sandstorm|[upkeep]\n|-damage|p2b: Dondozo|11/100|[from] Sandstorm\n|-damage|p2a: Tornadus|70/100|[from] Sandstorm\n|upkeep\n|inactive|pigrider09 has 120 seconds left.\n|\n|t:|1771212786\n|switch|p1a: Quinten Tarantino|Cresselia, F, tera:Fairy|100/100\n|switch|p1b: Bundle of Joy|Iron Bundle|100/100\n|-enditem|p1b: Bundle of Joy|Booster Energy\n|-activate|p1b: Bundle of Joy|ability: Quark Drive|[fromitem]\n|-start|p1b: Bundle of Joy|quarkdrivespe\n|turn|11\n|inactive|pigrider09 has 120 seconds left.\n|\n|t:|1771212814\n|move|p2a: Tornadus|Rain Dance|p2a: Tornadus\n|-weather|RainDance\n|move|p2b: Dondozo|Wave Crash|p1a: Quinten Tarantino\n|-damage|p1a: Quinten Tarantino|26/100\n|-damage|p2b: Dondozo|0 fnt|[from] Recoil\n|faint|p2b: Dondozo\n|move|p1a: Quinten Tarantino|Moonblast|p2a: Tornadus\n|-damage|p2a: Tornadus|47/100\n|move|p1b: Bundle of Joy|Freeze-Dry|p2a: Tornadus\n|-supereffective|p2a: Tornadus\n|-damage|p2a: Tornadus|0 fnt\n|faint|p2a: Tornadus\n|\n|-weather|RainDance|[upkeep]\n|-heal|p1a: Quinten Tarantino|32/100|[from] item: Leftovers\n|upkeep\n|\n|t:|1771212832\n|switch|p2b: Regidrago|Regidrago|60/100\n|switch|p2a: Incineroar|Incineroar, M|38/100\n|-damage|p2a: Incineroar|13/100|[from] Stealth Rock\n|-damage|p2a: Incineroar|0 fnt|[from] Spikes\n|faint|p2a: Incineroar\n|-damage|p2b: Regidrago|48/100|[from] Stealth Rock\n|-damage|p2b: Regidrago|31/100|[from] Spikes\n|\n|t:|1771212841\n|switch|p2a: Volcanion|Volcanion|100/100\n|-damage|p2a: Volcanion|75/100|[from] Stealth Rock\n|-damage|p2a: Volcanion|59/100|[from] Spikes\n|turn|12\n|\n|t:|1771212858\n|move|p2a: Volcanion|Scald|p1a: Quinten Tarantino\n|-damage|p1a: Quinten Tarantino|0 fnt\n|faint|p1a: Quinten Tarantino\n|move|p2b: Regidrago|Draco Meteor|p1b: Bundle of Joy\n|-damage|p1b: Bundle of Joy|0 fnt\n|-unboost|p2b: Regidrago|spa|2\n|faint|p1b: Bundle of Joy\n|-end|p1b: Bundle of Joy|Quark Drive|[silent]\n|\n|-weather|RainDance|[upkeep]\n|-heal|p2a: Volcanion|65/100|[from] item: Leftovers\n|-fieldend|move: Trick Room\n|upkeep\n|inactive|pigrider09 has 120 seconds left.\n|\n|t:|1771212870\n|switch|p1b: Doggone it|Houndstone, F|100/100\n|turn|13\n|\n|t:|1771212877\n|move|p2b: Regidrago|Draco Meteor|p1b: Doggone it\n|-damage|p1b: Doggone it|49/100\n|-unboost|p2b: Regidrago|spa|2\n|move|p1b: Doggone it|Last Respects|p2a: Volcanion\n|-damage|p2a: Volcanion|0 fnt\n|faint|p2a: Volcanion\n|\n|-weather|RainDance|[upkeep]\n|upkeep\n|turn|14\n|\n|t:|1771212887\n|move|p2b: Regidrago|Draco Meteor|p1b: Doggone it\n|-damage|p1b: Doggone it|17/100\n|-unboost|p2b: Regidrago|spa|2\n|move|p1b: Doggone it|Last Respects|p2b: Regidrago\n|-damage|p2b: Regidrago|0 fnt\n|faint|p2b: Regidrago\n|\n|win|pigrider09\n|raw|pigrider09's rating: 1545 &rarr; <strong>1577</strong><br />(+32 for winning)\n|raw|bladeleo's rating: 1799 &rarr; <strong>1767</strong><br />(-32 for losing)\n|l|☆bladeleo\n|player|p2|\n|l|☆pigrider09\n|player|p1|\n", "uploadtime": 1771213210, "views": 14, "formatid": "gen9doublesou", "rating": 1577, "private": 0, "password": null}