{"id": "gen9doublesou-2540669837", "format": "[Gen 9] Doubles OU", "players": ["Jon Mateo", "vabrice"], "log": "|j|☆Jon Mateo\n|j|☆vabrice\n|t:|1771237471\n|gametype|doubles\n|player|p1|Jon Mateo|2|1619\n|player|p2|vabrice|tate|1547\n|gen|9\n|tier|[Gen 9] Doubles OU\n|rated|\n|rule|HP Percentage Mod: HP is shown in percentages\n|rule|Endless Battle Clause: Forcing endless battles is banned\n|rule|Species Clause: Limit one of each Pokémon\n|rule|OHKO Clause: OHKO moves are banned\n|rule|Evasion Moves Clause: Evasion moves are banned\n|rule|Gravity Sleep Clause: The combination of sleep-inducing moves with imperfect accuracy and Gravity or Gigantamax Orbeetle are banned\n|rule|Evasion Abilities Clause: Evasion abilities are banned\n|clearpoke\n|poke|p1|Kleavor, M|\n|poke|p1|Kingdra, F|\n|poke|p1|Shiftry, F|\n|poke|p1|Chi-Yu|\n|poke|p1|Tinkaton, F|\n|poke|p1|Zapdos|\n|poke|p2|Farigiraf, M|\n|poke|p2|Hatterene, F|\n|poke|p2|Incineroar, F|\n|poke|p2|Iron Hands|\n|poke|p2|Indeedee-F, F|\n|poke|p2|Diancie|\n|teampreview\n|j| sleepy114514\n|\n|t:|1771237477\n|teamsize|p1|6\n|teamsize|p2|6\n|start\n|switch|p1a: Tinkaton|Tinkaton, F|100/100\n|switch|p1b: Kleavor|Kleavor, M|100/100\n|switch|p2a: Farigiraf|Farigiraf, M|100/100\n|switch|p2b: Incineroar|Incineroar, F|100/100\n|-ability|p2b: Incineroar|Intimidate|boost\n|-fail|p1a: Tinkaton|unboost|Attack|[from] ability: Own Tempo|[of] p1a: Tinkaton\n|-unboost|p1b: Kleavor|atk|1\n|turn|1\n|inactive|Battle timer is ON: inactive players will automatically lose when time's up. (requested by vabrice)\n|\n|t:|1771237502\n|move|p1a: Tinkaton|Fake Out||[still]\n|cant|p2a: Farigiraf|ability: Armor Tail|Fake Out|[of] p1a: Tinkaton\n|move|p1b: Kleavor|X-Scissor|p2a: Farigiraf\n|-supereffective|p2a: Farigiraf\n|-damage|p2a: Farigiraf|5/100\n|-enditem|p2a: Farigiraf|Red Card|[of] p1b: Kleavor\n|drag|p1b: Kingdra|Kingdra, F|100/100\n|move|p2b: Incineroar|Taunt|p1a: Tinkaton\n|-start|p1a: Tinkaton|move: Taunt\n|move|p2a: Farigiraf|Trick Room|p2a: Farigiraf\n|-fieldstart|move: Trick Room|[of] p2a: Farigiraf\n|\n|upkeep\n|turn|2\n|\n|t:|1771237518\n|switch|p2a: Diancie|Diancie|100/100\n|switch|p1a: Chi-Yu|Chi-Yu|100/100\n|-ability|p1a: Chi-Yu|Beads of Ruin\n|move|p2b: Incineroar|Parting Shot|p1b: Kingdra\n|-unboost|p1b: Kingdra|atk|1\n|-unboost|p1b: Kingdra|spa|1\n|\n|t:|1771237530\n|switch|p2b: Hatterene|Hatterene, F, shiny|100/100|[from] Parting Shot\n|move|p1b: Kingdra|Muddy Water|p2a: Diancie|[spread] p2b\n|-miss|p1b: Kingdra|p2a: Diancie\n|-damage|p2b: Hatterene|73/100\n|\n|upkeep\n|turn|3\n|\n|t:|1771237546\n|move|p2b: Hatterene|Dazzling Gleam|p1b: Kingdra|[spread] p1a,p1b\n|-supereffective|p1b: Kingdra\n|-damage|p1a: Chi-Yu|35/100\n|-damage|p1b: Kingdra|0 fnt\n|faint|p1b: Kingdra\n|move|p2a: Diancie|Diamond Storm|p1a: Chi-Yu\n|-supereffective|p1a: Chi-Yu\n|-damage|p1a: Chi-Yu|0 fnt\n|-boost|p2a: Diancie|def|2\n|faint|p1a: Chi-Yu\n|\n|upkeep\n|\n|t:|1771237553\n|switch|p1b: Kleavor|Kleavor, M|100/100\n|switch|p1a: Tinkaton|Tinkaton, F|100/100\n|turn|4\n|\n|t:|1771237567\n|move|p1a: Tinkaton|Fake Out|p2a: Diancie\n|-resisted|p2a: Diancie\n|-damage|p2a: Diancie|99/100\n|move|p2b: Hatterene|Dazzling Gleam|p1b: Kleavor|[spread] p1a,p1b\n|-resisted|p1a: Tinkaton\n|-damage|p1a: Tinkaton|74/100\n|-damage|p1b: Kleavor|15/100\n|cant|p2a: Diancie|flinch\n|move|p1b: Kleavor|X-Scissor|p2b: Hatterene\n|-damage|p2b: Hatterene|0 fnt\n|faint|p2b: Hatterene\n|\n|upkeep\n|\n|t:|1771237583\n|switch|p2b: Iron Hands|Iron Hands|100/100\n|-enditem|p2b: Iron Hands|Booster Energy\n|-activate|p2b: Iron Hands|ability: Quark Drive|[fromitem]\n|-start|p2b: Iron Hands|quarkdriveatk\n|turn|5\n|\n|t:|1771237589\n|move|p1a: Tinkaton|Protect|p1a: Tinkaton\n|-singleturn|p1a: Tinkaton|Protect\n|move|p1b: Kleavor|Protect|p1b: Kleavor\n|-singleturn|p1b: Kleavor|Protect\n|move|p2a: Diancie|Diamond Storm|p1b: Kleavor|[spread] \n|-activate|p1a: Tinkaton|move: Protect\n|-activate|p1b: Kleavor|move: Protect\n|move|p2b: Iron Hands|Thunder Punch|p1a: Tinkaton\n|-activate|p1a: Tinkaton|move: Protect\n|\n|-fieldend|move: Trick Room\n|upkeep\n|turn|6\n|\n|t:|1771237602\n|move|p2b: Iron Hands|Fake Out||[still]\n|-hint|Fake Out only works on your first turn out.\n|-fail|p2b: Iron Hands\n|move|p1b: Kleavor|Stone Axe|p2b: Iron Hands\n|-resisted|p2b: Iron Hands\n|-damage|p2b: Iron Hands|83/100\n|-sidestart|p2: vabrice|move: Stealth Rock\n|move|p1a: Tinkaton|Gigaton Hammer|p2a: Diancie\n|-supereffective|p2a: Diancie\n|-crit|p2a: Diancie\n|-damage|p2a: Diancie|0 fnt\n|faint|p2a: Diancie\n|\n|upkeep\n|\n|t:|1771237611\n|switch|p2a: Indeedee|Indeedee-F, F|100/100\n|-damage|p2a: Indeedee|88/100|[from] Stealth Rock\n|-fieldstart|move: Psychic Terrain|[from] ability: Psychic Surge|[of] p2a: Indeedee\n|turn|7\n|\n|t:|1771237620\n|move|p1b: Kleavor|X-Scissor|p2a: Indeedee\n|-supereffective|p2a: Indeedee\n|-damage|p2a: Indeedee|0 fnt\n|faint|p2a: Indeedee\n|move|p1a: Tinkaton|Play Rough|p2b: Iron Hands\n|-supereffective|p2b: Iron Hands\n|-damage|p2b: Iron Hands|37/100\n|move|p2b: Iron Hands|Thunder Punch|p1b: Kleavor\n|-damage|p1b: Kleavor|0 fnt\n|faint|p1b: Kleavor\n|\n|upkeep\n|\n|t:|1771237631\n|switch|p1b: Zapdos|Zapdos|100/100\n|switch|p2a: Incineroar|Incineroar, F|100/100\n|-damage|p2a: Incineroar|76/100|[from] Stealth Rock\n|-ability|p2a: Incineroar|Intimidate|boost\n|-fail|p1a: Tinkaton|unboost|Attack|[from] ability: Own Tempo|[of] p1a: Tinkaton\n|-unboost|p1b: Zapdos|atk|1\n|turn|8\n|\n|t:|1771237638\n|move|p1b: Zapdos|Protect|p1b: Zapdos\n|-singleturn|p1b: Zapdos|Protect\n|move|p1a: Tinkaton|Protect|p1a: Tinkaton\n|-singleturn|p1a: Tinkaton|Protect\n|move|p2a: Incineroar|Knock Off|p1b: Zapdos\n|-activate|p1b: Zapdos|move: Protect\n|move|p2b: Iron Hands|Thunder Punch|p1b: Zapdos\n|-activate|p1b: Zapdos|move: Protect\n|\n|-heal|p2a: Incineroar|82/100|[from] item: Leftovers\n|upkeep\n|turn|9\n|\n|t:|1771237651\n|-terastallize|p1a: Tinkaton|Fairy\n|move|p1b: Zapdos|Thunderbolt|p2a: Incineroar\n|-damage|p2a: Incineroar|47/100\n|move|p1a: Tinkaton|Play Rough|p2b: Iron Hands\n|-supereffective|p2b: Iron Hands\n|-damage|p2b: Iron Hands|0 fnt\n|faint|p2b: Iron Hands\n|-end|p2b: Iron Hands|Quark Drive|[silent]\n|move|p2a: Incineroar|Knock Off|p1b: Zapdos\n|-damage|p1b: Zapdos|50/100\n|-status|p2a: Incineroar|par|[from] ability: Static|[of] p1b: Zapdos\n|-enditem|p1b: Zapdos|Weakness Policy|[from] move: Knock Off|[of] p2a: Incineroar\n|\n|-heal|p2a: Incineroar|54/100 par|[from] item: Leftovers\n|upkeep\n|-message|vabrice forfeited.\n|\n|win|Jon Mateo\n|raw|Jon Mateo's rating: 1619 &rarr; <strong>1635</strong><br />(+16 for winning)\n|raw|vabrice's rating: 1547 &rarr; <strong>1531</strong><br />(-16 for losing)\n|l|☆vabrice\n|player|p2|\n|l|☆Jon Mateo\n|player|p1|\n", "uploadtime": 1771237994, "views": 13, "formatid": "gen9doublesou", "rating": 1531, "private": 0, "password": null}