{"id": "gen9doublesou-2540619058", "format": "[Gen 9] Doubles OU", "players": ["redpkmntrainer14", "Randaz"], "log": "|j|☆redpkmntrainer14\n|j|☆Randaz\n|t:|1771228431\n|gametype|doubles\n|player|p1|redpkmntrainer14|2|1596\n|player|p2|Randaz|giovanni|1551\n|gen|9\n|tier|[Gen 9] Doubles OU\n|rated|\n|rule|HP Percentage Mod: HP is shown in percentages\n|rule|Endless Battle Clause: Forcing endless battles is banned\n|rule|Species Clause: Limit one of each Pokémon\n|rule|OHKO Clause: OHKO moves are banned\n|rule|Evasion Moves Clause: Evasion moves are banned\n|rule|Gravity Sleep Clause: The combination of sleep-inducing moves with imperfect accuracy and Gravity or Gigantamax Orbeetle are banned\n|rule|Evasion Abilities Clause: Evasion abilities are banned\n|clearpoke\n|poke|p1|Chien-Pao|\n|poke|p1|Sneasler, M|\n|poke|p1|Glimmora, M|\n|poke|p1|Gholdengo|\n|poke|p1|Tornadus, M|\n|poke|p1|Kingambit, M|\n|poke|p2|Sableye, F|\n|poke|p2|Rillaboom, F|\n|poke|p2|Garganacl, M|\n|poke|p2|Glimmora, F|\n|poke|p2|Dragonite, M|\n|poke|p2|Kingambit, F|\n|teampreview\n|\n|t:|1771228466\n|teamsize|p1|6\n|teamsize|p2|6\n|start\n|switch|p1a: Glimmora|Glimmora, M, shiny|100/100\n|switch|p1b: Gholdengo|Gholdengo, shiny|100/100\n|switch|p2a: Caillou|Glimmora, F|100/100\n|switch|p2b: Fairy Beater|Dragonite, M|100/100\n|turn|1\n|\n|t:|1771228485\n|move|p2a: Caillou|Spiky Shield|p2a: Caillou\n|-singleturn|p2a: Caillou|move: Protect\n|move|p1b: Gholdengo|Dazzling Gleam|p2a: Caillou|[spread] p2b\n|-activate|p2a: Caillou|move: Protect\n|-supereffective|p2b: Fairy Beater\n|-damage|p2b: Fairy Beater|71/100\n|-enditem|p2b: Fairy Beater|Weakness Policy\n|-boost|p2b: Fairy Beater|atk|2|[from] item: Weakness Policy\n|-boost|p2b: Fairy Beater|spa|2|[from] item: Weakness Policy\n|move|p1a: Glimmora|Earth Power|p2a: Caillou\n|-activate|p2a: Caillou|move: Protect\n|move|p2b: Fairy Beater|Earthquake|p1a: Glimmora|[spread] p1a,p1b\n|-activate|p2a: Caillou|move: Protect\n|-supereffective|p1a: Glimmora\n|-supereffective|p1b: Gholdengo\n|-damage|p1a: Glimmora|0 fnt\n|-damage|p1b: Gholdengo|0 fnt\n|-activate|p1a: Glimmora|ability: Toxic Debris\n|-sidestart|p2: Randaz|move: Toxic Spikes\n|faint|p1a: Glimmora\n|faint|p1b: Gholdengo\n|\n|upkeep\n|\n|t:|1771228494\n|switch|p1b: Kingambit|Kingambit, M|100/100\n|switch|p1a: Chien-Pao|Chien-Pao|100/100\n|-ability|p1a: Chien-Pao|Sword of Ruin\n|-activate|p1b: Kingambit|ability: Supreme Overlord\n|-start|p1b: Kingambit|fallen2|[silent]\n|turn|2\n|\n|t:|1771228500\n|move|p2b: Fairy Beater|Extreme Speed|p1a: Chien-Pao\n|-crit|p1a: Chien-Pao\n|-enditem|p1a: Chien-Pao|Focus Sash\n|-damage|p1a: Chien-Pao|1/100\n|move|p1a: Chien-Pao|Ice Spinner|p2b: Fairy Beater\n|-supereffective|p2b: Fairy Beater\n|-damage|p2b: Fairy Beater|0 fnt\n|faint|p2b: Fairy Beater\n|move|p2a: Caillou|Mortal Spin|p1b: Kingambit|[spread] p1a\n|-immune|p1b: Kingambit\n|-damage|p1a: Chien-Pao|0 fnt\n|-sideend|p2: Randaz|Toxic Spikes|[from] move: Mortal Spin|[of] p2a: Caillou\n|faint|p1a: Chien-Pao\n|move|p1b: Kingambit|Iron Head|p2a: Caillou\n|-supereffective|p2a: Caillou\n|-enditem|p2a: Caillou|Focus Sash\n|-damage|p2a: Caillou|1/100\n|-activate|p2a: Caillou|ability: Toxic Debris\n|-sidestart|p1: redpkmntrainer14|move: Toxic Spikes\n|-damage|p1b: Kingambit|91/100|[from] item: Life Orb\n|\n|upkeep\n|\n|t:|1771228513\n|switch|p1a: torn|Tornadus, M|100/100\n|switch|p2b: The pranker|Sableye, F, shiny|100/100\n|turn|3\n|\n|t:|1771228524\n|move|p2b: The pranker|Fake Out|p1b: Kingambit\n|-resisted|p1b: Kingambit\n|-damage|p1b: Kingambit|88/100\n|move|p1a: torn|Bleakwind Storm|p2b: The pranker|[spread] p2a\n|-miss|p1a: torn|p2b: The pranker\n|-resisted|p2a: Caillou\n|-damage|p2a: Caillou|0 fnt\n|faint|p2a: Caillou\n|cant|p1b: Kingambit|flinch\n|\n|upkeep\n|\n|t:|1771228528\n|switch|p2a: Slide in your dm|Rillaboom, F|100/100\n|-fieldstart|move: Grassy Terrain|[from] ability: Grassy Surge|[of] p2a: Slide in your dm\n|turn|4\n|\n|t:|1771228542\n|move|p1b: Kingambit|Protect|p1b: Kingambit\n|-singleturn|p1b: Kingambit|Protect\n|move|p2b: The pranker|Thunder Wave|p1a: torn|[miss]\n|-miss|p2b: The pranker|p1a: torn\n|move|p1a: torn|Bleakwind Storm|p2a: Slide in your dm|[spread] p2a\n|-miss|p1a: torn|p2b: The pranker\n|-supereffective|p2a: Slide in your dm\n|-damage|p2a: Slide in your dm|12/100\n|move|p2a: Slide in your dm|Drain Punch|p1b: Kingambit\n|-activate|p1b: Kingambit|move: Protect\n|\n|-heal|p2a: Slide in your dm|19/100|[from] Grassy Terrain\n|-heal|p2a: Slide in your dm|25/100|[from] item: Leftovers\n|-heal|p1b: Kingambit|94/100|[from] Grassy Terrain\n|upkeep\n|turn|5\n|\n|t:|1771228556\n|-end|p1b: Kingambit|fallen2|[silent]\n|switch|p1b: Sneasler|Sneasler, M|100/100\n|-sideend|p1: redpkmntrainer14|move: Toxic Spikes|[of] p1b: Sneasler\n|move|p2b: The pranker|Thunder Wave|p1a: torn\n|-status|p1a: torn|par\n|move|p2a: Slide in your dm|Drain Punch|p1b: Sneasler\n|-resisted|p1b: Sneasler\n|-damage|p1b: Sneasler|77/100\n|-heal|p2a: Slide in your dm|34/100|[from] drain|[of] p1b: Sneasler\n|move|p1a: torn|Bleakwind Storm|p2b: The pranker|[spread] p2a,p2b\n|-supereffective|p2a: Slide in your dm\n|-damage|p2a: Slide in your dm|0 fnt\n|-damage|p2b: The pranker|47/100\n|-unboost|p2b: The pranker|spe|1\n|faint|p2a: Slide in your dm\n|\n|-heal|p1b: Sneasler|83/100|[from] Grassy Terrain\n|-heal|p2b: The pranker|53/100|[from] Grassy Terrain\n|upkeep\n|\n|t:|1771228560\n|switch|p2a: The Wall|Garganacl, M|100/100\n|turn|6\n|\n|t:|1771228571\n|-terastallize|p2a: The Wall|Ghost\n|move|p1b: Sneasler|Fake Out|p2a: The Wall\n|-immune|p2a: The Wall\n|move|p2b: The pranker|Will-O-Wisp|p1b: Sneasler\n|-status|p1b: Sneasler|brn\n|move|p1a: torn|Bleakwind Storm|p2a: The Wall|[spread] p2a\n|-miss|p1a: torn|p2b: The pranker\n|-damage|p2a: The Wall|75/100\n|move|p2a: The Wall|Iron Defense|p2a: The Wall\n|-boost|p2a: The Wall|def|2\n|\n|-heal|p1b: Sneasler|89/100 brn|[from] Grassy Terrain\n|-heal|p2b: The pranker|60/100|[from] Grassy Terrain\n|-heal|p2a: The Wall|81/100|[from] Grassy Terrain\n|-heal|p2a: The Wall|87/100|[from] item: Leftovers\n|-damage|p1b: Sneasler|83/100 brn|[from] brn\n|upkeep\n|turn|7\n|\n|t:|1771228578\n|switch|p1b: Kingambit|Kingambit, M|94/100\n|-activate|p1b: Kingambit|ability: Supreme Overlord\n|-start|p1b: Kingambit|fallen3|[silent]\n|move|p2b: The pranker|Encore|p1b: Kingambit\n|-hint|Since gen 7, Dark is immune to Prankster moves.\n|-immune|p1b: Kingambit\n|move|p1a: torn|Bleakwind Storm|p2b: The pranker|[spread] p2a,p2b\n|-damage|p2a: The Wall|60/100\n|-damage|p2b: The pranker|8/100\n|-unboost|p2b: The pranker|spe|1\n|move|p2a: The Wall|Iron Defense|p2a: The Wall\n|-boost|p2a: The Wall|def|2\n|\n|-heal|p1b: Kingambit|99/100|[from] Grassy Terrain\n|-heal|p2a: The Wall|66/100|[from] Grassy Terrain\n|-heal|p2a: The Wall|72/100|[from] item: Leftovers\n|-heal|p2b: The pranker|14/100|[from] Grassy Terrain\n|upkeep\n|turn|8\n|\n|t:|1771228594\n|-terastallize|p1b: Kingambit|Flying\n|move|p2b: The pranker|Will-O-Wisp|p1b: Kingambit\n|-status|p1b: Kingambit|brn\n|move|p1a: torn|Bleakwind Storm|p2b: The pranker|[spread] p2a\n|-miss|p1a: torn|p2b: The pranker\n|-damage|p2a: The Wall|46/100\n|move|p1b: Kingambit|Kowtow Cleave|p2a: The Wall\n|-supereffective|p2a: The Wall\n|-damage|p2a: The Wall|27/100\n|-damage|p1b: Kingambit|90/100 brn|[from] item: Life Orb\n|move|p2a: The Wall|Body Press|p1b: Kingambit\n|-resisted|p1b: Kingambit\n|-damage|p1b: Kingambit|66/100 brn\n|\n|-heal|p2a: The Wall|33/100|[from] Grassy Terrain\n|-heal|p2a: The Wall|40/100|[from] item: Leftovers\n|-heal|p2b: The pranker|21/100|[from] Grassy Terrain\n|-damage|p1b: Kingambit|60/100 brn|[from] brn\n|-fieldend|move: Grassy Terrain\n|upkeep\n|turn|9\n|\n|t:|1771228610\n|move|p2b: The pranker|Encore|p1a: torn\n|-start|p1a: torn|Encore\n|move|p1a: torn|Bleakwind Storm|p2a: The Wall|[spread] \n|-miss|p1a: torn|p2a: The Wall\n|-miss|p1a: torn|p2b: The pranker\n|move|p1b: Kingambit|Kowtow Cleave|p2a: The Wall\n|-supereffective|p2a: The Wall\n|-damage|p2a: The Wall|20/100\n|-damage|p1b: Kingambit|50/100 brn|[from] item: Life Orb\n|move|p2a: The Wall|Recover|p2a: The Wall\n|-heal|p2a: The Wall|70/100\n|\n|-heal|p2a: The Wall|76/100|[from] item: Leftovers\n|-damage|p1b: Kingambit|44/100 brn|[from] brn\n|upkeep\n|turn|10\n|\n|t:|1771228620\n|move|p2b: The pranker|Encore|p1b: Kingambit\n|-start|p1b: Kingambit|Encore\n|move|p1a: torn|Bleakwind Storm|p2a: The Wall|[spread] p2a,p2b\n|-damage|p2a: The Wall|50/100\n|-damage|p2b: The pranker|0 fnt\n|-unboost|p2a: The Wall|spe|1\n|faint|p2b: The pranker\n|move|p1b: Kingambit|Kowtow Cleave|p2a: The Wall\n|-supereffective|p2a: The Wall\n|-damage|p2a: The Wall|29/100\n|-damage|p1b: Kingambit|34/100 brn|[from] item: Life Orb\n|move|p2a: The Wall|Salt Cure|p1b: Kingambit\n|-supereffective|p1b: Kingambit\n|-damage|p1b: Kingambit|14/100 brn\n|-start|p1b: Kingambit|Salt Cure\n|\n|-heal|p2a: The Wall|35/100|[from] item: Leftovers\n|-damage|p1b: Kingambit|8/100 brn|[from] brn\n|-damage|p1b: Kingambit|0 fnt|[from] Salt Cure\n|faint|p1b: Kingambit\n|-end|p1b: Kingambit|fallen3|[silent]\n|upkeep\n|\n|t:|1771228629\n|switch|p1b: Sneasler|Sneasler, M|83/100 brn\n|switch|p2b: Ozaï|Kingambit, F|100/100\n|-activate|p2b: Ozaï|ability: Supreme Overlord\n|-start|p2b: Ozaï|fallen4|[silent]\n|turn|11\n|\n|t:|1771228635\n|move|p2b: Ozaï|Sucker Punch|p1a: torn\n|-enditem|p1a: torn|Focus Sash\n|-damage|p1a: torn|1/100 par\n|move|p1b: Sneasler|Brick Break|p2b: Ozaï\n|-supereffective|p2b: Ozaï\n|-damage|p2b: Ozaï|26/100\n|-damage|p1b: Sneasler|73/100 brn|[from] item: Life Orb\n|move|p1a: torn|Bleakwind Storm|p2a: The Wall|[spread] p2a,p2b\n|-resisted|p2b: Ozaï\n|-damage|p2a: The Wall|6/100\n|-damage|p2b: Ozaï|5/100\n|move|p2a: The Wall|Recover|p2a: The Wall\n|-heal|p2a: The Wall|56/100\n|\n|-heal|p2a: The Wall|63/100|[from] item: Leftovers\n|-damage|p1b: Sneasler|67/100 brn|[from] brn\n|-end|p1a: torn|Encore\n|upkeep\n|turn|12\n|\n|t:|1771228651\n|move|p2b: Ozaï|Sucker Punch|p1b: Sneasler\n|-resisted|p1b: Sneasler\n|-damage|p1b: Sneasler|9/100 brn\n|move|p1b: Sneasler|Brick Break|p2b: Ozaï\n|-supereffective|p2b: Ozaï\n|-damage|p2b: Ozaï|0 fnt\n|faint|p2b: Ozaï\n|-end|p2b: Ozaï|fallen4|[silent]\n|-damage|p1b: Sneasler|0 fnt|[from] item: Life Orb\n|faint|p1b: Sneasler\n|move|p1a: torn|Bleakwind Storm|p2a: The Wall|[miss]\n|-miss|p1a: torn|p2a: The Wall\n|move|p2a: The Wall|Recover|p2a: The Wall\n|-heal|p2a: The Wall|100/100\n|\n|upkeep\n|turn|13\n|\n|t:|1771228659\n|move|p1a: torn|Foul Play|p2a: The Wall\n|-supereffective|p2a: The Wall\n|-damage|p2a: The Wall|90/100\n|move|p2a: The Wall|Salt Cure|p1a: torn\n|-supereffective|p1a: torn\n|-damage|p1a: torn|0 fnt\n|faint|p1a: torn\n|\n|win|Randaz\n|raw|redpkmntrainer14's rating: 1596 &rarr; <strong>1573</strong><br />(-23 for losing)\n|raw|Randaz's rating: 1551 &rarr; <strong>1574</strong><br />(+23 for winning)\n|c|☆Randaz|gg\n|l|☆redpkmntrainer14\n|player|p1|\n|l|☆Randaz\n|player|p2|\n", "uploadtime": 1771229031, "views": 14, "formatid": "gen9doublesou", "rating": 1573, "private": 0, "password": null}