{"id": "gen9doublesou-2540271608", "format": "[Gen 9] Doubles OU", "players": ["parentsnobbish", "drapionelectivire"], "log": "|badge|p2|bronze|gen9doublesou|100-8\n|uhtml|medal-msg|<div class=\"broadcast-blue\">Curious what those medals under the avatar are? PS now has Ladder Seasons! For more information, check out the <a href=\"https://www.smogon.com/forums/threads/3740067/\">thread on Smogon.</a></div>\n|j|☆parentsnobbish\n|j|☆drapionelectivire\n|t:|1771183113\n|gametype|doubles\n|player|p1|parentsnobbish|lucas|1699\n|player|p2|drapionelectivire|102|1793\n|gen|9\n|tier|[Gen 9] Doubles OU\n|rated|\n|rule|HP Percentage Mod: HP is shown in percentages\n|rule|Endless Battle Clause: Forcing endless battles is banned\n|rule|Species Clause: Limit one of each Pokémon\n|rule|OHKO Clause: OHKO moves are banned\n|rule|Evasion Moves Clause: Evasion moves are banned\n|rule|Gravity Sleep Clause: The combination of sleep-inducing moves with imperfect accuracy and Gravity or Gigantamax Orbeetle are banned\n|rule|Evasion Abilities Clause: Evasion abilities are banned\n|clearpoke\n|poke|p1|Landorus-Therian, M|\n|poke|p1|Tornadus, M|\n|poke|p1|Gholdengo|\n|poke|p1|Volcanion|\n|poke|p1|Rillaboom, F|\n|poke|p1|Okidogi, M|\n|poke|p2|Torkoal, M|\n|poke|p2|Lilligant-Hisui, F|\n|poke|p2|Farigiraf, F|\n|poke|p2|Raging Bolt|\n|poke|p2|Walking Wake|\n|poke|p2|Typhlosion-Hisui, F|\n|teampreview\n|inactive|Battle timer is ON: inactive players will automatically lose when time's up. (requested by parentsnobbish)\n|\n|t:|1771183136\n|teamsize|p1|6\n|teamsize|p2|6\n|start\n|switch|p1a: Volcanion|Volcanion|100/100\n|switch|p1b: Rillaboom|Rillaboom, F|100/100\n|switch|p2a: Torkoal|Torkoal, M|100/100\n|switch|p2b: Walking Wake|Walking Wake|100/100\n|-fieldstart|move: Grassy Terrain|[from] ability: Grassy Surge|[of] p1b: Rillaboom\n|-weather|SunnyDay|[from] ability: Drought|[of] p2a: Torkoal\n|-activate|p2b: Walking Wake|ability: Protosynthesis\n|-start|p2b: Walking Wake|protosynthesisspe\n|turn|1\n|\n|t:|1771183161\n|switch|p2a: Farigiraf|Farigiraf, F|100/100\n|move|p2b: Walking Wake|Flamethrower|p1b: Rillaboom\n|-supereffective|p1b: Rillaboom\n|-damage|p1b: Rillaboom|18/100\n|-damage|p2b: Walking Wake|91/100|[from] item: Life Orb\n|move|p1b: Rillaboom|Wood Hammer|p2b: Walking Wake\n|-damage|p2b: Walking Wake|0 fnt\n|faint|p2b: Walking Wake\n|-end|p2b: Walking Wake|Protosynthesis|[silent]\n|-damage|p1b: Rillaboom|0 fnt|[from] Recoil\n|faint|p1b: Rillaboom\n|move|p1a: Volcanion|Steam Eruption|p2a: Farigiraf\n|-damage|p2a: Farigiraf|71/100\n|\n|-weather|SunnyDay|[upkeep]\n|-heal|p2a: Farigiraf|77/100|[from] Grassy Terrain\n|upkeep\n|inactive|parentsnobbish has 120 seconds left.\n|inactive|drapionelectivire has 120 seconds left.\n|\n|t:|1771183183\n|switch|p2b: Raging Bolt|Raging Bolt|100/100\n|switch|p1b: Landorus|Landorus-Therian, M|100/100\n|-ability|p1b: Landorus|Intimidate|boost\n|-unboost|p2a: Farigiraf|atk|1\n|-unboost|p2b: Raging Bolt|atk|1\n|-activate|p2b: Raging Bolt|ability: Protosynthesis\n|-start|p2b: Raging Bolt|protosynthesisspa\n|turn|2\n|\n|t:|1771183199\n|switch|p1a: Okidogi|Okidogi, M|100/100\n|move|p2b: Raging Bolt|Protect|p2b: Raging Bolt\n|-singleturn|p2b: Raging Bolt|Protect\n|move|p1b: Landorus|U-turn|p2a: Farigiraf\n|-supereffective|p2a: Farigiraf\n|-damage|p2a: Farigiraf|0 fnt\n|faint|p2a: Farigiraf\n|inactive|parentsnobbish has 120 seconds left.\n|\n|t:|1771183217\n|switch|p1b: Tornadus|Tornadus, M|100/100|[from] U-turn\n|\n|-weather|SunnyDay|[upkeep]\n|upkeep\n|l|☆parentsnobbish\n|inactive|parentsnobbish disconnected and has a minute to reconnect!\n|player|p1|\n|\n|t:|1771183223\n|switch|p2a: Lilligant|Lilligant-Hisui, F, shiny|100/100\n|turn|3\n|j| Lifetouches\n|l| Lifetouches\n|j|☆parentsnobbish\n|inactive|parentsnobbish reconnected and has 140 seconds left.\n|player|p1|parentsnobbish|lucas|\n|\n|t:|1771183241\n|move|p1b: Tornadus|Protect|p1b: Tornadus\n|-singleturn|p1b: Tornadus|Protect\n|move|p1a: Okidogi|Protect|p1a: Okidogi\n|-singleturn|p1a: Okidogi|Protect\n|move|p2a: Lilligant|Sleep Powder|p1b: Tornadus\n|-activate|p1b: Tornadus|move: Protect\n|move|p2b: Raging Bolt|Thunderbolt|p1b: Tornadus\n|-activate|p1b: Tornadus|move: Protect\n|\n|-weather|SunnyDay|[upkeep]\n|upkeep\n|turn|4\n|\n|t:|1771183258\n|move|p1b: Tornadus|Tailwind|p1b: Tornadus\n|-sidestart|p1: parentsnobbish|move: Tailwind\n|move|p2a: Lilligant|Sleep Powder|p1a: Okidogi\n|-status|p1a: Okidogi|slp|[from] move: Sleep Powder\n|cant|p1a: Okidogi|slp\n|move|p2b: Raging Bolt|Thunderbolt|p1b: Tornadus\n|-supereffective|p1b: Tornadus\n|-damage|p1b: Tornadus|0 fnt\n|faint|p1b: Tornadus\n|\n|-weather|SunnyDay|[upkeep]\n|upkeep\n|\n|t:|1771183270\n|switch|p1b: Gholdengo|Gholdengo|100/100\n|turn|5\n|\n|t:|1771183280\n|move|p1b: Gholdengo|Protect|p1b: Gholdengo\n|-singleturn|p1b: Gholdengo|Protect\n|move|p2a: Lilligant|Solar Blade||[still]\n|-prepare|p2a: Lilligant|Solar Blade\n|-anim|p2a: Lilligant|Solar Blade|p1b: Gholdengo\n|-activate|p1b: Gholdengo|move: Protect\n|cant|p1a: Okidogi|slp\n|move|p2b: Raging Bolt|Thunderbolt|p1b: Gholdengo\n|-activate|p1b: Gholdengo|move: Protect\n|\n|-weather|SunnyDay|[upkeep]\n|-fieldend|move: Grassy Terrain\n|upkeep\n|turn|6\n|\n|t:|1771183300\n|-terastallize|p1b: Gholdengo|Dragon\n|move|p2a: Lilligant|Solar Blade||[still]\n|-prepare|p2a: Lilligant|Solar Blade\n|-anim|p2a: Lilligant|Solar Blade|p1a: Okidogi\n|-resisted|p1a: Okidogi\n|-damage|p1a: Okidogi|74/100 slp\n|move|p1b: Gholdengo|Nasty Plot|p1b: Gholdengo\n|-boost|p1b: Gholdengo|spa|2\n|-curestatus|p1a: Okidogi|slp|[msg]\n|move|p1a: Okidogi|Drain Punch|p2a: Lilligant\n|-damage|p2a: Lilligant|45/100\n|-heal|p1a: Okidogi|96/100|[from] drain|[of] p2a: Lilligant\n|move|p2b: Raging Bolt|Thunderbolt|p1a: Okidogi\n|-damage|p1a: Okidogi|30/100\n|\n|-weather|SunnyDay|[upkeep]\n|-heal|p1a: Okidogi|36/100|[from] item: Leftovers\n|upkeep\n|turn|7\n|\n|t:|1771183325\n|-terastallize|p2b: Raging Bolt|Fairy\n|move|p1a: Okidogi|Protect|p1a: Okidogi\n|-singleturn|p1a: Okidogi|Protect\n|move|p2a: Lilligant|After You|p2b: Raging Bolt\n|-activate|p2b: Raging Bolt|move: After You\n|move|p2b: Raging Bolt|Tera Blast|p1b: Gholdengo|[anim] Tera Blast Fairy\n|-supereffective|p1b: Gholdengo\n|-damage|p1b: Gholdengo|0 fnt\n|faint|p1b: Gholdengo\n|\n|-weather|SunnyDay|[upkeep]\n|-heal|p1a: Okidogi|42/100|[from] item: Leftovers\n|-sideend|p1: parentsnobbish|move: Tailwind\n|upkeep\n|\n|t:|1771183336\n|switch|p1b: Landorus|Landorus-Therian, M|100/100\n|-ability|p1b: Landorus|Intimidate|boost\n|-unboost|p2a: Lilligant|atk|1\n|-unboost|p2b: Raging Bolt|atk|1\n|turn|8\n|\n|t:|1771183351\n|move|p2b: Raging Bolt|Protect|p2b: Raging Bolt\n|-singleturn|p2b: Raging Bolt|Protect\n|move|p2a: Lilligant|Sleep Powder|p1b: Landorus\n|-status|p1b: Landorus|slp|[from] move: Sleep Powder\n|cant|p1b: Landorus|slp\n|move|p1a: Okidogi|Drain Punch|p2a: Lilligant\n|-damage|p2a: Lilligant|0 fnt\n|-heal|p1a: Okidogi|60/100|[from] drain|[of] p2a: Lilligant\n|faint|p2a: Lilligant\n|\n|-weather|none\n|-end|p2b: Raging Bolt|Protosynthesis\n|-heal|p1a: Okidogi|66/100|[from] item: Leftovers\n|upkeep\n|\n|t:|1771183363\n|switch|p2a: Typhlosion|Typhlosion-Hisui, F|100/100\n|turn|9\n|\n|t:|1771183370\n|-end|p2b: Raging Bolt|Protosynthesis|[silent]\n|switch|p2b: Torkoal|Torkoal, M|100/100\n|-weather|SunnyDay|[from] ability: Drought|[of] p2b: Torkoal\n|move|p1a: Okidogi|Protect|p1a: Okidogi\n|-singleturn|p1a: Okidogi|Protect\n|move|p2a: Typhlosion|Eruption|p1b: Landorus|[spread] p1b\n|-activate|p1a: Okidogi|move: Protect\n|-crit|p1b: Landorus\n|-damage|p1b: Landorus|0 fnt\n|faint|p1b: Landorus\n|\n|-weather|SunnyDay|[upkeep]\n|-heal|p1a: Okidogi|72/100|[from] item: Leftovers\n|upkeep\n|\n|t:|1771183376\n|switch|p1b: Volcanion|Volcanion|100/100\n|turn|10\n|\n|t:|1771183389\n|move|p1a: Okidogi|Protect||[still]\n|-fail|p1a: Okidogi\n|move|p2a: Typhlosion|Eruption|p1a: Okidogi|[spread] p1a,p1b\n|-resisted|p1b: Volcanion\n|-damage|p1a: Okidogi|0 fnt\n|-damage|p1b: Volcanion|77/100\n|faint|p1a: Okidogi\n|move|p1b: Volcanion|Steam Eruption|p2a: Typhlosion\n|-supereffective|p2a: Typhlosion\n|-damage|p2a: Typhlosion|21/100\n|move|p2b: Torkoal|Heat Wave|p1b: Volcanion\n|-resisted|p1b: Volcanion\n|-damage|p1b: Volcanion|61/100\n|\n|-weather|SunnyDay|[upkeep]\n|-heal|p1b: Volcanion|68/100|[from] item: Leftovers\n|upkeep\n|turn|11\n|inactive|drapionelectivire has 120 seconds left.\n|\n|t:|1771183423\n|move|p2a: Typhlosion|Eruption|p1b: Volcanion\n|-resisted|p1b: Volcanion\n|-damage|p1b: Volcanion|58/100\n|move|p1b: Volcanion|Heat Wave|p2a: Typhlosion|[spread] p2a,p2b\n|-resisted|p2a: Typhlosion\n|-resisted|p2b: Torkoal\n|-damage|p2a: Typhlosion|0 fnt\n|-damage|p2b: Torkoal|62/100\n|faint|p2a: Typhlosion\n|move|p2b: Torkoal|Heat Wave|p1b: Volcanion\n|-resisted|p1b: Volcanion\n|-damage|p1b: Volcanion|43/100\n|\n|-weather|SunnyDay|[upkeep]\n|-heal|p1b: Volcanion|49/100|[from] item: Leftovers\n|upkeep\n|inactive|drapionelectivire has 120 seconds left.\n|\n|t:|1771183434\n|switch|p2a: Raging Bolt|Raging Bolt, tera:Fairy|100/100\n|-activate|p2a: Raging Bolt|ability: Protosynthesis\n|-start|p2a: Raging Bolt|protosynthesisspa\n|turn|12\n|-message|parentsnobbish forfeited.\n|\n|win|drapionelectivire\n|raw|parentsnobbish's rating: 1699 &rarr; <strong>1684</strong><br />(-15 for losing)\n|raw|drapionelectivire's rating: 1793 &rarr; <strong>1808</strong><br />(+15 for winning)\n|l|☆parentsnobbish\n|player|p1|\n|l|☆drapionelectivire\n|player|p2|\n", "uploadtime": 1771183679, "views": 12, "formatid": "gen9doublesou", "rating": 1684, "private": 0, "password": null}