{"id": "gen9doublesou-2540624495", "format": "[Gen 9] Doubles OU", "players": ["Nitroneonblade", "Sanskiller55"], "log": "|j|☆Nitroneonblade\n|j|☆Sanskiller55\n|t:|1771229476\n|gametype|doubles\n|player|p1|Nitroneonblade|n|1554\n|player|p2|Sanskiller55|acerola-masters|1544\n|gen|9\n|tier|[Gen 9] Doubles OU\n|rated|\n|rule|HP Percentage Mod: HP is shown in percentages\n|rule|Endless Battle Clause: Forcing endless battles is banned\n|rule|Species Clause: Limit one of each Pokémon\n|rule|OHKO Clause: OHKO moves are banned\n|rule|Evasion Moves Clause: Evasion moves are banned\n|rule|Gravity Sleep Clause: The combination of sleep-inducing moves with imperfect accuracy and Gravity or Gigantamax Orbeetle are banned\n|rule|Evasion Abilities Clause: Evasion abilities are banned\n|clearpoke\n|poke|p1|Enamorus-Therian, F|\n|poke|p1|Raging Bolt|\n|poke|p1|Incineroar, F|\n|poke|p1|Ogerpon-Wellspring, F|\n|poke|p1|Cresselia, F|\n|poke|p1|Okidogi, M|\n|poke|p2|Torkoal, F|\n|poke|p2|Raging Bolt|\n|poke|p2|Incineroar, F|\n|poke|p2|Indeedee-F, F|\n|poke|p2|Ursaluna, F|\n|poke|p2|Hoopa-Unbound|\n|teampreview\n|inactive|Battle timer is ON: inactive players will automatically lose when time's up. (requested by Sanskiller55)\n|inactive|Nitroneonblade also wants the timer to be on.\n|c|☆Sanskiller55|Oh no\n|c|☆Sanskiller55|my goat\n|j| Ze Carrot\n|c| Ze Carrot|Ur losing sans\n|c| Ze Carrot|he ha sthe turtle\n|inactive|Nitroneonblade has 120 seconds left.\n|\n|t:|1771229509\n|teamsize|p1|6\n|teamsize|p2|6\n|start\n|switch|p1a: Enamorus|Enamorus-Therian, F|100/100\n|switch|p1b: Incineroar|Incineroar, F|100/100\n|switch|p2a: Cleric|Indeedee-F, F|100/100\n|switch|p2b: Warlock|Hoopa-Unbound|100/100\n|-fieldstart|move: Psychic Terrain|[from] ability: Psychic Surge|[of] p2a: Cleric\n|-ability|p1b: Incineroar|Intimidate|boost\n|-unboost|p2a: Cleric|atk|1\n|-unboost|p2b: Warlock|atk|1\n|turn|1\n|c|☆Sanskiller55|Thats my giat bro\n|\n|t:|1771229522\n|-terastallize|p2b: Warlock|Ghost\n|move|p2a: Cleric|Follow Me|p2a: Cleric\n|-singleturn|p2a: Cleric|move: Follow Me\n|move|p1b: Incineroar|Knock Off|p2a: Cleric\n|-supereffective|p2a: Cleric\n|-enditem|p2a: Cleric|Focus Sash\n|-damage|p2a: Cleric|1/100\n|move|p1a: Enamorus|Calm Mind|p1a: Enamorus\n|-boost|p1a: Enamorus|spa|1\n|-boost|p1a: Enamorus|spd|1\n|move|p2b: Warlock|Trick Room|p2b: Warlock\n|-fieldstart|move: Trick Room|[of] p2b: Warlock\n|-enditem|p2b: Warlock|Room Service\n|-unboost|p2b: Warlock|spe|1|[from] item: Room Service\n|\n|upkeep\n|turn|2\n|c| Ze Carrot|Why would bro let you do 5hat\n|c| Ze Carrot|Why did you tera ghost\n|c| Ze Carrot|what\n|c|☆Sanskiller55|Springtide\n|inactive|Nitroneonblade has 120 seconds left.\n|c| Ze Carrot|U habe 120 spded\n|\n|t:|1771229557\n|move|p2a: Cleric|Follow Me|p2a: Cleric\n|-singleturn|p2a: Cleric|move: Follow Me\n|move|p1a: Enamorus|Moonblast|p2a: Cleric\n|-damage|p2a: Cleric|0 fnt\n|faint|p2a: Cleric\n|move|p2b: Warlock|Expanding Force|p1b: Incineroar|[spread] p1a\n|-immune|p1b: Incineroar\n|-damage|p1a: Enamorus|54/100\n|-item|p2b: Warlock|Leftovers|[from] ability: Magician|[of] p1a: Enamorus\n|move|p1b: Incineroar|Knock Off|p2b: Warlock\n|-supereffective|p2b: Warlock\n|-crit|p2b: Warlock\n|-damage|p2b: Warlock|0 fnt\n|-enditem|p2b: Warlock|Leftovers|[from] move: Knock Off|[of] p1b: Incineroar\n|faint|p2b: Warlock\n|\n|upkeep\n|\n|t:|1771229569\n|switch|p2a: Palm of My Hand|Torkoal, F|100/100\n|switch|p2b: Frebby Fatbear|Ursaluna, F|100/100\n|-weather|SunnyDay|[from] ability: Drought|[of] p2a: Palm of My Hand\n|turn|3\n|c| Ze Carrot|Jus rip him to shredds boy\n|c|☆Sanskiller55|Frebby fivebesr\n|\n|t:|1771229585\n|move|p1a: Enamorus|Protect|p1a: Enamorus\n|-singleturn|p1a: Enamorus|Protect\n|move|p2a: Palm of My Hand|Eruption|p1a: Enamorus|[spread] p1b\n|-activate|p1a: Enamorus|move: Protect\n|-resisted|p1b: Incineroar\n|-crit|p1b: Incineroar\n|-damage|p1b: Incineroar|30/100\n|-enditem|p1b: Incineroar|Sitrus Berry|[eat]\n|-heal|p1b: Incineroar|55/100|[from] item: Sitrus Berry\n|move|p2b: Frebby Fatbear|Facade|p1a: Enamorus\n|-activate|p1a: Enamorus|move: Protect\n|move|p1b: Incineroar|Parting Shot|p2a: Palm of My Hand\n|-unboost|p2a: Palm of My Hand|atk|1\n|-unboost|p2a: Palm of My Hand|spa|1\n|c| Ze Carrot|Ogerporn\n|inactive|Nitroneonblade has 120 seconds left.\n|c| Ze Carrot|Trist\n|c| Ze Carrot|im smart\n|c| Ze Carrot|thats the best play here\n|\n|t:|1771229623\n|switch|p1b: Ogerpon|Ogerpon-Wellspring, F|100/100|[from] Parting Shot\n|\n|-weather|SunnyDay|[upkeep]\n|-status|p2b: Frebby Fatbear|brn|[from] item: Flame Orb\n|upkeep\n|turn|4\n|c|☆Sanskiller55|Carrot\n|c| Ze Carrot|Yeah you resist everymove\n|c|☆Sanskiller55|what do i facade\n|\n|t:|1771229640\n|switch|p1a: Incineroar|Incineroar, F|55/100\n|-ability|p1a: Incineroar|Intimidate|boost\n|-unboost|p2a: Palm of My Hand|atk|1\n|-unboost|p2b: Frebby Fatbear|atk|1\n|move|p1b: Ogerpon|Spiky Shield|p1b: Ogerpon\n|-singleturn|p1b: Ogerpon|move: Protect\n|move|p2a: Palm of My Hand|Eruption|p1b: Ogerpon|[spread] p1a\n|-activate|p1b: Ogerpon|move: Protect\n|-resisted|p1a: Incineroar\n|-damage|p1a: Incineroar|22/100\n|move|p2b: Frebby Fatbear|Facade|p1b: Ogerpon\n|-activate|p1b: Ogerpon|move: Protect\n|-damage|p2b: Frebby Fatbear|88/100 brn|[from] Spiky Shield|[of] p1b: Ogerpon\n|\n|-weather|SunnyDay|[upkeep]\n|-damage|p2b: Frebby Fatbear|82/100 brn|[from] brn\n|upkeep\n|turn|5\n|c| Ze Carrot|You have to facade oger mon\n|c| Ze Carrot|Like\n|c| Ze Carrot|but thats not gonna do shit\n|c| Ze Carrot|because as i siad\n|c| Ze Carrot|ogerpon is the bets ,ove here\n|c|☆Sanskiller55|Is bro stupid\n|inactive|Nitroneonblade has 120 seconds left.\n|inactive|Nitroneonblade has 90 seconds left.\n|\n|t:|1771229711\n|switch|p1b: Enamorus|Enamorus-Therian, F|54/100\n|move|p2a: Palm of My Hand|Eruption|p1a: Incineroar|[spread] p1a,p1b\n|-resisted|p1a: Incineroar\n|-crit|p1b: Enamorus\n|-damage|p1a: Incineroar|0 fnt\n|-damage|p1b: Enamorus|0 fnt\n|faint|p1a: Incineroar\n|faint|p1b: Enamorus\n|move|p2b: Frebby Fatbear|Facade|p1: Incineroar|[notarget]\n|-fail|p2b: Frebby Fatbear\n|\n|-weather|SunnyDay|[upkeep]\n|-damage|p2b: Frebby Fatbear|76/100 brn|[from] brn\n|-fieldend|move: Trick Room\n|-fieldend|move: Psychic Terrain\n|upkeep\n|l| Ze Carrot\n|inactive|Nitroneonblade has 60 seconds left.\n|\n|t:|1771229738\n|switch|p1a: Cresselia|Cresselia, F|100/100\n|switch|p1b: Ogerpon|Ogerpon-Wellspring, F|100/100\n|turn|6\n|inactive|Nitroneonblade has 60 seconds left.\n|\n|t:|1771229767\n|-terastallize|p1b: Ogerpon|Water\n|detailschange|p1b: Ogerpon|Ogerpon-Wellspring-Tera, F, tera:Water\n|-ability|p1b: Ogerpon|Embody Aspect (Wellspring)|boost\n|-boost|p1b: Ogerpon|spd|1\n|move|p2b: Frebby Fatbear|Protect|p2b: Frebby Fatbear\n|-singleturn|p2b: Frebby Fatbear|Protect\n|move|p1b: Ogerpon|Ivy Cudgel|p2a: Palm of My Hand|[anim] Ivy Cudgel Water\n|-supereffective|p2a: Palm of My Hand\n|-crit|p2a: Palm of My Hand\n|-damage|p2a: Palm of My Hand|19/100\n|move|p1a: Cresselia|Dazzling Gleam|p2a: Palm of My Hand|[spread] p2a\n|-activate|p2b: Frebby Fatbear|move: Protect\n|-resisted|p2a: Palm of My Hand\n|-crit|p2a: Palm of My Hand\n|-damage|p2a: Palm of My Hand|5/100\n|move|p2a: Palm of My Hand|Eruption|p1b: Ogerpon|[spread] p1a,p1b\n|-resisted|p1b: Ogerpon\n|-damage|p1a: Cresselia|99/100\n|-damage|p1b: Ogerpon|99/100\n|\n|-weather|SunnyDay|[upkeep]\n|-heal|p1a: Cresselia|100/100|[from] item: Leftovers\n|-damage|p2b: Frebby Fatbear|70/100 brn|[from] brn\n|upkeep\n|turn|7\n|j| Ze Carrot\n|c| Ze Carrot|Ts is winable\n|\n|t:|1771229793\n|switch|p2b: Splendid|Incineroar, F|100/100\n|-ability|p2b: Splendid|Intimidate|boost\n|-unboost|p1a: Cresselia|atk|1\n|-unboost|p1b: Ogerpon|atk|1\n|move|p1b: Ogerpon|Ivy Cudgel|p2b: Splendid|[anim] Ivy Cudgel Water\n|-supereffective|p2b: Splendid\n|-damage|p2b: Splendid|59/100\n|move|p1a: Cresselia|Dazzling Gleam|p2a: Palm of My Hand|[spread] p2a,p2b\n|-resisted|p2a: Palm of My Hand\n|-damage|p2a: Palm of My Hand|0 fnt\n|-damage|p2b: Splendid|46/100\n|faint|p2a: Palm of My Hand\n|\n|-weather|none\n|upkeep\n|c| Ze Carrot|you have to rest sun tho\n|\n|t:|1771229795\n|switch|p2a: Reg F Satan|Raging Bolt|100/100\n|turn|8\n|c| Ze Carrot|Well ur stupid\n|inactive|Nitroneonblade has 90 seconds left.\n|c| Ze Carrot|Reset\n|\n|t:|1771229822\n|switch|p1a: Okidogi|Okidogi, M|100/100\n|move|p1b: Ogerpon|Spiky Shield|p1b: Ogerpon\n|-singleturn|p1b: Ogerpon|move: Protect\n|move|p2a: Reg F Satan|Thunderclap||[still]\n|-fail|p2a: Reg F Satan\n|move|p2b: Splendid|Knock Off|p1a: Okidogi\n|-resisted|p1a: Okidogi\n|-damage|p1a: Okidogi|81/100\n|-enditem|p1a: Okidogi|Safety Goggles|[from] move: Knock Off|[of] p2b: Splendid\n|\n|upkeep\n|turn|9\n|c| Ze Carrot|not rest\n|inactive|Nitroneonblade has 90 seconds left.\n|\n|t:|1771229856\n|switch|p1b: Raging Bolt|Raging Bolt|100/100\n|move|p2a: Reg F Satan|Thunderclap||[still]\n|-fail|p2a: Reg F Satan\n|move|p1a: Okidogi|Bulk Up|p1a: Okidogi\n|-boost|p1a: Okidogi|atk|1\n|-boost|p1a: Okidogi|def|1\n|move|p2b: Splendid|Flare Blitz|p1a: Okidogi\n|-damage|p1a: Okidogi|48/100\n|-damage|p2b: Splendid|35/100|[from] Recoil\n|\n|upkeep\n|turn|10\n|inactive|Nitroneonblade has 90 seconds left.\n|c| Ze Carrot|Ans you bitch\n|c| Ze Carrot|trust me once\n|\n|t:|1771229883\n|-end|p1b: Raging Bolt|Protosynthesis|[silent]\n|switch|p1b: Cresselia|Cresselia, F|100/100\n|move|p1a: Okidogi|Drain Punch|p2b: Splendid\n|-supereffective|p2b: Splendid\n|-damage|p2b: Splendid|0 fnt\n|-heal|p1a: Okidogi|67/100|[from] drain|[of] p2b: Splendid\n|faint|p2b: Splendid\n|move|p2a: Reg F Satan|Volt Switch|p1a: Okidogi\n|-damage|p1a: Okidogi|29/100\n|\n|t:|1771229888\n|-end|p2a: Reg F Satan|Protosynthesis|[silent]\n|switch|p2a: Frebby Fatbear|Ursaluna, F|70/100 brn|[from] Volt Switch\n|\n|-damage|p2a: Frebby Fatbear|64/100 brn|[from] brn\n|upkeep\n|\n|t:|1771229889\n|switch|p2b: Reg F Satan|Raging Bolt|100/100\n|turn|11\n|c| Ze Carrot|in ur stupid\n|c|☆Sanskiller55|Nah\n|c|☆Sanskiller55|trust the process\n|inactive|Nitroneonblade has 90 seconds left.\n|c| Ze Carrot|If you lsoe this im legally allowed to laugh\n|\n|t:|1771229918\n|move|p1a: Okidogi|Protect|p1a: Okidogi\n|-singleturn|p1a: Okidogi|Protect\n|move|p2b: Reg F Satan|Thunderclap||[still]\n|-fail|p2b: Reg F Satan\n|move|p1b: Cresselia|Lunar Blessing|p1b: Cresselia|[spread] p1a,p1b\n|-heal|p1a: Okidogi|54/100\n|move|p2a: Frebby Fatbear|Facade|p1b: Cresselia\n|-damage|p1b: Cresselia|21/100\n|\n|-heal|p1b: Cresselia|27/100|[from] item: Leftovers\n|-damage|p2a: Frebby Fatbear|58/100 brn|[from] brn\n|upkeep\n|turn|12\n|inactive|Nitroneonblade has 90 seconds left.\n|\n|t:|1771229942\n|move|p2a: Frebby Fatbear|Protect|p2a: Frebby Fatbear\n|-singleturn|p2a: Frebby Fatbear|Protect\n|move|p1a: Okidogi|Drain Punch|p2a: Frebby Fatbear\n|-activate|p2a: Frebby Fatbear|move: Protect\n|move|p1b: Cresselia|Lunar Blessing|p1b: Cresselia|[spread] p1a,p1b\n|-heal|p1a: Okidogi|79/100\n|-heal|p1b: Cresselia|52/100\n|move|p2b: Reg F Satan|Volt Switch|p1a: Okidogi\n|-damage|p1a: Okidogi|44/100\n|\n|-heal|p1b: Cresselia|58/100|[from] item: Leftovers\n|-damage|p2a: Frebby Fatbear|52/100 brn|[from] brn\n|upkeep\n|turn|13\n|c|☆Nitroneonblade|Ok\n|\n|t:|1771229961\n|move|p1a: Okidogi|Drain Punch|p2a: Frebby Fatbear\n|-supereffective|p2a: Frebby Fatbear\n|-damage|p2a: Frebby Fatbear|0 fnt\n|-heal|p1a: Okidogi|75/100|[from] drain|[of] p2a: Frebby Fatbear\n|faint|p2a: Frebby Fatbear\n|move|p1b: Cresselia|Lunar Blessing|p1b: Cresselia|[spread] p1a,p1b\n|-heal|p1a: Okidogi|99/100\n|-heal|p1b: Cresselia|83/100\n|move|p2b: Reg F Satan|Snarl|p1b: Cresselia|[spread] p1a,p1b\n|-resisted|p1a: Okidogi\n|-supereffective|p1b: Cresselia\n|-damage|p1a: Okidogi|93/100\n|-damage|p1b: Cresselia|61/100\n|-unboost|p1a: Okidogi|spa|1\n|-unboost|p1b: Cresselia|spa|1\n|\n|-heal|p1b: Cresselia|67/100|[from] item: Leftovers\n|upkeep\n|turn|14\n|j| punyakoko\n|c|☆Nitroneonblade|So you guys friends or what\n|inactive|Nitroneonblade has 120 seconds left.\n|c|☆Sanskiller55|Nah i hate him\n|\n|t:|1771229980\n|switch|p1b: Ogerpon|Ogerpon-Wellspring-Tera, F, tera:Water|99/100\n|-ability|p1b: Ogerpon|Embody Aspect (Wellspring)|boost\n|-boost|p1b: Ogerpon|spd|1\n|move|p2b: Reg F Satan|Thunderclap|p1a: Okidogi\n|-damage|p1a: Okidogi|54/100\n|move|p1a: Okidogi|Poison Jab|p2b: Reg F Satan\n|-damage|p2b: Reg F Satan|50/100\n|\n|upkeep\n|turn|15\n|c|☆Sanskiller55|Gg\n|c|☆Nitroneonblade|So friends basically\n|inactive|Nitroneonblade has 120 seconds left.\n|l| Ze Carrot\n|c|☆Nitroneonblade|Gg though\n|j| Ze Carrot\n|\n|t:|1771230012\n|move|p1b: Ogerpon|Follow Me|p1b: Ogerpon\n|-singleturn|p1b: Ogerpon|move: Follow Me\n|move|p2b: Reg F Satan|Thunderclap||[still]\n|-fail|p2b: Reg F Satan\n|move|p1a: Okidogi|Poison Jab|p2b: Reg F Satan\n|-damage|p2b: Reg F Satan|4/100\n|\n|upkeep\n|turn|16\n|c| Ze Carrot|Ur so bas sans\n|c| Ze Carrot|i wouldve wom\n|c|☆Sanskiller55|Nah\n|c| Ze Carrot|You threw first turn\n|\n|t:|1771230026\n|move|p1b: Ogerpon|Ivy Cudgel|p2b: Reg F Satan|[anim] Ivy Cudgel Water\n|-resisted|p2b: Reg F Satan\n|-damage|p2b: Reg F Satan|0 fnt\n|faint|p2b: Reg F Satan\n|-end|p2b: Reg F Satan|Protosynthesis|[silent]\n|\n|win|Nitroneonblade\n|raw|Nitroneonblade's rating: 1554 &rarr; <strong>1573</strong><br />(+19 for winning)\n|raw|Sanskiller55's rating: 1544 &rarr; <strong>1525</strong><br />(-19 for losing)\n|c|☆Sanskiller55|You’re worse\n|l|☆Sanskiller55\n|player|p2|\n|c| Ze Carrot|Nah\n|l| Ze Carrot\n|l|☆Nitroneonblade\n|player|p1|\n|l| punyakoko\n", "uploadtime": 1771230410, "views": 14, "formatid": "gen9doublesou", "rating": 1525, "private": 0, "password": null}