{"id": "gen9doublesou-2539967958", "format": "[Gen 9] Doubles OU", "players": ["mammoforest", "YouAreAPoopyFace"], "log": "|j|☆mammoforest\n|j|☆YouAreAPoopyFace\n|t:|1771135232\n|gametype|doubles\n|player|p1|mammoforest|ghetsis|1585\n|player|p2|YouAreAPoopyFace|101|1483\n|gen|9\n|tier|[Gen 9] Doubles OU\n|rated|\n|rule|HP Percentage Mod: HP is shown in percentages\n|rule|Endless Battle Clause: Forcing endless battles is banned\n|rule|Species Clause: Limit one of each Pokémon\n|rule|OHKO Clause: OHKO moves are banned\n|rule|Evasion Moves Clause: Evasion moves are banned\n|rule|Gravity Sleep Clause: The combination of sleep-inducing moves with imperfect accuracy and Gravity or Gigantamax Orbeetle are banned\n|rule|Evasion Abilities Clause: Evasion abilities are banned\n|clearpoke\n|poke|p1|Chien-Pao|\n|poke|p1|Landorus, M|\n|poke|p1|Rillaboom, F|\n|poke|p1|Raging Bolt|\n|poke|p1|Incineroar, F|\n|poke|p1|Ogerpon-Wellspring, F|\n|poke|p2|Ogerpon-Wellspring, F|\n|poke|p2|Gouging Fire|\n|poke|p2|Ting-Lu|\n|poke|p2|Dragonite, F|\n|poke|p2|Chien-Pao|\n|poke|p2|Glimmora, M|\n|teampreview\n|inactive|Battle timer is ON: inactive players will automatically lose when time's up. (requested by YouAreAPoopyFace)\n|inactive|mammoforest also wants the timer to be on.\n|inactive|YouAreAPoopyFace has 120 seconds left.\n|\n|t:|1771135276\n|teamsize|p1|6\n|teamsize|p2|6\n|start\n|switch|p1a: Ogerpon|Ogerpon-Wellspring, F|100/100\n|switch|p1b: MonsterCat|Incineroar, F, shiny|100/100\n|switch|p2a: Glimmora|Glimmora, M, shiny|100/100\n|switch|p2b: Ting-Lu|Ting-Lu|100/100\n|-ability|p1b: MonsterCat|Intimidate|boost\n|-unboost|p2a: Glimmora|atk|1\n|-unboost|p2b: Ting-Lu|atk|1\n|-ability|p2b: Ting-Lu|Vessel of Ruin\n|turn|1\n|inactive|mammoforest has 120 seconds left.\n|\n|t:|1771135334\n|switch|p2b: Ogerpon|Ogerpon-Wellspring, F|100/100\n|move|p2a: Glimmora|Spiky Shield|p2a: Glimmora\n|-singleturn|p2a: Glimmora|move: Protect\n|move|p1b: MonsterCat|Fake Out|p2b: Ogerpon\n|-damage|p2b: Ogerpon|86/100\n|move|p1a: Ogerpon|Ivy Cudgel|p2b: Ogerpon|[anim] Ivy Cudgel Water\n|-heal|p2b: Ogerpon|100/100|[from] ability: Water Absorb|[of] p1a: Ogerpon\n|\n|upkeep\n|turn|2\n|\n|t:|1771135362\n|move|p2b: Ogerpon|Follow Me|p2b: Ogerpon\n|-singleturn|p2b: Ogerpon|move: Follow Me\n|move|p1a: Ogerpon|Encore|p2b: Ogerpon\n|-start|p2b: Ogerpon|Encore\n|move|p2a: Glimmora|Stealth Rock|p1b: MonsterCat\n|-sidestart|p1: mammoforest|move: Stealth Rock\n|move|p1b: MonsterCat|Flare Blitz|p2b: Ogerpon\n|-damage|p2b: Ogerpon|25/100\n|-damage|p1b: MonsterCat|74/100|[from] Recoil\n|\n|upkeep\n|turn|3\n|inactive|mammoforest has 120 seconds left.\n|\n|t:|1771135377\n|move|p1a: Ogerpon|Spiky Shield|p1a: Ogerpon\n|-singleturn|p1a: Ogerpon|move: Protect\n|move|p2b: Ogerpon|Follow Me|p2b: Ogerpon\n|-singleturn|p2b: Ogerpon|move: Follow Me\n|move|p2a: Glimmora|Mortal Spin|p1a: Ogerpon|[spread] p1b\n|-activate|p1a: Ogerpon|move: Protect\n|-damage|p2a: Glimmora|88/100|[from] Spiky Shield|[of] p1a: Ogerpon\n|-damage|p1b: MonsterCat|71/100\n|-status|p1b: MonsterCat|psn\n|move|p1b: MonsterCat|Knock Off|p2b: Ogerpon\n|-damage|p2b: Ogerpon|0 fnt\n|faint|p2b: Ogerpon\n|\n|-damage|p1b: MonsterCat|58/100 psn|[from] psn\n|upkeep\n|\n|t:|1771135398\n|switch|p2b: Gouging Fire|Gouging Fire|100/100\n|-enditem|p2b: Gouging Fire|Booster Energy\n|-activate|p2b: Gouging Fire|ability: Protosynthesis|[fromitem]\n|-start|p2b: Gouging Fire|protosynthesisspe\n|turn|4\n|inactive|mammoforest has 120 seconds left.\n|\n|t:|1771135436\n|move|p2b: Gouging Fire|Breaking Swipe|p1a: Ogerpon|[spread] p1a,p1b\n|-damage|p1a: Ogerpon|76/100\n|-damage|p1b: MonsterCat|36/100 psn\n|-unboost|p1a: Ogerpon|atk|1\n|-unboost|p1b: MonsterCat|atk|1\n|move|p1a: Ogerpon|Ivy Cudgel|p2b: Gouging Fire|[anim] Ivy Cudgel Water\n|-damage|p2b: Gouging Fire|68/100\n|move|p2a: Glimmora|Power Gem|p1b: MonsterCat\n|-supereffective|p1b: MonsterCat\n|-damage|p1b: MonsterCat|0 fnt\n|faint|p1b: MonsterCat\n|\n|upkeep\n|\n|t:|1771135453\n|switch|p1b: Pops|Landorus, M|100/100\n|-damage|p1b: Pops|88/100|[from] Stealth Rock\n|turn|5\n|\n|t:|1771135481\n|move|p2b: Gouging Fire|Burning Bulwark|p2b: Gouging Fire\n|-singleturn|p2b: Gouging Fire|move: Protect\n|move|p1a: Ogerpon|Follow Me|p1a: Ogerpon\n|-singleturn|p1a: Ogerpon|move: Follow Me\n|move|p1b: Pops|Sandsear Storm|p2b: Gouging Fire|[spread] \n|-activate|p2b: Gouging Fire|move: Protect\n|-miss|p1b: Pops|p2a: Glimmora\n|move|p2a: Glimmora|Mortal Spin|p1a: Ogerpon|[spread] p1a,p1b\n|-supereffective|p1a: Ogerpon\n|-resisted|p1b: Pops\n|-damage|p1a: Ogerpon|68/100\n|-damage|p1b: Pops|86/100\n|-status|p1a: Ogerpon|psn\n|-status|p1b: Pops|psn\n|\n|-damage|p1a: Ogerpon|56/100 psn|[from] psn\n|-damage|p1b: Pops|74/100 psn|[from] psn\n|upkeep\n|turn|6\n|\n|t:|1771135503\n|-end|p2b: Gouging Fire|Protosynthesis|[silent]\n|switch|p2b: Dragonite|Dragonite, F, shiny|100/100\n|move|p1a: Ogerpon|Follow Me|p1a: Ogerpon\n|-singleturn|p1a: Ogerpon|move: Follow Me\n|move|p1b: Pops|Gravity|p1b: Pops\n|-fieldstart|move: Gravity\n|move|p2a: Glimmora|Power Gem|p1a: Ogerpon\n|-damage|p1a: Ogerpon|14/100 psn\n|\n|-damage|p1a: Ogerpon|1/100 psn|[from] psn\n|-damage|p1b: Pops|62/100 psn|[from] psn\n|upkeep\n|turn|7\n|\n|t:|1771135516\n|move|p2a: Glimmora|Spiky Shield|p2a: Glimmora\n|-singleturn|p2a: Glimmora|move: Protect\n|move|p1a: Ogerpon|Follow Me|p1a: Ogerpon\n|-singleturn|p1a: Ogerpon|move: Follow Me\n|move|p1b: Pops|Sandsear Storm|p2a: Glimmora|[spread] p2b\n|-activate|p2a: Glimmora|move: Protect\n|-damage|p2b: Dragonite|73/100\n|move|p2b: Dragonite|Tailwind|p2b: Dragonite\n|-sidestart|p2: YouAreAPoopyFace|move: Tailwind\n|\n|-damage|p1a: Ogerpon|0 fnt|[from] psn\n|faint|p1a: Ogerpon\n|-damage|p1b: Pops|50/100 psn|[from] psn\n|upkeep\n|\n|t:|1771135525\n|switch|p1a: My friend|Rillaboom, F, shiny|100/100\n|-damage|p1a: My friend|88/100|[from] Stealth Rock\n|-fieldstart|move: Grassy Terrain|[from] ability: Grassy Surge|[of] p1a: My friend\n|turn|8\n|\n|t:|1771135534\n|move|p1a: My friend|Fake Out|p2b: Dragonite\n|-damage|p2b: Dragonite|60/100\n|move|p2a: Glimmora|Mortal Spin|p1b: Pops|[spread] p1a,p1b\n|-supereffective|p1a: My friend\n|-resisted|p1b: Pops\n|-damage|p1a: My friend|81/100\n|-damage|p1b: Pops|48/100 psn\n|-status|p1a: My friend|psn\n|cant|p2b: Dragonite|flinch\n|move|p1b: Pops|Sandsear Storm|p2a: Glimmora|[spread] p2a,p2b\n|-supereffective|p2a: Glimmora\n|-damage|p2a: Glimmora|0 fnt\n|-damage|p2b: Dragonite|4/100\n|faint|p2a: Glimmora\n|\n|-heal|p2b: Dragonite|10/100|[from] Grassy Terrain\n|-heal|p1b: Pops|54/100 psn|[from] Grassy Terrain\n|-heal|p1a: My friend|87/100 psn|[from] Grassy Terrain\n|-damage|p1b: Pops|42/100 psn|[from] psn\n|-damage|p1a: My friend|75/100 psn|[from] psn\n|upkeep\n|\n|t:|1771135538\n|switch|p2a: Gouging Fire|Gouging Fire|68/100\n|turn|9\n|\n|t:|1771135562\n|move|p2a: Gouging Fire|Burning Bulwark|p2a: Gouging Fire\n|-singleturn|p2a: Gouging Fire|move: Protect\n|move|p2b: Dragonite|Extreme Speed|p1b: Pops\n|-damage|p1b: Pops|7/100 psn\n|move|p1a: My friend|Grassy Glide|p2b: Dragonite\n|-resisted|p2b: Dragonite\n|-damage|p2b: Dragonite|1/100\n|move|p1b: Pops|Sandsear Storm|p2b: Dragonite|[spread] p2b\n|-activate|p2a: Gouging Fire|move: Protect\n|-damage|p2b: Dragonite|0 fnt\n|faint|p2b: Dragonite\n|\n|-heal|p2a: Gouging Fire|75/100|[from] Grassy Terrain\n|-heal|p1b: Pops|13/100 psn|[from] Grassy Terrain\n|-heal|p1a: My friend|81/100 psn|[from] Grassy Terrain\n|-damage|p1b: Pops|0 fnt|[from] psn\n|faint|p1b: Pops\n|-damage|p1a: My friend|69/100 psn|[from] psn\n|upkeep\n|inactive|YouAreAPoopyFace has 120 seconds left.\n|\n|t:|1771135581\n|switch|p1b: dont move|Raging Bolt|100/100\n|switch|p2b: Chien-Pao|Chien-Pao, shiny|100/100\n|-ability|p2b: Chien-Pao|Sword of Ruin\n|-damage|p1b: dont move|88/100|[from] Stealth Rock\n|-enditem|p1b: dont move|Booster Energy\n|-activate|p1b: dont move|ability: Protosynthesis|[fromitem]\n|-start|p1b: dont move|protosynthesisspa\n|turn|10\n|\n|t:|1771135597\n|-terastallize|p1b: dont move|Fairy\n|move|p2b: Chien-Pao|Protect|p2b: Chien-Pao\n|-singleturn|p2b: Chien-Pao|Protect\n|move|p1a: My friend|Grassy Glide|p2b: Chien-Pao\n|-activate|p2b: Chien-Pao|move: Protect\n|move|p2a: Gouging Fire|Heat Crash|p1a: My friend\n|-supereffective|p1a: My friend\n|-damage|p1a: My friend|0 fnt\n|faint|p1a: My friend\n|move|p1b: dont move|Dragon Pulse|p2a: Gouging Fire\n|-supereffective|p2a: Gouging Fire\n|-damage|p2a: Gouging Fire|0 fnt\n|faint|p2a: Gouging Fire\n|-end|p2a: Gouging Fire|Protosynthesis|[silent]\n|\n|-heal|p1b: dont move|94/100|[from] Grassy Terrain\n|-sideend|p2: YouAreAPoopyFace|move: Tailwind\n|-fieldend|move: Gravity\n|upkeep\n|\n|t:|1771135617\n|switch|p2a: Ting-Lu|Ting-Lu|100/100\n|switch|p1a: ToothBreaker|Chien-Pao, shiny|100/100\n|-damage|p1a: ToothBreaker|76/100|[from] Stealth Rock\n|-ability|p1a: ToothBreaker|Sword of Ruin\n|-ability|p2a: Ting-Lu|Vessel of Ruin\n|turn|11\n|\n|t:|1771135648\n|-terastallize|p2b: Chien-Pao|Ghost\n|move|p1a: ToothBreaker|Icicle Crash|p2a: Ting-Lu\n|-supereffective|p2a: Ting-Lu\n|-damage|p2a: Ting-Lu|49/100\n|move|p2b: Chien-Pao|Sacred Sword|p1a: ToothBreaker\n|-supereffective|p1a: ToothBreaker\n|-damage|p1a: ToothBreaker|0 fnt\n|faint|p1a: ToothBreaker\n|move|p1b: dont move|Dragon Pulse|p2a: Ting-Lu\n|-damage|p2a: Ting-Lu|18/100\n|move|p2a: Ting-Lu|Snarl|p1b: dont move|[miss]\n|-miss|p2a: Ting-Lu|p1b: dont move\n|\n|-heal|p1b: dont move|100/100|[from] Grassy Terrain\n|-heal|p2a: Ting-Lu|25/100|[from] Grassy Terrain\n|-heal|p2a: Ting-Lu|31/100|[from] item: Leftovers\n|upkeep\n|turn|12\n|c|☆YouAreAPoopyFace|thanks game\n|\n|t:|1771135671\n|move|p2b: Chien-Pao|Ice Spinner|p1b: dont move\n|-damage|p1b: dont move|54/100\n|-fieldend|move: Grassy Terrain\n|move|p1b: dont move|Dragon Pulse|p2a: Ting-Lu\n|-damage|p2a: Ting-Lu|0 fnt\n|faint|p2a: Ting-Lu\n|\n|upkeep\n|turn|13\n|\n|t:|1771135679\n|move|p1b: dont move|Thunderclap|p2b: Chien-Pao\n|-damage|p2b: Chien-Pao|10/100\n|move|p2b: Chien-Pao|Ice Spinner|p1b: dont move\n|-damage|p1b: dont move|8/100\n|\n|upkeep\n|turn|14\n|\n|t:|1771135683\n|move|p2b: Chien-Pao|Sucker Punch|p1b: dont move\n|-resisted|p1b: dont move\n|-damage|p1b: dont move|0 fnt\n|faint|p1b: dont move\n|-end|p1b: dont move|Protosynthesis|[silent]\n|\n|win|YouAreAPoopyFace\n|raw|mammoforest's rating: 1585 &rarr; <strong>1559</strong><br />(-26 for losing)\n|raw|YouAreAPoopyFace's rating: 1483 &rarr; <strong>1509</strong><br />(+26 for winning)\n|l|☆YouAreAPoopyFace\n|player|p2|\n|c|☆mammoforest|ggs\n|l|☆mammoforest\n|player|p1|\n", "uploadtime": 1771136098, "views": 17, "formatid": "gen9doublesou", "rating": 1509, "private": 0, "password": null}