{"id": "gen9doublesou-2540802107", "format": "[Gen 9] Doubles OU", "players": ["HeWhoSits", "Farres"], "log": "|j|☆HeWhoSits\n|j|☆Farres\n|t:|1771255543\n|gametype|doubles\n|player|p1|HeWhoSits|fisherman|1642\n|player|p2|Farres|1|1558\n|gen|9\n|tier|[Gen 9] Doubles OU\n|rated|\n|rule|HP Percentage Mod: HP is shown in percentages\n|rule|Endless Battle Clause: Forcing endless battles is banned\n|rule|Species Clause: Limit one of each Pokémon\n|rule|OHKO Clause: OHKO moves are banned\n|rule|Evasion Moves Clause: Evasion moves are banned\n|rule|Gravity Sleep Clause: The combination of sleep-inducing moves with imperfect accuracy and Gravity or Gigantamax Orbeetle are banned\n|rule|Evasion Abilities Clause: Evasion abilities are banned\n|clearpoke\n|poke|p1|Whimsicott, F|\n|poke|p1|Terrakion|\n|poke|p1|Farigiraf, F|\n|poke|p1|Torkoal, M|\n|poke|p1|Smeargle, M|\n|poke|p1|Sinistcha|\n|poke|p2|Gholdengo|\n|poke|p2|Perrserker, F|\n|poke|p2|Scizor, M|\n|poke|p2|Rillaboom, M|\n|poke|p2|Heatran, M|\n|poke|p2|Pelipper, M|\n|teampreview\n|inactive|Battle timer is ON: inactive players will automatically lose when time's up. (requested by HeWhoSits)\n|\n|t:|1771255559\n|teamsize|p1|6\n|teamsize|p2|6\n|start\n|switch|p1a: Sativa|Whimsicott, F|100/100\n|switch|p1b: Stoner|Terrakion|100/100\n|switch|p2a: Gholdengo|Gholdengo|100/100\n|switch|p2b: Pelipper|Pelipper, M|100/100\n|-weather|RainDance|[from] ability: Drizzle|[of] p2b: Pelipper\n|turn|1\n|\n|t:|1771255584\n|switch|p1b: Bong|Torkoal, M|100/100\n|-weather|SunnyDay|[from] ability: Drought|[of] p1b: Bong\n|switch|p2b: Perrserker|Perrserker, F|100/100\n|-terastallize|p2a: Gholdengo|Steel\n|move|p1a: Sativa|Taunt|p2b: Perrserker\n|-start|p2b: Perrserker|move: Taunt\n|move|p2a: Gholdengo|Make It Rain|p1b: Bong|[spread] p1a,p1b\n|-supereffective|p1a: Sativa\n|-resisted|p1b: Bong\n|-enditem|p1a: Sativa|Focus Sash\n|-damage|p1a: Sativa|1/100\n|-damage|p1b: Bong|0 fnt\n|-unboost|p2a: Gholdengo|spa|1\n|faint|p1b: Bong\n|-damage|p2a: Gholdengo|91/100|[from] item: Life Orb\n|\n|-weather|SunnyDay|[upkeep]\n|upkeep\n|\n|t:|1771255609\n|switch|p1b: Stoner|Terrakion|100/100\n|turn|2\n|\n|t:|1771255623\n|switch|p2a: Rillaboom|Rillaboom, M|100/100\n|-fieldstart|move: Grassy Terrain|[from] ability: Grassy Surge|[of] p2a: Rillaboom\n|-terastallize|p1b: Stoner|Grass\n|move|p2b: Perrserker|Fake Out|p1a: Sativa\n|-damage|p1a: Sativa|0 fnt\n|faint|p1a: Sativa\n|move|p1b: Stoner|Rock Slide|p2a: Rillaboom|[spread] p2b\n|-miss|p1b: Stoner|p2a: Rillaboom\n|-resisted|p2b: Perrserker\n|-damage|p2b: Perrserker|85/100\n|\n|-weather|SunnyDay|[upkeep]\n|-heal|p2b: Perrserker|91/100|[from] Grassy Terrain\n|upkeep\n|\n|t:|1771255645\n|switch|p1a: Indica|Farigiraf, F|100/100\n|turn|3\n|\n|t:|1771255670\n|switch|p2b: Pelipper|Pelipper, M|100/100\n|-weather|RainDance|[from] ability: Drizzle|[of] p2b: Pelipper\n|move|p1a: Indica|Helping Hand|p1b: Stoner\n|-singleturn|p1b: Stoner|Helping Hand|[of] p1a: Indica\n|move|p1b: Stoner|Rock Slide|p2b: Pelipper|[spread] p2a,p2b\n|-supereffective|p2b: Pelipper\n|-damage|p2a: Rillaboom|26/100\n|-damage|p2b: Pelipper|2/100\n|move|p2a: Rillaboom|Wood Hammer|p1a: Indica\n|-damage|p1a: Indica|15/100\n|-damage|p2a: Rillaboom|0 fnt|[from] Recoil\n|faint|p2a: Rillaboom\n|\n|-weather|RainDance|[upkeep]\n|-heal|p1a: Indica|21/100|[from] Grassy Terrain\n|upkeep\n|inactive|Farres has 120 seconds left.\n|\n|t:|1771255696\n|switch|p2a: Scizor|Scizor, M|100/100\n|turn|4\n|inactive|Farres has 120 seconds left.\n|\n|t:|1771255715\n|switch|p1b: Chasen|Sinistcha|100/100\n|-heal|p1a: Indica|46/100|[from] ability: Hospitality|[of] p1b: Chasen\n|switch|p2b: Perrserker|Perrserker, F|91/100\n|move|p2a: Scizor|U-turn|p1a: Indica\n|-supereffective|p1a: Indica\n|-damage|p1a: Indica|0 fnt\n|faint|p1a: Indica\n|inactive|Farres has 120 seconds left.\n|\n|t:|1771255729\n|switch|p2a: Pelipper|Pelipper, M|2/100|[from] U-turn\n|\n|-weather|RainDance|[upkeep]\n|-heal|p2b: Perrserker|98/100|[from] Grassy Terrain\n|upkeep\n|\n|t:|1771255738\n|switch|p1a: Stoner|Terrakion, tera:Grass|100/100\n|turn|5\n|\n|t:|1771255743\n|move|p2b: Perrserker|Fake Out|p1a: Stoner\n|-damage|p1a: Stoner|90/100\n|cant|p1a: Stoner|flinch\n|move|p1b: Chasen|Nasty Plot|p1b: Chasen\n|-boost|p1b: Chasen|spa|2\n|move|p2a: Pelipper|Tailwind|p2a: Pelipper\n|-sidestart|p2: Farres|move: Tailwind\n|\n|-weather|RainDance|[upkeep]\n|-heal|p1a: Stoner|96/100|[from] Grassy Terrain\n|-heal|p2b: Perrserker|100/100|[from] Grassy Terrain\n|upkeep\n|turn|6\n|inactive|Farres has 120 seconds left.\n|\n|t:|1771255777\n|switch|p1a: Sage|Smeargle, M|100/100\n|move|p2a: Pelipper|Hurricane|p1b: Chasen\n|-supereffective|p1b: Chasen\n|-damage|p1b: Chasen|14/100\n|-enditem|p1b: Chasen|Weakness Policy\n|-boost|p1b: Chasen|atk|2|[from] item: Weakness Policy\n|-boost|p1b: Chasen|spa|2|[from] item: Weakness Policy\n|move|p2b: Perrserker|Knock Off|p1b: Chasen\n|-supereffective|p1b: Chasen\n|-damage|p1b: Chasen|0 fnt\n|faint|p1b: Chasen\n|\n|-weather|RainDance|[upkeep]\n|-fieldend|move: Grassy Terrain\n|-ability|p1a: Sage|Moody|boost\n|-boost|p1a: Sage|spe|2\n|-unboost|p1a: Sage|spa|1\n|upkeep\n|\n|t:|1771255787\n|switch|p1b: Stoner|Terrakion, tera:Grass|96/100\n|turn|7\n|\n|t:|1771255815\n|move|p1a: Sage|Spore|p2b: Perrserker\n|-status|p2b: Perrserker|slp|[from] move: Spore\n|move|p1b: Stoner|Rock Slide|p2a: Pelipper|[spread] p2a,p2b\n|-supereffective|p2a: Pelipper\n|-resisted|p2b: Perrserker\n|-damage|p2a: Pelipper|0 fnt\n|-damage|p2b: Perrserker|85/100 slp\n|faint|p2a: Pelipper\n|cant|p2b: Perrserker|slp\n|\n|-weather|none\n|-ability|p1a: Sage|Moody|boost\n|-boost|p1a: Sage|spa|2\n|-unboost|p1a: Sage|spd|1\n|upkeep\n|inactive|Farres has 120 seconds left.\n|\n|t:|1771255855\n|switch|p2a: Gholdengo|Gholdengo, tera:Steel|91/100\n|turn|8\n|\n|t:|1771255866\n|move|p1a: Sage|Instruct|p1b: Stoner\n|-singleturn|p1b: Stoner|move: Instruct|[of] p1a: Sage\n|move|p1b: Stoner|Rock Slide|p2a: Gholdengo|[spread] p2b\n|-miss|p1b: Stoner|p2a: Gholdengo\n|-resisted|p2b: Perrserker\n|-damage|p2b: Perrserker|68/100 slp\n|move|p2a: Gholdengo|Make It Rain|p1b: Stoner|[spread] p1a,p1b\n|-enditem|p1a: Sage|Focus Sash\n|-damage|p1a: Sage|1/100\n|-damage|p1b: Stoner|0 fnt\n|-unboost|p2a: Gholdengo|spa|1\n|faint|p1b: Stoner\n|-damage|p2a: Gholdengo|81/100|[from] item: Life Orb\n|-curestatus|p2b: Perrserker|slp|[msg]\n|move|p2b: Perrserker|Iron Head|p1a: Sage\n|-damage|p1a: Sage|0 fnt\n|faint|p1a: Sage\n|\n|win|Farres\n|raw|HeWhoSits's rating: 1642 &rarr; <strong>1617</strong><br />(-25 for losing)\n|raw|Farres's rating: 1558 &rarr; <strong>1583</strong><br />(+25 for winning)\n|l|☆HeWhoSits\n|player|p1|\n|l|☆Farres\n|player|p2|\n", "uploadtime": 1771256010, "views": 7, "formatid": "gen9doublesou", "rating": 1583, "private": 0, "password": null}