{"id": "gen9doublesou-2540763364", "format": "[Gen 9] Doubles OU", "players": ["enexis", "K3c8ge4"], "log": "|j|☆enexis\n|j|☆K3c8ge4\n|t:|1771251236\n|gametype|doubles\n|player|p1|enexis|2|1689\n|player|p2|K3c8ge4|lady|1709\n|gen|9\n|tier|[Gen 9] Doubles OU\n|rated|\n|rule|HP Percentage Mod: HP is shown in percentages\n|rule|Endless Battle Clause: Forcing endless battles is banned\n|rule|Species Clause: Limit one of each Pokémon\n|rule|OHKO Clause: OHKO moves are banned\n|rule|Evasion Moves Clause: Evasion moves are banned\n|rule|Gravity Sleep Clause: The combination of sleep-inducing moves with imperfect accuracy and Gravity or Gigantamax Orbeetle are banned\n|rule|Evasion Abilities Clause: Evasion abilities are banned\n|clearpoke\n|poke|p1|Grimmsnarl, M|\n|poke|p1|Sneasler, M|\n|poke|p1|Milotic, F|\n|poke|p1|Pelipper, M|\n|poke|p1|Bruxish, F|\n|poke|p1|Kilowattrel, F|\n|poke|p2|Pelipper, F|\n|poke|p2|Tornadus, M|\n|poke|p2|Ogerpon-Wellspring, F|\n|poke|p2|Raging Bolt|\n|poke|p2|Landorus, M|\n|poke|p2|Scizor, F|\n|teampreview\n|inactive|Battle timer is ON: inactive players will automatically lose when time's up. (requested by K3c8ge4)\n|\n|t:|1771251255\n|teamsize|p1|6\n|teamsize|p2|6\n|start\n|switch|p1a: Grimmsnarl|Grimmsnarl, M|100/100\n|switch|p1b: Sneasler|Sneasler, M|100/100\n|switch|p2a: Raging Bolt|Raging Bolt|100/100\n|switch|p2b: Scizor|Scizor, F|100/100\n|-enditem|p2a: Raging Bolt|Booster Energy\n|-activate|p2a: Raging Bolt|ability: Protosynthesis|[fromitem]\n|-start|p2a: Raging Bolt|protosynthesisspa\n|turn|1\n|\n|t:|1771251261\n|switch|p1b: Bruxish|Bruxish, F|100/100\n|move|p2b: Scizor|Bullet Punch||[still]\n|cant|p1b: Bruxish|ability: Dazzling|Bullet Punch|[of] p2b: Scizor\n|move|p1a: Grimmsnarl|Swagger|p2a: Raging Bolt\n|-boost|p2a: Raging Bolt|atk|2\n|-start|p2a: Raging Bolt|confusion\n|-enditem|p1a: Grimmsnarl|Mirror Herb\n|-boost|p1a: Grimmsnarl|atk|2|[from] item: Mirror Herb\n|-activate|p2a: Raging Bolt|confusion\n|move|p2a: Raging Bolt|Dragon Pulse|p1b: Bruxish\n|-enditem|p1b: Bruxish|Focus Sash\n|-damage|p1b: Bruxish|1/100\n|\n|upkeep\n|turn|2\n|\n|t:|1771251279\n|switch|p2b: Ogerpon|Ogerpon-Wellspring, F|100/100\n|move|p1b: Bruxish|Protect|p1b: Bruxish\n|-singleturn|p1b: Bruxish|Protect\n|-end|p2a: Raging Bolt|confusion\n|move|p2a: Raging Bolt|Protect|p2a: Raging Bolt\n|-singleturn|p2a: Raging Bolt|Protect\n|move|p1a: Grimmsnarl|Spirit Break|p2a: Raging Bolt\n|-activate|p2a: Raging Bolt|move: Protect\n|\n|upkeep\n|turn|3\n|\n|t:|1771251302\n|-end|p2a: Raging Bolt|Protosynthesis|[silent]\n|switch|p2a: Scizor|Scizor, F|100/100\n|-terastallize|p1a: Grimmsnarl|Dark\n|move|p1a: Grimmsnarl|Sucker Punch||[still]\n|-fail|p1a: Grimmsnarl\n|move|p2b: Ogerpon|Ivy Cudgel|p1b: Bruxish|[anim] Ivy Cudgel Water\n|-resisted|p1b: Bruxish\n|-damage|p1b: Bruxish|0 fnt\n|faint|p1b: Bruxish\n|\n|upkeep\n|\n|t:|1771251309\n|switch|p1b: Pelipper|Pelipper, M|100/100\n|-weather|RainDance|[from] ability: Drizzle|[of] p1b: Pelipper\n|turn|4\n|\n|t:|1771251322\n|move|p2a: Scizor|Bullet Punch|p1a: Grimmsnarl\n|-damage|p1a: Grimmsnarl|29/100\n|move|p1a: Grimmsnarl|Sucker Punch|p2b: Ogerpon\n|-damage|p2b: Ogerpon|0 fnt\n|faint|p2b: Ogerpon\n|move|p1b: Pelipper|Tailwind|p1b: Pelipper\n|-sidestart|p1: enexis|move: Tailwind\n|\n|-weather|RainDance|[upkeep]\n|upkeep\n|\n|t:|1771251340\n|switch|p2b: Tornadus|Tornadus, M|100/100\n|turn|5\n|\n|t:|1771251357\n|switch|p2a: Raging Bolt|Raging Bolt|100/100\n|move|p1a: Grimmsnarl|Sucker Punch||[still]\n|-fail|p1a: Grimmsnarl\n|move|p1b: Pelipper|Weather Ball|p2b: Tornadus\n|-damage|p2b: Tornadus|12/100\n|move|p2b: Tornadus|Bleakwind Storm|p1a: Grimmsnarl|[spread] p1a,p1b\n|-damage|p1a: Grimmsnarl|0 fnt\n|-damage|p1b: Pelipper|43/100\n|faint|p1a: Grimmsnarl\n|\n|-weather|RainDance|[upkeep]\n|upkeep\n|\n|t:|1771251364\n|switch|p1a: Sneasler|Sneasler, M|100/100\n|turn|6\n|\n|t:|1771251371\n|move|p2b: Tornadus|Protect|p2b: Tornadus\n|-singleturn|p2b: Tornadus|Protect\n|move|p1a: Sneasler|Dire Claw|p2a: Raging Bolt\n|-damage|p2a: Raging Bolt|65/100\n|move|p1b: Pelipper|Weather Ball|p2b: Tornadus\n|-activate|p2b: Tornadus|move: Protect\n|move|p2a: Raging Bolt|Thunder|p1a: Sneasler\n|-damage|p1a: Sneasler|13/100\n|-status|p1a: Sneasler|par\n|\n|-weather|RainDance|[upkeep]\n|upkeep\n|turn|7\n|\n|t:|1771251387\n|move|p2b: Tornadus|Tailwind|p2b: Tornadus\n|-sidestart|p2: K3c8ge4|move: Tailwind\n|move|p1b: Pelipper|Weather Ball|p2b: Tornadus\n|-damage|p2b: Tornadus|0 fnt\n|faint|p2b: Tornadus\n|move|p2a: Raging Bolt|Thunder|p1b: Pelipper\n|-supereffective|p1b: Pelipper\n|-damage|p1b: Pelipper|0 fnt\n|faint|p1b: Pelipper\n|move|p1a: Sneasler|Dire Claw|p2a: Raging Bolt\n|-damage|p2a: Raging Bolt|24/100\n|\n|-weather|RainDance|[upkeep]\n|-sideend|p1: enexis|move: Tailwind\n|upkeep\n|\n|t:|1771251396\n|switch|p2b: Landorus|Landorus, M|100/100\n|switch|p1b: Kilowattrel|Kilowattrel, F|100/100\n|turn|8\n|\n|t:|1771251406\n|move|p2b: Landorus|Earth Power|p1a: Sneasler\n|-supereffective|p1a: Sneasler\n|-damage|p1a: Sneasler|0 fnt\n|faint|p1a: Sneasler\n|move|p2a: Raging Bolt|Thunder|p1b: Kilowattrel\n|-damage|p1b: Kilowattrel|0 fnt\n|faint|p1b: Kilowattrel\n|\n|-weather|RainDance|[upkeep]\n|upkeep\n|-message|enexis forfeited.\n|\n|win|K3c8ge4\n|raw|enexis's rating: 1689 &rarr; <strong>1670</strong><br />(-19 for losing)\n|raw|K3c8ge4's rating: 1709 &rarr; <strong>1728</strong><br />(+19 for winning)\n|l|☆enexis\n|player|p1|\n|l|☆K3c8ge4\n|player|p2|\n", "uploadtime": 1771251615, "views": 7, "formatid": "gen9doublesou", "rating": 1670, "private": 0, "password": null}