{"id": "gen9doublesou-2540357702", "format": "[Gen 9] Doubles OU", "players": ["Pablovela0510", "drapionelectivire"], "log": "|badge|p2|bronze|gen9doublesou|100-8\n|uhtml|medal-msg|<div class=\"broadcast-blue\">Curious what those medals under the avatar are? PS now has Ladder Seasons! For more information, check out the <a href=\"https://www.smogon.com/forums/threads/3740067/\">thread on Smogon.</a></div>\n|j|☆Pablovela0510\n|j|☆drapionelectivire\n|t:|1771192496\n|gametype|doubles\n|player|p1|Pablovela0510|102|1571\n|player|p2|drapionelectivire|2|1820\n|gen|9\n|tier|[Gen 9] Doubles OU\n|rated|\n|rule|HP Percentage Mod: HP is shown in percentages\n|rule|Endless Battle Clause: Forcing endless battles is banned\n|rule|Species Clause: Limit one of each Pokémon\n|rule|OHKO Clause: OHKO moves are banned\n|rule|Evasion Moves Clause: Evasion moves are banned\n|rule|Gravity Sleep Clause: The combination of sleep-inducing moves with imperfect accuracy and Gravity or Gigantamax Orbeetle are banned\n|rule|Evasion Abilities Clause: Evasion abilities are banned\n|clearpoke\n|poke|p1|Incineroar, M|\n|poke|p1|Torkoal, L99, M|\n|poke|p1|Porygon2|\n|poke|p1|Ursaluna, F|\n|poke|p1|Jumpluff, F|\n|poke|p1|Charizard, F|\n|poke|p2|Torkoal, M|\n|poke|p2|Lilligant-Hisui, F|\n|poke|p2|Farigiraf, M|\n|poke|p2|Raging Bolt|\n|poke|p2|Walking Wake|\n|poke|p2|Typhlosion-Hisui, F|\n|teampreview\n|inactive|Battle timer is ON: inactive players will automatically lose when time's up. (requested by drapionelectivire)\n|\n|t:|1771192520\n|teamsize|p1|6\n|teamsize|p2|6\n|start\n|switch|p1a: Porygon2.exe|Porygon2|100/100\n|switch|p1b: Scar|Incineroar, M|100/100\n|switch|p2a: Lilligant|Lilligant-Hisui, F, shiny|100/100\n|switch|p2b: Walking Wake|Walking Wake|100/100\n|-ability|p1a: Porygon2.exe|Download|boost\n|-boost|p1a: Porygon2.exe|spa|1\n|-ability|p1b: Scar|Intimidate|boost\n|-unboost|p2a: Lilligant|atk|1\n|-unboost|p2b: Walking Wake|atk|1\n|turn|1\n|\n|t:|1771192542\n|-end|p2b: Walking Wake|Protosynthesis|[silent]\n|switch|p2b: Farigiraf|Farigiraf, M|100/100\n|move|p1b: Scar|Fake Out||[still]\n|cant|p2b: Farigiraf|ability: Armor Tail|Fake Out|[of] p1b: Scar\n|move|p2a: Lilligant|Sleep Powder|p1a: Porygon2.exe|[miss]\n|-miss|p2a: Lilligant|p1a: Porygon2.exe\n|move|p1a: Porygon2.exe|Trick Room|p1a: Porygon2.exe\n|-fieldstart|move: Trick Room|[of] p1a: Porygon2.exe\n|\n|upkeep\n|turn|2\n|\n|t:|1771192558\n|switch|p2a: Torkoal|Torkoal, M|100/100\n|-weather|SunnyDay|[from] ability: Drought|[of] p2a: Torkoal\n|move|p1a: Porygon2.exe|Ice Beam|p2a: Torkoal\n|-resisted|p2a: Torkoal\n|-damage|p2a: Torkoal|73/100\n|move|p1b: Scar|Knock Off|p2b: Farigiraf\n|-supereffective|p2b: Farigiraf\n|-damage|p2b: Farigiraf|1/100\n|-enditem|p2b: Farigiraf|Throat Spray|[from] move: Knock Off|[of] p1b: Scar\n|move|p2b: Farigiraf|Hyper Voice|p1a: Porygon2.exe|[spread] p1a,p1b\n|-damage|p1a: Porygon2.exe|75/100\n|-damage|p1b: Scar|59/100\n|\n|-weather|SunnyDay|[upkeep]\n|upkeep\n|turn|3\n|\n|t:|1771192580\n|move|p2a: Torkoal|Heat Wave|p1a: Porygon2.exe|[spread] p1a,p1b\n|-resisted|p1b: Scar\n|-damage|p1a: Porygon2.exe|42/100\n|-damage|p1b: Scar|32/100\n|move|p1b: Scar|Knock Off|p2a: Torkoal\n|-damage|p2a: Torkoal|33/100\n|-enditem|p2a: Torkoal|Heat Rock|[from] move: Knock Off|[of] p1b: Scar\n|move|p1a: Porygon2.exe|Tera Blast|p2a: Torkoal\n|-damage|p2a: Torkoal|0 fnt\n|faint|p2a: Torkoal\n|move|p2b: Farigiraf|Hyper Voice|p1b: Scar|[spread] p1a,p1b\n|-damage|p1a: Porygon2.exe|16/100\n|-damage|p1b: Scar|0 fnt\n|faint|p1b: Scar\n|\n|-weather|SunnyDay|[upkeep]\n|upkeep\n|inactive|drapionelectivire has 120 seconds left.\n|\n|t:|1771192597\n|switch|p2a: Raging Bolt|Raging Bolt|100/100\n|switch|p1b: TerapagosHoennForm|Torkoal, L99, M|100/100\n|-activate|p2a: Raging Bolt|ability: Protosynthesis\n|-start|p2a: Raging Bolt|protosynthesisspa\n|turn|4\n|\n|t:|1771192604\n|move|p2a: Raging Bolt|Thunderclap|p1b: TerapagosHoennForm\n|-damage|p1b: TerapagosHoennForm|15/100\n|move|p1b: TerapagosHoennForm|Eruption|p2a: Raging Bolt|[spread] p2a,p2b\n|-resisted|p2a: Raging Bolt\n|-damage|p2a: Raging Bolt|96/100\n|-damage|p2b: Farigiraf|0 fnt\n|faint|p2b: Farigiraf\n|move|p1a: Porygon2.exe|Recover|p1a: Porygon2.exe\n|-heal|p1a: Porygon2.exe|66/100\n|\n|-weather|SunnyDay|[upkeep]\n|-heal|p2a: Raging Bolt|100/100|[from] item: Leftovers\n|upkeep\n|\n|t:|1771192614\n|switch|p2b: Walking Wake|Walking Wake|100/100\n|-activate|p2b: Walking Wake|ability: Protosynthesis\n|-start|p2b: Walking Wake|protosynthesisspe\n|turn|5\n|\n|t:|1771192631\n|move|p1b: TerapagosHoennForm|Heat Wave|p2b: Walking Wake|[spread] p2a,p2b\n|-resisted|p2a: Raging Bolt\n|-resisted|p2b: Walking Wake\n|-damage|p2a: Raging Bolt|84/100\n|-damage|p2b: Walking Wake|88/100\n|move|p1a: Porygon2.exe|Recover|p1a: Porygon2.exe\n|-heal|p1a: Porygon2.exe|100/100\n|move|p2a: Raging Bolt|Thunderbolt|p1a: Porygon2.exe\n|-damage|p1a: Porygon2.exe|48/100\n|move|p2b: Walking Wake|Hydro Steam|p1a: Porygon2.exe\n|-damage|p1a: Porygon2.exe|0 fnt\n|faint|p1a: Porygon2.exe\n|-damage|p2b: Walking Wake|78/100|[from] item: Life Orb\n|\n|-weather|SunnyDay|[upkeep]\n|-heal|p2a: Raging Bolt|91/100|[from] item: Leftovers\n|-fieldend|move: Trick Room\n|upkeep\n|\n|t:|1771192635\n|switch|p1a: Jumply|Jumpluff, F|100/100\n|turn|6\n|\n|t:|1771192664\n|move|p1a: Jumply|Sleep Powder|p2b: Walking Wake\n|-status|p2b: Walking Wake|slp|[from] move: Sleep Powder\n|cant|p2b: Walking Wake|slp\n|move|p2a: Raging Bolt|Thunderbolt|p1a: Jumply\n|-damage|p1a: Jumply|23/100\n|move|p1b: TerapagosHoennForm|Heat Wave|p2b: Walking Wake|[spread] p2b\n|-miss|p1b: TerapagosHoennForm|p2a: Raging Bolt\n|-resisted|p2b: Walking Wake\n|-damage|p2b: Walking Wake|67/100 slp\n|\n|-weather|SunnyDay|[upkeep]\n|-heal|p2a: Raging Bolt|97/100|[from] item: Leftovers\n|upkeep\n|turn|7\n|\n|t:|1771192683\n|switch|p1b: Malosa|Ursaluna, F|100/100\n|move|p2a: Raging Bolt|Thunderclap||[still]\n|-fail|p2a: Raging Bolt\n|move|p1a: Jumply|Sleep Powder|p2a: Raging Bolt\n|-status|p2a: Raging Bolt|slp|[from] move: Sleep Powder\n|-curestatus|p2b: Walking Wake|slp|[msg]\n|move|p2b: Walking Wake|Hydro Steam|p1a: Jumply\n|-resisted|p1a: Jumply\n|-damage|p1a: Jumply|0 fnt\n|faint|p1a: Jumply\n|-damage|p2b: Walking Wake|57/100|[from] item: Life Orb\n|\n|-weather|SunnyDay|[upkeep]\n|-heal|p2a: Raging Bolt|100/100 slp|[from] item: Leftovers\n|-status|p1b: Malosa|brn|[from] item: Flame Orb\n|upkeep\n|\n|t:|1771192693\n|switch|p1a: Nepobaby of GF|Charizard, F|100/100\n|turn|8\n|\n|t:|1771192719\n|switch|p1a: TerapagosHoennForm|Torkoal, L99, M|15/100\n|move|p2b: Walking Wake|Protect|p2b: Walking Wake\n|-singleturn|p2b: Walking Wake|Protect\n|cant|p2a: Raging Bolt|slp\n|move|p1b: Malosa|Facade|p2b: Walking Wake\n|-activate|p2b: Walking Wake|move: Protect\n|\n|-weather|SunnyDay|[upkeep]\n|-damage|p1b: Malosa|94/100 brn|[from] brn\n|upkeep\n|turn|9\n|\n|t:|1771192735\n|-terastallize|p1b: Malosa|Ghost\n|-curestatus|p2a: Raging Bolt|slp|[msg]\n|move|p2a: Raging Bolt|Thunderclap|p1a: TerapagosHoennForm\n|-damage|p1a: TerapagosHoennForm|0 fnt\n|faint|p1a: TerapagosHoennForm\n|move|p2b: Walking Wake|Hydro Steam|p1b: Malosa\n|-damage|p1b: Malosa|14/100 brn\n|-damage|p2b: Walking Wake|47/100|[from] item: Life Orb\n|move|p1b: Malosa|Earthquake|p2b: Walking Wake|[spread] p2a,p2b\n|-supereffective|p2a: Raging Bolt\n|-crit|p2a: Raging Bolt\n|-damage|p2a: Raging Bolt|0 fnt\n|-damage|p2b: Walking Wake|0 fnt\n|faint|p2a: Raging Bolt\n|-end|p2a: Raging Bolt|Protosynthesis|[silent]\n|faint|p2b: Walking Wake\n|-end|p2b: Walking Wake|Protosynthesis|[silent]\n|\n|-weather|none\n|-damage|p1b: Malosa|8/100 brn|[from] brn\n|upkeep\n|inactive|drapionelectivire has 120 seconds left.\n|\n|t:|1771192755\n|switch|p2b: Typhlosion|Typhlosion-Hisui, F|100/100\n|switch|p2a: Lilligant|Lilligant-Hisui, F, shiny|100/100\n|switch|p1a: Nepobaby of GF|Charizard, F|100/100\n|turn|10\n|\n|t:|1771192780\n|-terastallize|p2a: Lilligant|Water\n|move|p2b: Typhlosion|Heat Wave|p1a: Nepobaby of GF|[spread] p1a,p1b\n|-resisted|p1a: Nepobaby of GF\n|-damage|p1a: Nepobaby of GF|77/100\n|-damage|p1b: Malosa|0 fnt\n|faint|p1b: Malosa\n|move|p1a: Nepobaby of GF|Heat Wave|p2a: Lilligant|[spread] p2a\n|-miss|p1a: Nepobaby of GF|p2b: Typhlosion\n|-resisted|p2a: Lilligant\n|-crit|p2a: Lilligant\n|-damage|p2a: Lilligant|64/100\n|move|p2a: Lilligant|Sleep Powder|p1a: Nepobaby of GF\n|-status|p1a: Nepobaby of GF|slp|[from] move: Sleep Powder\n|\n|upkeep\n|turn|11\n|-message|Pablovela0510 forfeited.\n|\n|win|drapionelectivire\n|raw|Pablovela0510's rating: 1571 &rarr; <strong>1563</strong><br />(-8 for losing)\n|raw|drapionelectivire's rating: 1820 &rarr; <strong>1828</strong><br />(+8 for winning)\n|l|☆Pablovela0510\n|player|p1|\n|l|☆drapionelectivire\n|player|p2|\n", "uploadtime": 1771193084, "views": 10, "formatid": "gen9doublesou", "rating": 1563, "private": 0, "password": null}