{"id": "gen9doublesou-2540590248", "format": "[Gen 9] Doubles OU", "players": ["Rayred30", "uhikoo"], "log": "|j|☆Rayred30\n|j|☆uhikoo\n|t:|1771223046\n|gametype|doubles\n|player|p1|Rayred30|ghetsis-gen5bw|1614\n|player|p2|uhikoo|steven|1532\n|gen|9\n|tier|[Gen 9] Doubles OU\n|rated|\n|rule|HP Percentage Mod: HP is shown in percentages\n|rule|Endless Battle Clause: Forcing endless battles is banned\n|rule|Species Clause: Limit one of each Pokémon\n|rule|OHKO Clause: OHKO moves are banned\n|rule|Evasion Moves Clause: Evasion moves are banned\n|rule|Gravity Sleep Clause: The combination of sleep-inducing moves with imperfect accuracy and Gravity or Gigantamax Orbeetle are banned\n|rule|Evasion Abilities Clause: Evasion abilities are banned\n|clearpoke\n|poke|p1|Kingambit, M|\n|poke|p1|Incineroar, M|\n|poke|p1|Farigiraf, F|\n|poke|p1|Sinistcha-Masterpiece|\n|poke|p1|Rhyperior, M|\n|poke|p1|Volcanion|\n|poke|p2|Glimmora, M|\n|poke|p2|Gholdengo|\n|poke|p2|Gouging Fire|\n|poke|p2|Chien-Pao|\n|poke|p2|Ogerpon-Wellspring, F|\n|poke|p2|Dragonite, M|\n|teampreview\n|inactive|Battle timer is ON: inactive players will automatically lose when time's up. (requested by uhikoo)\n|inactive|Rayred30 also wants the timer to be on.\n|\n|t:|1771223070\n|teamsize|p1|6\n|teamsize|p2|6\n|start\n|switch|p1a: Farigiraf|Farigiraf, F, shiny|100/100\n|switch|p1b: Volcanion|Volcanion|100/100\n|switch|p2a: Glimmora|Glimmora, M, shiny|100/100\n|switch|p2b: Gholdengo|Gholdengo|100/100\n|turn|1\n|inactive|uhikoo has 120 seconds left.\n|\n|t:|1771223101\n|switch|p2b: Ogerpon|Ogerpon-Wellspring, F|100/100\n|move|p2a: Glimmora|Stealth Rock|p1b: Volcanion\n|-sidestart|p1: Rayred30|move: Stealth Rock\n|move|p1b: Volcanion|Earth Power|p2a: Glimmora\n|-supereffective|p2a: Glimmora\n|-enditem|p2a: Glimmora|Focus Sash\n|-damage|p2a: Glimmora|1/100\n|move|p1a: Farigiraf|Trick Room|p1a: Farigiraf\n|-fieldstart|move: Trick Room|[of] p1a: Farigiraf\n|\n|upkeep\n|turn|2\n|\n|t:|1771223121\n|-terastallize|p2b: Ogerpon|Water\n|detailschange|p2b: Ogerpon|Ogerpon-Wellspring-Tera, F, tera:Water\n|-ability|p2b: Ogerpon|Embody Aspect (Wellspring)|boost\n|-boost|p2b: Ogerpon|spd|1\n|move|p1a: Farigiraf|Hyper Voice|p2b: Ogerpon|[spread] p2a,p2b\n|-resisted|p2a: Glimmora\n|-damage|p2a: Glimmora|0 fnt\n|-damage|p2b: Ogerpon|82/100\n|faint|p2a: Glimmora\n|-enditem|p1a: Farigiraf|Throat Spray\n|-boost|p1a: Farigiraf|spa|1|[from] item: Throat Spray\n|move|p1b: Volcanion|Heat Wave|p2b: Ogerpon\n|-resisted|p2b: Ogerpon\n|-damage|p2b: Ogerpon|65/100\n|move|p2b: Ogerpon|Ivy Cudgel|p1b: Volcanion|[anim] Ivy Cudgel Water\n|-immune|p1b: Volcanion|[from] ability: Water Absorb\n|\n|upkeep\n|c|☆Rayred30|uh oh\n|inactive|uhikoo has 120 seconds left.\n|\n|t:|1771223145\n|switch|p2a: Chien-Pao|Chien-Pao|100/100\n|-ability|p2a: Chien-Pao|Sword of Ruin\n|turn|3\n|\n|t:|1771223153\n|move|p1a: Farigiraf|Protect|p1a: Farigiraf\n|-singleturn|p1a: Farigiraf|Protect\n|move|p1b: Volcanion|Heat Wave|p2b: Ogerpon|[spread] p2a,p2b\n|-supereffective|p2a: Chien-Pao\n|-resisted|p2b: Ogerpon\n|-enditem|p2a: Chien-Pao|Focus Sash\n|-damage|p2a: Chien-Pao|1/100\n|-damage|p2b: Ogerpon|51/100\n|move|p2b: Ogerpon|Horn Leech|p1b: Volcanion\n|-damage|p1b: Volcanion|58/100\n|-heal|p2b: Ogerpon|74/100|[from] drain|[of] p1b: Volcanion\n|move|p2a: Chien-Pao|Ice Spinner|p1a: Farigiraf\n|-activate|p1a: Farigiraf|move: Protect\n|\n|upkeep\n|turn|4\n|\n|t:|1771223173\n|move|p2a: Chien-Pao|Protect|p2a: Chien-Pao\n|-singleturn|p2a: Chien-Pao|Protect\n|move|p1a: Farigiraf|Hyper Voice|p2b: Ogerpon|[spread] p2b\n|-activate|p2a: Chien-Pao|move: Protect\n|-damage|p2b: Ogerpon|47/100\n|move|p1b: Volcanion|Sludge Bomb|p2b: Ogerpon\n|-damage|p2b: Ogerpon|23/100\n|move|p2b: Ogerpon|Ivy Cudgel|p1a: Farigiraf|[anim] Ivy Cudgel Water\n|-damage|p1a: Farigiraf|7/100\n|\n|upkeep\n|turn|5\n|c|☆Rayred30|sucker punch!\n|\n|t:|1771223201\n|switch|p2a: Dragonite|Dragonite, M|100/100\n|move|p2b: Ogerpon|Spiky Shield|p2b: Ogerpon\n|-singleturn|p2b: Ogerpon|move: Protect\n|move|p1a: Farigiraf|Hyper Voice|p2a: Dragonite|[spread] p2a\n|-activate|p2b: Ogerpon|move: Protect\n|-damage|p2a: Dragonite|75/100\n|move|p1b: Volcanion|Sludge Bomb|p2b: Ogerpon\n|-activate|p2b: Ogerpon|move: Protect\n|\n|-fieldend|move: Trick Room\n|upkeep\n|turn|6\n|\n|t:|1771223223\n|move|p1a: Farigiraf|Protect|p1a: Farigiraf\n|-singleturn|p1a: Farigiraf|Protect\n|move|p2b: Ogerpon|Horn Leech|p1b: Volcanion\n|-damage|p1b: Volcanion|28/100\n|-heal|p2b: Ogerpon|39/100|[from] drain|[of] p1b: Volcanion\n|move|p2a: Dragonite|Aerial Ace|p1a: Farigiraf\n|-activate|p1a: Farigiraf|move: Protect\n|move|p1b: Volcanion|Sludge Bomb|p2b: Ogerpon\n|-damage|p2b: Ogerpon|14/100\n|\n|upkeep\n|turn|7\n|\n|t:|1771223238\n|move|p2b: Ogerpon|Ivy Cudgel|p1a: Farigiraf|[anim] Ivy Cudgel Water\n|-crit|p1a: Farigiraf\n|-damage|p1a: Farigiraf|0 fnt\n|faint|p1a: Farigiraf\n|move|p2a: Dragonite|Stomping Tantrum|p1b: Volcanion\n|-supereffective|p1b: Volcanion\n|-damage|p1b: Volcanion|0 fnt\n|faint|p1b: Volcanion\n|\n|upkeep\n|\n|t:|1771223261\n|switch|p1b: Incineroar|Incineroar, M, shiny|100/100\n|switch|p1a: Sinistcha|Sinistcha-Masterpiece, shiny|100/100\n|-damage|p1a: Sinistcha|88/100|[from] Stealth Rock\n|-damage|p1b: Incineroar|76/100|[from] Stealth Rock\n|-ability|p1b: Incineroar|Intimidate|boost\n|-fail|p2a: Dragonite|unboost|Attack|[from] ability: Inner Focus|[of] p2a: Dragonite\n|-unboost|p2b: Ogerpon|atk|1\n|-heal|p1b: Incineroar|100/100|[from] ability: Hospitality|[of] p1a: Sinistcha\n|turn|8\n|\n|t:|1771223276\n|-terastallize|p1a: Sinistcha|Water\n|move|p2b: Ogerpon|Spiky Shield|p2b: Ogerpon\n|-singleturn|p2b: Ogerpon|move: Protect\n|move|p1b: Incineroar|Fake Out|p2b: Ogerpon\n|-activate|p2b: Ogerpon|move: Protect\n|-damage|p1b: Incineroar|88/100|[from] Spiky Shield|[of] p2b: Ogerpon\n|move|p2a: Dragonite|Aerial Ace|p1a: Sinistcha\n|-damage|p1a: Sinistcha|66/100\n|move|p1a: Sinistcha|Trick Room|p1a: Sinistcha\n|-fieldstart|move: Trick Room|[of] p1a: Sinistcha\n|\n|-heal|p1a: Sinistcha|72/100|[from] item: Leftovers\n|upkeep\n|turn|9\n|\n|t:|1771223305\n|switch|p2a: Gouging Fire|Gouging Fire|100/100\n|-enditem|p2a: Gouging Fire|Booster Energy\n|-activate|p2a: Gouging Fire|ability: Protosynthesis|[fromitem]\n|-start|p2a: Gouging Fire|protosynthesisspe\n|move|p1b: Incineroar|Knock Off|p2b: Ogerpon\n|-damage|p2b: Ogerpon|0 fnt\n|faint|p2b: Ogerpon\n|detailschange|p2: Ogerpon|Ogerpon-Wellspring, F|[silent]\n|move|p1a: Sinistcha|Calm Mind|p1a: Sinistcha\n|-boost|p1a: Sinistcha|spa|1\n|-boost|p1a: Sinistcha|spd|1\n|\n|-heal|p1a: Sinistcha|78/100|[from] item: Leftovers\n|upkeep\n|inactive|uhikoo has 120 seconds left.\n|\n|t:|1771223316\n|switch|p2b: Dragonite|Dragonite, M|75/100\n|turn|10\n|\n|t:|1771223325\n|move|p1b: Incineroar|Knock Off|p2b: Dragonite\n|-damage|p2b: Dragonite|25/100\n|-enditem|p2b: Dragonite|Assault Vest|[from] move: Knock Off|[of] p1b: Incineroar\n|move|p1a: Sinistcha|Matcha Gotcha|p2b: Dragonite|[spread] p2a,p2b\n|-resisted|p2a: Gouging Fire\n|-resisted|p2b: Dragonite\n|-damage|p2a: Gouging Fire|92/100\n|-heal|p1a: Sinistcha|83/100|[from] drain|[of] p2a: Gouging Fire\n|-damage|p2b: Dragonite|17/100\n|-heal|p1a: Sinistcha|87/100|[from] drain|[of] p2b: Dragonite\n|-status|p2b: Dragonite|brn\n|move|p2b: Dragonite|Aerial Ace|p1a: Sinistcha\n|-damage|p1a: Sinistcha|76/100\n|move|p2a: Gouging Fire|Howl|p2a: Gouging Fire|[spread] p2a,p2b\n|-boost|p2a: Gouging Fire|atk|1\n|-boost|p2b: Dragonite|atk|1\n|\n|-heal|p1a: Sinistcha|82/100|[from] item: Leftovers\n|-damage|p2b: Dragonite|11/100 brn|[from] brn\n|upkeep\n|turn|11\n|\n|t:|1771223349\n|move|p2b: Dragonite|Extreme Speed|p1a: Sinistcha\n|-damage|p1a: Sinistcha|67/100\n|move|p1b: Incineroar|Parting Shot|p2a: Gouging Fire\n|-unboost|p2a: Gouging Fire|atk|1\n|-unboost|p2a: Gouging Fire|spa|1\n|\n|t:|1771223357\n|switch|p1b: Rhyperior|Rhyperior, M, shiny|100/100|[from] Parting Shot\n|-damage|p1b: Rhyperior|94/100|[from] Stealth Rock\n|move|p1a: Sinistcha|Matcha Gotcha|p2b: Dragonite|[spread] p2a,p2b\n|-resisted|p2a: Gouging Fire\n|-crit|p2a: Gouging Fire\n|-resisted|p2b: Dragonite\n|-damage|p2a: Gouging Fire|79/100\n|-heal|p1a: Sinistcha|74/100|[from] drain|[of] p2a: Gouging Fire\n|-damage|p2b: Dragonite|2/100 brn\n|-heal|p1a: Sinistcha|78/100|[from] drain|[of] p2b: Dragonite\n|move|p2a: Gouging Fire|Breaking Swipe|p1b: Rhyperior|[spread] p1a,p1b\n|-damage|p1a: Sinistcha|64/100\n|-damage|p1b: Rhyperior|81/100\n|-unboost|p1a: Sinistcha|atk|1\n|-unboost|p1b: Rhyperior|atk|1\n|\n|-heal|p1a: Sinistcha|70/100|[from] item: Leftovers\n|-damage|p2b: Dragonite|0 fnt|[from] brn\n|faint|p2b: Dragonite\n|upkeep\n|inactive|uhikoo has 120 seconds left.\n|\n|t:|1771223394\n|switch|p2b: Chien-Pao|Chien-Pao|1/100\n|-ability|p2b: Chien-Pao|Sword of Ruin\n|turn|12\n|\n|t:|1771223401\n|move|p2b: Chien-Pao|Protect|p2b: Chien-Pao\n|-singleturn|p2b: Chien-Pao|Protect\n|move|p1b: Rhyperior|Rock Slide|p2b: Chien-Pao|[spread] p2a\n|-activate|p2b: Chien-Pao|move: Protect\n|-supereffective|p2a: Gouging Fire\n|-damage|p2a: Gouging Fire|32/100\n|move|p1a: Sinistcha|Matcha Gotcha|p2b: Chien-Pao|[spread] p2a\n|-activate|p2b: Chien-Pao|move: Protect\n|-resisted|p2a: Gouging Fire\n|-damage|p2a: Gouging Fire|23/100\n|-heal|p1a: Sinistcha|75/100|[from] drain|[of] p2a: Gouging Fire\n|move|p2a: Gouging Fire|Howl|p2a: Gouging Fire|[spread] p2a,p2b\n|-boost|p2a: Gouging Fire|atk|1\n|-boost|p2b: Chien-Pao|atk|1\n|\n|-heal|p1a: Sinistcha|81/100|[from] item: Leftovers\n|-fieldend|move: Trick Room\n|upkeep\n|turn|13\n|inactive|uhikoo has 120 seconds left.\n|\n|t:|1771223449\n|switch|p1b: Incineroar|Incineroar, M, shiny|88/100\n|-damage|p1b: Incineroar|63/100|[from] Stealth Rock\n|-ability|p1b: Incineroar|Intimidate|boost\n|-unboost|p2a: Gouging Fire|atk|1\n|-unboost|p2b: Chien-Pao|atk|1\n|move|p2a: Gouging Fire|Howl|p2a: Gouging Fire|[spread] p2a,p2b\n|-boost|p2a: Gouging Fire|atk|1\n|-boost|p2b: Chien-Pao|atk|1\n|move|p2b: Chien-Pao|Ice Spinner|p1b: Incineroar\n|-resisted|p1b: Incineroar\n|-damage|p1b: Incineroar|26/100\n|-enditem|p1b: Incineroar|Sitrus Berry|[eat]\n|-heal|p1b: Incineroar|50/100|[from] item: Sitrus Berry\n|move|p1a: Sinistcha|Trick Room|p1a: Sinistcha\n|-fieldstart|move: Trick Room|[of] p1a: Sinistcha\n|\n|-heal|p1a: Sinistcha|87/100|[from] item: Leftovers\n|upkeep\n|turn|14\n|inactive|uhikoo has 120 seconds left.\n|c|☆Rayred30|uh ohhh\n|\n|t:|1771223472\n|move|p2a: Gouging Fire|Burning Bulwark|p2a: Gouging Fire\n|-singleturn|p2a: Gouging Fire|move: Protect\n|move|p1b: Incineroar|Fake Out|p2a: Gouging Fire\n|-activate|p2a: Gouging Fire|move: Protect\n|move|p2b: Chien-Pao|Sucker Punch|p1a: Sinistcha\n|-damage|p1a: Sinistcha|43/100\n|move|p1a: Sinistcha|Matcha Gotcha|p2a: Gouging Fire|[spread] p2b\n|-activate|p2a: Gouging Fire|move: Protect\n|-damage|p2b: Chien-Pao|0 fnt\n|-heal|p1a: Sinistcha|43/100|[from] drain|[of] p2b: Chien-Pao\n|faint|p2b: Chien-Pao\n|\n|-heal|p1a: Sinistcha|49/100|[from] item: Leftovers\n|upkeep\n|\n|t:|1771223484\n|switch|p2b: Gholdengo|Gholdengo|100/100\n|turn|15\n|\n|t:|1771223493\n|move|p1b: Incineroar|Flare Blitz|p2b: Gholdengo\n|-supereffective|p2b: Gholdengo\n|-crit|p2b: Gholdengo\n|-damage|p2b: Gholdengo|0 fnt\n|faint|p2b: Gholdengo\n|-damage|p1b: Incineroar|23/100|[from] Recoil\n|move|p1a: Sinistcha|Matcha Gotcha|p2a: Gouging Fire\n|-resisted|p2a: Gouging Fire\n|-damage|p2a: Gouging Fire|13/100\n|-heal|p1a: Sinistcha|55/100|[from] drain|[of] p2a: Gouging Fire\n|move|p2a: Gouging Fire|Breaking Swipe|p1a: Sinistcha|[spread] p1a,p1b\n|-damage|p1a: Sinistcha|34/100\n|-damage|p1b: Incineroar|0 fnt\n|-unboost|p1a: Sinistcha|atk|1\n|faint|p1b: Incineroar\n|\n|-heal|p1a: Sinistcha|40/100|[from] item: Leftovers\n|upkeep\n|\n|t:|1771223497\n|switch|p1b: Rhyperior|Rhyperior, M, shiny|81/100\n|-damage|p1b: Rhyperior|75/100|[from] Stealth Rock\n|turn|16\n|c|☆Rayred30|uh oh\n|\n|t:|1771223508\n|move|p2a: Gouging Fire|Burning Bulwark|p2a: Gouging Fire\n|-singleturn|p2a: Gouging Fire|move: Protect\n|move|p1b: Rhyperior|High Horsepower|p2a: Gouging Fire\n|-activate|p2a: Gouging Fire|move: Protect\n|-status|p1b: Rhyperior|brn\n|move|p1a: Sinistcha|Matcha Gotcha|p2a: Gouging Fire\n|-activate|p2a: Gouging Fire|move: Protect\n|\n|-heal|p1a: Sinistcha|46/100|[from] item: Leftovers\n|-damage|p1b: Rhyperior|69/100 brn|[from] brn\n|upkeep\n|turn|17\n|\n|t:|1771223513\n|move|p2a: Gouging Fire|Burning Bulwark||[still]\n|-fail|p2a: Gouging Fire\n|move|p1b: Rhyperior|High Horsepower|p2a: Gouging Fire\n|-supereffective|p2a: Gouging Fire\n|-damage|p2a: Gouging Fire|0 fnt\n|faint|p2a: Gouging Fire\n|-end|p2a: Gouging Fire|Protosynthesis|[silent]\n|\n|win|Rayred30\n|raw|Rayred30's rating: 1614 &rarr; <strong>1629</strong><br />(+15 for winning)\n|raw|uhikoo's rating: 1532 &rarr; <strong>1517</strong><br />(-15 for losing)\n|n|!uhikoo|uhikoo\n|l|!uhikoo\n|player|p2|\n|l|☆Rayred30\n|player|p1|\n", "uploadtime": 1771223516, "views": 14, "formatid": "gen9doublesou", "rating": 1517, "private": 0, "password": null}