{"id": "gen9doublesou-2540567925", "format": "[Gen 9] Doubles OU", "players": ["FilthyCasual242", "vc_573"], "log": "|j|☆FilthyCasual242\n|j|☆vc_573\n|t:|1771219312\n|gametype|doubles\n|player|p1|FilthyCasual242|bellelba|1566\n|player|p2|vc_573|elesa|1521\n|gen|9\n|tier|[Gen 9] Doubles OU\n|rated|\n|rule|HP Percentage Mod: HP is shown in percentages\n|rule|Endless Battle Clause: Forcing endless battles is banned\n|rule|Species Clause: Limit one of each Pokémon\n|rule|OHKO Clause: OHKO moves are banned\n|rule|Evasion Moves Clause: Evasion moves are banned\n|rule|Gravity Sleep Clause: The combination of sleep-inducing moves with imperfect accuracy and Gravity or Gigantamax Orbeetle are banned\n|rule|Evasion Abilities Clause: Evasion abilities are banned\n|clearpoke\n|poke|p1|Gouging Fire|\n|poke|p1|Ting-Lu|\n|poke|p1|Rillaboom, M|\n|poke|p1|Glimmora, M|\n|poke|p1|Chien-Pao|\n|poke|p1|Dragonite, M|\n|poke|p2|Gholdengo|\n|poke|p2|Chien-Pao|\n|poke|p2|Iron Hands|\n|poke|p2|Tornadus, M|\n|poke|p2|Incineroar, M|\n|poke|p2|Raging Bolt|\n|teampreview\n|\n|t:|1771219328\n|teamsize|p1|6\n|teamsize|p2|6\n|start\n|switch|p1a: Glimmora|Glimmora, M|100/100\n|switch|p1b: Ting-Lu|Ting-Lu|100/100\n|switch|p2a: Chien-Pao|Chien-Pao|100/100\n|switch|p2b: Tornadus|Tornadus, M|100/100\n|-ability|p2a: Chien-Pao|Sword of Ruin\n|-ability|p1b: Ting-Lu|Vessel of Ruin\n|turn|1\n|\n|t:|1771219357\n|move|p2b: Tornadus|Taunt|p1a: Glimmora\n|-start|p1a: Glimmora|move: Taunt\n|move|p2a: Chien-Pao|Ice Spinner|p1b: Ting-Lu\n|-supereffective|p1b: Ting-Lu\n|-damage|p1b: Ting-Lu|55/100\n|cant|p1a: Glimmora|move: Taunt|Stealth Rock\n|move|p1b: Ting-Lu|Spikes|p2a: Chien-Pao\n|-sidestart|p2: vc_573|Spikes\n|\n|-heal|p1b: Ting-Lu|61/100|[from] item: Leftovers\n|upkeep\n|turn|2\n|\n|t:|1771219371\n|switch|p2a: Gholdengo|Gholdengo|100/100\n|-damage|p2a: Gholdengo|88/100|[from] Spikes\n|switch|p1b: Gouging Fire|Gouging Fire|100/100\n|-enditem|p1b: Gouging Fire|Booster Energy\n|-activate|p1b: Gouging Fire|ability: Protosynthesis|[fromitem]\n|-start|p1b: Gouging Fire|protosynthesisspe\n|move|p2b: Tornadus|Taunt|p1b: Gouging Fire\n|-start|p1b: Gouging Fire|move: Taunt\n|move|p1a: Glimmora|Power Gem|p2a: Gholdengo\n|-resisted|p2a: Gholdengo\n|-damage|p2a: Gholdengo|69/100\n|\n|upkeep\n|turn|3\n|inactive|Battle timer is ON: inactive players will automatically lose when time's up. (requested by FilthyCasual242)\n|\n|t:|1771219387\n|switch|p1a: Ting-Lu|Ting-Lu|61/100\n|-ability|p1a: Ting-Lu|Vessel of Ruin\n|-terastallize|p2a: Gholdengo|Fairy\n|move|p2b: Tornadus|Tailwind|p2b: Tornadus\n|-sidestart|p2: vc_573|move: Tailwind\n|move|p2a: Gholdengo|Nasty Plot|p2a: Gholdengo\n|-boost|p2a: Gholdengo|spa|2\n|move|p1b: Gouging Fire|Heat Crash|p2a: Gholdengo\n|-damage|p2a: Gholdengo|17/100\n|\n|-heal|p1a: Ting-Lu|68/100|[from] item: Leftovers\n|upkeep\n|turn|4\n|\n|t:|1771219404\n|move|p2b: Tornadus|Taunt|p1a: Ting-Lu\n|-hint|Since gen 7, Dark is immune to Prankster moves.\n|-immune|p1a: Ting-Lu\n|move|p2a: Gholdengo|Shadow Ball|p1b: Gouging Fire\n|-damage|p1b: Gouging Fire|18/100\n|-damage|p2a: Gholdengo|7/100|[from] item: Life Orb\n|move|p1b: Gouging Fire|Heat Crash|p2a: Gholdengo\n|-damage|p2a: Gholdengo|0 fnt\n|faint|p2a: Gholdengo\n|move|p1a: Ting-Lu|Spikes|p2b: Tornadus\n|-sidestart|p2: vc_573|Spikes\n|\n|-heal|p1a: Ting-Lu|74/100|[from] item: Leftovers\n|-end|p1b: Gouging Fire|move: Taunt\n|upkeep\n|\n|t:|1771219415\n|switch|p2a: Chien-Pao|Chien-Pao|100/100\n|-damage|p2a: Chien-Pao|84/100|[from] Spikes\n|-ability|p2a: Chien-Pao|Sword of Ruin\n|turn|5\n|\n|t:|1771219429\n|switch|p1a: Glimmora|Glimmora, M|100/100\n|move|p1b: Gouging Fire|Burning Bulwark|p1b: Gouging Fire\n|-singleturn|p1b: Gouging Fire|move: Protect\n|move|p2a: Chien-Pao|Ice Spinner|p1a: Glimmora\n|-damage|p1a: Glimmora|40/100\n|-activate|p1a: Glimmora|ability: Toxic Debris\n|-sidestart|p2: vc_573|move: Toxic Spikes\n|move|p2b: Tornadus|Bleakwind Storm|p1a: Glimmora|[spread] p1a\n|-activate|p1b: Gouging Fire|move: Protect\n|-resisted|p1a: Glimmora\n|-damage|p1a: Glimmora|19/100\n|\n|upkeep\n|turn|6\n|\n|t:|1771219457\n|move|p2a: Chien-Pao|Ice Spinner|p1b: Gouging Fire\n|-damage|p1b: Gouging Fire|0 fnt\n|faint|p1b: Gouging Fire\n|-end|p1b: Gouging Fire|Protosynthesis|[silent]\n|move|p2b: Tornadus|Bleakwind Storm|p1a: Glimmora|[miss]\n|-miss|p2b: Tornadus|p1a: Glimmora\n|move|p1a: Glimmora|Power Gem|p2a: Chien-Pao\n|-supereffective|p2a: Chien-Pao\n|-damage|p2a: Chien-Pao|0 fnt\n|faint|p2a: Chien-Pao\n|\n|-sideend|p2: vc_573|move: Tailwind\n|upkeep\n|\n|t:|1771219466\n|switch|p2a: Iron Hands|Iron Hands|100/100\n|switch|p1b: Ting-Lu|Ting-Lu|74/100\n|-damage|p2a: Iron Hands|84/100|[from] Spikes\n|-status|p2a: Iron Hands|psn\n|-ability|p1b: Ting-Lu|Vessel of Ruin\n|turn|7\n|\n|t:|1771219473\n|switch|p1b: Rillaboom|Rillaboom, M|100/100\n|-fieldstart|move: Grassy Terrain|[from] ability: Grassy Surge|[of] p1b: Rillaboom\n|move|p1a: Glimmora|Power Gem|p2a: Iron Hands\n|-resisted|p2a: Iron Hands\n|-damage|p2a: Iron Hands|72/100 psn\n|move|p2b: Tornadus|Bleakwind Storm|p1b: Rillaboom|[spread] p1b\n|-miss|p2b: Tornadus|p1a: Glimmora\n|-supereffective|p1b: Rillaboom\n|-damage|p1b: Rillaboom|52/100\n|move|p2a: Iron Hands|Drain Punch|p1b: Rillaboom\n|-damage|p1b: Rillaboom|13/100\n|-heal|p2a: Iron Hands|90/100 psn|[from] drain|[of] p1b: Rillaboom\n|\n|-heal|p1a: Glimmora|25/100|[from] Grassy Terrain\n|-heal|p1b: Rillaboom|19/100|[from] Grassy Terrain\n|-heal|p2a: Iron Hands|96/100 psn|[from] Grassy Terrain\n|-damage|p2a: Iron Hands|84/100 psn|[from] psn\n|upkeep\n|turn|8\n|\n|t:|1771219491\n|move|p1b: Rillaboom|Fake Out|p2b: Tornadus\n|-damage|p2b: Tornadus|87/100\n|move|p1a: Glimmora|Power Gem|p2b: Tornadus\n|-supereffective|p2b: Tornadus\n|-crit|p2b: Tornadus\n|-damage|p2b: Tornadus|0 fnt\n|faint|p2b: Tornadus\n|move|p2a: Iron Hands|Drain Punch|p1a: Glimmora\n|-damage|p1a: Glimmora|0 fnt\n|-heal|p2a: Iron Hands|92/100 psn|[from] drain|[of] p1a: Glimmora\n|-activate|p1a: Glimmora|ability: Toxic Debris\n|-sidestart|p2: vc_573|move: Toxic Spikes\n|faint|p1a: Glimmora\n|\n|-heal|p1b: Rillaboom|26/100|[from] Grassy Terrain\n|-heal|p2a: Iron Hands|98/100 psn|[from] Grassy Terrain\n|-damage|p2a: Iron Hands|86/100 psn|[from] psn\n|upkeep\n|\n|t:|1771219513\n|switch|p1a: Chien-Pao|Chien-Pao|100/100\n|switch|p2b: Raging Bolt|Raging Bolt|100/100\n|-ability|p1a: Chien-Pao|Sword of Ruin\n|-damage|p2b: Raging Bolt|84/100|[from] Spikes\n|-status|p2b: Raging Bolt|tox\n|turn|9\n|\n|t:|1771219523\n|-end|p2b: Raging Bolt|Protosynthesis|[silent]\n|switch|p2b: Incineroar|Incineroar, M|100/100\n|-damage|p2b: Incineroar|84/100|[from] Spikes\n|-status|p2b: Incineroar|tox\n|-ability|p2b: Incineroar|Intimidate|boost\n|-unboost|p1a: Chien-Pao|atk|1\n|-unboost|p1b: Rillaboom|atk|1\n|-terastallize|p1a: Chien-Pao|Ghost\n|move|p1a: Chien-Pao|Sacred Sword|p2a: Iron Hands\n|-damage|p2a: Iron Hands|65/100 psn\n|move|p1b: Rillaboom|Wood Hammer|p2a: Iron Hands\n|-damage|p2a: Iron Hands|10/100 psn\n|-damage|p1b: Rillaboom|5/100|[from] Recoil\n|move|p2a: Iron Hands|Drain Punch|p1a: Chien-Pao\n|-immune|p1a: Chien-Pao\n|\n|-heal|p1b: Rillaboom|11/100|[from] Grassy Terrain\n|-heal|p2b: Incineroar|90/100 tox|[from] Grassy Terrain\n|-heal|p2a: Iron Hands|17/100 psn|[from] Grassy Terrain\n|-damage|p2b: Incineroar|84/100 tox|[from] psn\n|-damage|p2a: Iron Hands|4/100 psn|[from] psn\n|upkeep\n|turn|10\n|\n|t:|1771219544\n|move|p1a: Chien-Pao|Protect|p1a: Chien-Pao\n|-singleturn|p1a: Chien-Pao|Protect\n|move|p1b: Rillaboom|U-turn|p2b: Incineroar\n|-damage|p2b: Incineroar|67/100 tox\n|\n|t:|1771219548\n|switch|p1b: Dragonite|Dragonite, M|100/100|[from] U-turn\n|move|p2b: Incineroar|Knock Off|p1a: Chien-Pao\n|-activate|p1a: Chien-Pao|move: Protect\n|move|p2a: Iron Hands|Drain Punch|p1b: Dragonite\n|-resisted|p1b: Dragonite\n|-damage|p1b: Dragonite|74/100\n|-heal|p2a: Iron Hands|15/100 psn|[from] drain|[of] p1b: Dragonite\n|\n|-heal|p2b: Incineroar|73/100 tox|[from] Grassy Terrain\n|-heal|p2a: Iron Hands|22/100 psn|[from] Grassy Terrain\n|-damage|p2b: Incineroar|61/100 tox|[from] psn\n|-damage|p2a: Iron Hands|9/100 psn|[from] psn\n|upkeep\n|turn|11\n|\n|t:|1771219562\n|move|p1b: Dragonite|Extreme Speed|p2b: Incineroar\n|-damage|p2b: Incineroar|17/100 tox\n|-enditem|p2b: Incineroar|Sitrus Berry|[eat]\n|-heal|p2b: Incineroar|42/100 tox|[from] item: Sitrus Berry\n|move|p1a: Chien-Pao|Sacred Sword|p2b: Incineroar\n|-supereffective|p2b: Incineroar\n|-damage|p2b: Incineroar|1/100 tox\n|move|p2b: Incineroar|Knock Off|p1a: Chien-Pao\n|-supereffective|p1a: Chien-Pao\n|-enditem|p1a: Chien-Pao|Focus Sash\n|-damage|p1a: Chien-Pao|1/100\n|move|p2a: Iron Hands|Ice Punch|p1b: Dragonite\n|-supereffective|p1b: Dragonite\n|-damage|p1b: Dragonite|0 fnt\n|faint|p1b: Dragonite\n|\n|-heal|p1a: Chien-Pao|7/100|[from] Grassy Terrain\n|-heal|p2b: Incineroar|7/100 tox|[from] Grassy Terrain\n|-heal|p2a: Iron Hands|15/100 psn|[from] Grassy Terrain\n|-damage|p2b: Incineroar|0 fnt|[from] psn\n|faint|p2b: Incineroar\n|-damage|p2a: Iron Hands|3/100 psn|[from] psn\n|-fieldend|move: Grassy Terrain\n|upkeep\n|\n|t:|1771219578\n|switch|p1b: Rillaboom|Rillaboom, M|11/100\n|switch|p2b: Raging Bolt|Raging Bolt|84/100 tox\n|-fieldstart|move: Grassy Terrain|[from] ability: Grassy Surge|[of] p1b: Rillaboom\n|-damage|p2b: Raging Bolt|67/100 tox|[from] Spikes\n|turn|12\n|\n|t:|1771219599\n|move|p1a: Chien-Pao|Protect|p1a: Chien-Pao\n|-singleturn|p1a: Chien-Pao|Protect\n|move|p1b: Rillaboom|Fake Out|p2a: Iron Hands\n|-damage|p2a: Iron Hands|0 fnt\n|faint|p2a: Iron Hands\n|-end|p2a: Iron Hands|Quark Drive|[silent]\n|move|p2b: Raging Bolt|Thunderclap||[still]\n|-fail|p2b: Raging Bolt\n|\n|-heal|p1a: Chien-Pao|13/100|[from] Grassy Terrain\n|-heal|p1b: Rillaboom|18/100|[from] Grassy Terrain\n|-heal|p2b: Raging Bolt|74/100 tox|[from] Grassy Terrain\n|-damage|p2b: Raging Bolt|67/100 tox|[from] psn\n|upkeep\n|turn|13\n|\n|t:|1771219608\n|move|p1b: Rillaboom|Grassy Glide|p2b: Raging Bolt\n|-resisted|p2b: Raging Bolt\n|-damage|p2b: Raging Bolt|46/100 tox\n|move|p2b: Raging Bolt|Thunderclap|p1a: Chien-Pao\n|-damage|p1a: Chien-Pao|0 fnt\n|faint|p1a: Chien-Pao\n|\n|-heal|p1b: Rillaboom|24/100|[from] Grassy Terrain\n|-heal|p2b: Raging Bolt|52/100 tox|[from] Grassy Terrain\n|-damage|p2b: Raging Bolt|40/100 tox|[from] psn\n|upkeep\n|\n|t:|1771219613\n|switch|p1a: Ting-Lu|Ting-Lu|74/100\n|-ability|p1a: Ting-Lu|Vessel of Ruin\n|turn|14\n|\n|t:|1771219618\n|move|p2b: Raging Bolt|Thunderclap|p1b: Rillaboom\n|-resisted|p1b: Rillaboom\n|-damage|p1b: Rillaboom|6/100\n|move|p1b: Rillaboom|Wood Hammer|p2b: Raging Bolt\n|-resisted|p2b: Raging Bolt\n|-damage|p2b: Raging Bolt|4/100 tox\n|-damage|p1b: Rillaboom|0 fnt|[from] Recoil\n|faint|p1b: Rillaboom\n|move|p1a: Ting-Lu|Stomping Tantrum|p2b: Raging Bolt\n|-supereffective|p2b: Raging Bolt\n|-damage|p2b: Raging Bolt|0 fnt\n|faint|p2b: Raging Bolt\n|-end|p2b: Raging Bolt|Protosynthesis|[silent]\n|\n|win|FilthyCasual242\n|raw|FilthyCasual242's rating: 1566 &rarr; <strong>1583</strong><br />(+17 for winning)\n|raw|vc_573's rating: 1521 &rarr; <strong>1504</strong><br />(-17 for losing)\n|l|☆FilthyCasual242\n|player|p1|\n|l|☆vc_573\n|player|p2|\n", "uploadtime": 1771219934, "views": 15, "formatid": "gen9doublesou", "rating": 1504, "private": 0, "password": null}