{"id": "gen9doublesou-2540379147", "format": "[Gen 9] Doubles OU", "players": ["tzk 332", "Lemecano"], "log": "|j|☆tzk 332\n|j|☆Lemecano\n|t:|1771194928\n|gametype|doubles\n|player|p1|tzk 332|266|1616\n|player|p2|Lemecano|170|1511\n|gen|9\n|tier|[Gen 9] Doubles OU\n|rated|\n|rule|HP Percentage Mod: HP is shown in percentages\n|rule|Endless Battle Clause: Forcing endless battles is banned\n|rule|Species Clause: Limit one of each Pokémon\n|rule|OHKO Clause: OHKO moves are banned\n|rule|Evasion Moves Clause: Evasion moves are banned\n|rule|Gravity Sleep Clause: The combination of sleep-inducing moves with imperfect accuracy and Gravity or Gigantamax Orbeetle are banned\n|rule|Evasion Abilities Clause: Evasion abilities are banned\n|clearpoke\n|poke|p1|Iron Hands|\n|poke|p1|Iron Crown|\n|poke|p1|Farigiraf, M|\n|poke|p1|Landorus, M|\n|poke|p1|Tornadus, M|\n|poke|p1|Pincurchin, F|\n|poke|p2|Regidrago|\n|poke|p2|Incineroar, F|\n|poke|p2|Clefable, M|\n|poke|p2|Ogerpon-Wellspring, F|\n|poke|p2|Raging Bolt|\n|poke|p2|Sneasler, M|\n|teampreview\n|inactive|Battle timer is ON: inactive players will automatically lose when time's up. (requested by Lemecano)\n|inactive|Lemecano has 120 seconds left.\n|\n|t:|1771194983\n|teamsize|p1|6\n|teamsize|p2|6\n|start\n|switch|p1a: Farigiraf|Farigiraf, M|100/100\n|switch|p1b: Iron Hands|Iron Hands|100/100\n|switch|p2a: Sneasler|Sneasler, M|100/100\n|switch|p2b: Ogerpon|Ogerpon-Wellspring, F|100/100\n|turn|1\n|\n|t:|1771194997\n|move|p2a: Sneasler|Dire Claw|p1a: Farigiraf\n|-damage|p1a: Farigiraf|59/100\n|-damage|p2a: Sneasler|91/100|[from] item: Life Orb\n|move|p2b: Ogerpon|Ivy Cudgel|p1a: Farigiraf|[anim] Ivy Cudgel Water\n|-crit|p1a: Farigiraf\n|-damage|p1a: Farigiraf|0 fnt\n|faint|p1a: Farigiraf\n|move|p1b: Iron Hands|Wild Charge|p2a: Sneasler\n|-damage|p2a: Sneasler|0 fnt\n|faint|p2a: Sneasler\n|-damage|p1b: Iron Hands|87/100|[from] Recoil\n|\n|upkeep\n|\n|t:|1771195014\n|switch|p2a: Incineroar|Incineroar, F|100/100\n|switch|p1a: Tornadus|Tornadus, M|100/100\n|-ability|p2a: Incineroar|Intimidate|boost\n|-unboost|p1a: Tornadus|atk|1\n|-fail|p1b: Iron Hands|unboost|[from] item: Clear Amulet|[of] p1b: Iron Hands\n|turn|2\n|\n|t:|1771195033\n|move|p1a: Tornadus|Protect|p1a: Tornadus\n|-singleturn|p1a: Tornadus|Protect\n|move|p1b: Iron Hands|Protect|p1b: Iron Hands\n|-singleturn|p1b: Iron Hands|Protect\n|move|p2b: Ogerpon|Ivy Cudgel|p1a: Tornadus|[anim] Ivy Cudgel Water\n|-activate|p1a: Tornadus|move: Protect\n|move|p2a: Incineroar|Flare Blitz|p1a: Tornadus\n|-activate|p1a: Tornadus|move: Protect\n|\n|upkeep\n|turn|3\n|\n|t:|1771195053\n|move|p1a: Tornadus|Tailwind|p1a: Tornadus\n|-sidestart|p1: tzk 332|move: Tailwind\n|move|p2b: Ogerpon|Ivy Cudgel|p1a: Tornadus|[anim] Ivy Cudgel Water\n|-damage|p1a: Tornadus|33/100\n|move|p1b: Iron Hands|Brick Break|p2a: Incineroar\n|-supereffective|p2a: Incineroar\n|-damage|p2a: Incineroar|18/100\n|move|p2a: Incineroar|Flare Blitz|p1a: Tornadus\n|-damage|p1a: Tornadus|0 fnt\n|faint|p1a: Tornadus\n|-damage|p2a: Incineroar|8/100|[from] Recoil\n|\n|upkeep\n|\n|t:|1771195074\n|switch|p1a: Landorus|Landorus, M|100/100\n|turn|4\n|inactive|Lemecano has 120 seconds left.\n|\n|t:|1771195124\n|-terastallize|p1a: Landorus|Electric\n|move|p1a: Landorus|Sandsear Storm|p2a: Incineroar|[spread] p2a,p2b\n|-supereffective|p2a: Incineroar\n|-resisted|p2b: Ogerpon\n|-damage|p2a: Incineroar|0 fnt\n|-damage|p2b: Ogerpon|69/100\n|faint|p2a: Incineroar\n|move|p2b: Ogerpon|Ivy Cudgel|p1b: Iron Hands|[anim] Ivy Cudgel Water\n|-damage|p1b: Iron Hands|55/100\n|move|p1b: Iron Hands|Wild Charge|p2b: Ogerpon\n|-crit|p2b: Ogerpon\n|-damage|p2b: Ogerpon|0 fnt\n|faint|p2b: Ogerpon\n|-damage|p1b: Iron Hands|43/100|[from] Recoil\n|\n|upkeep\n|inactive|Lemecano has 90 seconds left.\n|\n|t:|1771195145\n|switch|p2b: Clefable|Clefable, M|100/100\n|switch|p2a: Raging Bolt|Raging Bolt|100/100\n|-enditem|p2a: Raging Bolt|Booster Energy\n|-activate|p2a: Raging Bolt|ability: Protosynthesis|[fromitem]\n|-start|p2a: Raging Bolt|protosynthesisspa\n|turn|5\n|\n|t:|1771195159\n|move|p1a: Landorus|Sandsear Storm|p2a: Raging Bolt|[spread] \n|-miss|p1a: Landorus|p2a: Raging Bolt\n|-miss|p1a: Landorus|p2b: Clefable\n|move|p1b: Iron Hands|Wild Charge|p2b: Clefable\n|-damage|p2b: Clefable|47/100\n|-enditem|p2b: Clefable|Sitrus Berry|[eat]\n|-heal|p2b: Clefable|72/100|[from] item: Sitrus Berry\n|-damage|p1b: Iron Hands|33/100|[from] Recoil\n|move|p2a: Raging Bolt|Draco Meteor|p1a: Landorus\n|-damage|p1a: Landorus|0 fnt\n|-unboost|p2a: Raging Bolt|spa|2\n|faint|p1a: Landorus\n|move|p2b: Clefable|Moonblast|p1b: Iron Hands\n|-supereffective|p1b: Iron Hands\n|-damage|p1b: Iron Hands|0 fnt\n|faint|p1b: Iron Hands\n|-end|p1b: Iron Hands|Quark Drive|[silent]\n|\n|upkeep\n|\n|t:|1771195166\n|switch|p1a: Iron Crown|Iron Crown|100/100\n|switch|p1b: Pincurchin|Pincurchin, F|100/100\n|-fieldstart|move: Electric Terrain|[from] ability: Electric Surge|[of] p1b: Pincurchin\n|-activate|p1a: Iron Crown|ability: Quark Drive\n|-start|p1a: Iron Crown|quarkdrivespa\n|turn|6\n|inactive|Lemecano has 120 seconds left.\n|\n|t:|1771195193\n|move|p2b: Clefable|Protect|p2b: Clefable\n|-singleturn|p2b: Clefable|Protect\n|move|p1a: Iron Crown|Tachyon Cutter|p2b: Clefable\n|-activate|p2b: Clefable|move: Protect\n|move|p2a: Raging Bolt|Thunder Wave|p1a: Iron Crown|[miss]\n|-miss|p2a: Raging Bolt|p1a: Iron Crown\n|move|p1b: Pincurchin|Thunderbolt|p2b: Clefable\n|-activate|p2b: Clefable|move: Protect\n|\n|-sideend|p1: tzk 332|move: Tailwind\n|upkeep\n|turn|7\n|inactive|Lemecano has 120 seconds left.\n|\n|t:|1771195215\n|-terastallize|p2b: Clefable|Water\n|move|p1a: Iron Crown|Expanding Force|p2a: Raging Bolt\n|-damage|p2a: Raging Bolt|34/100\n|-damage|p1a: Iron Crown|91/100|[from] item: Life Orb\n|move|p2a: Raging Bolt|Thunder Wave|p1a: Iron Crown\n|-status|p1a: Iron Crown|par\n|move|p2b: Clefable|Moonblast|p1b: Pincurchin\n|-damage|p1b: Pincurchin|56/100\n|move|p1b: Pincurchin|Thunder Wave|p2b: Clefable\n|-status|p2b: Clefable|par\n|\n|upkeep\n|turn|8\n|inactive|Lemecano has 120 seconds left.\n|\n|t:|1771195239\n|move|p2b: Clefable|Protect|p2b: Clefable\n|-singleturn|p2b: Clefable|Protect\n|move|p2a: Raging Bolt|Draco Meteor|p1b: Pincurchin\n|-crit|p1b: Pincurchin\n|-damage|p1b: Pincurchin|0 fnt\n|-unboost|p2a: Raging Bolt|spa|2\n|faint|p1b: Pincurchin\n|move|p1a: Iron Crown|Expanding Force|p2a: Raging Bolt\n|-damage|p2a: Raging Bolt|0 fnt\n|faint|p2a: Raging Bolt\n|-end|p2a: Raging Bolt|Protosynthesis|[silent]\n|-damage|p1a: Iron Crown|81/100 par|[from] item: Life Orb\n|\n|upkeep\n|\n|t:|1771195248\n|switch|p2a: Regidrago|Regidrago|100/100\n|turn|9\n|\n|t:|1771195259\n|move|p2a: Regidrago|Earth Power|p1a: Iron Crown\n|-supereffective|p1a: Iron Crown\n|-damage|p1a: Iron Crown|26/100 par\n|cant|p1a: Iron Crown|par\n|cant|p2b: Clefable|par\n|\n|upkeep\n|turn|10\n|-message|tzk 332 forfeited.\n|\n|win|Lemecano\n|raw|tzk 332's rating: 1616 &rarr; <strong>1590</strong><br />(-26 for losing)\n|raw|Lemecano's rating: 1511 &rarr; <strong>1537</strong><br />(+26 for winning)\n|l|☆tzk 332\n|player|p1|\n|l|☆Lemecano\n|player|p2|\n", "uploadtime": 1771195571, "views": 11, "formatid": "gen9doublesou", "rating": 1537, "private": 0, "password": null}