{"id": "gen9doublesou-2540221535", "format": "[Gen 9] Doubles OU", "players": ["Lokart", "gil321"], "log": "|j|☆Lokart\n|j|☆gil321\n|t:|1771177458\n|gametype|doubles\n|player|p1|Lokart|2|1646\n|player|p2|gil321|rocketgrunt|1674\n|gen|9\n|tier|[Gen 9] Doubles OU\n|rated|\n|rule|HP Percentage Mod: HP is shown in percentages\n|rule|Endless Battle Clause: Forcing endless battles is banned\n|rule|Species Clause: Limit one of each Pokémon\n|rule|OHKO Clause: OHKO moves are banned\n|rule|Evasion Moves Clause: Evasion moves are banned\n|rule|Gravity Sleep Clause: The combination of sleep-inducing moves with imperfect accuracy and Gravity or Gigantamax Orbeetle are banned\n|rule|Evasion Abilities Clause: Evasion abilities are banned\n|clearpoke\n|poke|p1|Corviknight, M|\n|poke|p1|Cresselia, F|\n|poke|p1|Dragapult, F|\n|poke|p1|Weezing-Galar, M|\n|poke|p1|Incineroar, F|\n|poke|p1|Ursaluna-Bloodmoon, M|\n|poke|p2|Excadrill, M|\n|poke|p2|Chien-Pao|\n|poke|p2|Tyranitar, F|\n|poke|p2|Dragonite, M|\n|poke|p2|Sinistcha-Masterpiece|\n|poke|p2|Landorus, M|\n|teampreview\n|\n|t:|1771177472\n|teamsize|p1|6\n|teamsize|p2|6\n|start\n|switch|p1a: Dragapult|Dragapult, F|100/100\n|switch|p1b: Weezing|Weezing-Galar, M|100/100\n|switch|p2a: Vini Jr|Chien-Pao|100/100\n|switch|p2b: C. Ronaldo (C)|Dragonite, M|100/100\n|-ability|p1b: Weezing|Neutralizing Gas\n|turn|1\n|\n|t:|1771177495\n|-terastallize|p1a: Dragapult|Dragon\n|-terastallize|p2b: C. Ronaldo (C)|Normal\n|move|p2a: Vini Jr|Protect|p2a: Vini Jr\n|-singleturn|p2a: Vini Jr|Protect\n|move|p1a: Dragapult|Dragon Darts|p2b: C. Ronaldo (C)\n|-damage|p2b: C. Ronaldo (C)|54/100\n|-anim|p1a: Dragapult|Dragon Darts|p2b: C. Ronaldo (C)\n|-damage|p2b: C. Ronaldo (C)|9/100\n|move|p1b: Weezing|Dazzling Gleam|p2b: C. Ronaldo (C)|[spread] p2b\n|-activate|p2a: Vini Jr|move: Protect\n|-damage|p2b: C. Ronaldo (C)|0 fnt\n|faint|p2b: C. Ronaldo (C)\n|\n|upkeep\n|\n|t:|1771177507\n|switch|p2b: Depay|Landorus, M|100/100\n|turn|2\n|\n|t:|1771177515\n|-end|p1b: Weezing|ability: Neutralizing Gas\n|-ability|p2a: Vini Jr|Sword of Ruin\n|switch|p1b: Cresselia|Cresselia, F|100/100\n|move|p1a: Dragapult|Dragon Darts|p2a: Vini Jr\n|-damage|p2a: Vini Jr|34/100\n|-anim|p1a: Dragapult|Dragon Darts|p2b: Depay\n|-damage|p2b: Depay|26/100\n|move|p2a: Vini Jr|Ice Spinner|p1a: Dragapult\n|-supereffective|p1a: Dragapult\n|-damage|p1a: Dragapult|0 fnt\n|faint|p1a: Dragapult\n|move|p2b: Depay|Sandsear Storm|p1b: Cresselia\n|-immune|p1b: Cresselia|[from] ability: Levitate\n|\n|upkeep\n|\n|t:|1771177530\n|switch|p1a: Corviknight|Corviknight, M, shiny|100/100\n|turn|3\n|\n|t:|1771177541\n|switch|p2b: De Bruyne|Sinistcha-Masterpiece|100/100\n|-heal|p2a: Vini Jr|58/100|[from] ability: Hospitality|[of] p2b: De Bruyne\n|move|p2a: Vini Jr|Night Slash|p1b: Cresselia\n|-supereffective|p1b: Cresselia\n|-damage|p1b: Cresselia|34/100\n|move|p1a: Corviknight|Iron Defense|p1a: Corviknight\n|-boost|p1a: Corviknight|def|2\n|move|p1b: Cresselia|Trick Room|p1b: Cresselia\n|-fieldstart|move: Trick Room|[of] p1b: Cresselia\n|\n|upkeep\n|turn|4\n|inactive|Battle timer is ON: inactive players will automatically lose when time's up. (requested by gil321)\n|l|☆gil321\n|inactive|gil321 disconnected and has a minute to reconnect!\n|player|p2|\n|inactive|Lokart has 120 seconds left.\n|inactive|Lokart has 90 seconds left.\n|inactive|Lokart has 60 seconds left.\n|inactive|Lokart has 30 seconds left.\n|inactive|Lokart has 20 seconds left.\n|\n|t:|1771177724\n|move|p2a: Vini Jr|Protect|p2a: Vini Jr\n|-singleturn|p2a: Vini Jr|Protect\n|move|p2b: De Bruyne|Scald|p1a: Corviknight\n|-damage|p1a: Corviknight|84/100\n|-status|p1a: Corviknight|brn\n|move|p1a: Corviknight|Body Press|p2a: Vini Jr\n|-activate|p2a: Vini Jr|move: Protect\n|move|p1b: Cresselia|Psychic|p2b: De Bruyne\n|-damage|p2b: De Bruyne|86/100\n|\n|-heal|p1a: Corviknight|90/100 brn|[from] item: Leftovers\n|-damage|p1a: Corviknight|84/100 brn|[from] brn\n|upkeep\n|turn|5\n|inactive|Lokart has 90 seconds left.\n|inactive|gil321 has 30 seconds to reconnect!\n|inactive|gil321 has 20 seconds to reconnect!\n|inactive|gil321 has 15 seconds to reconnect!\n|-message|Lokart forfeited.\n|\n|win|gil321\n|raw|Lokart's rating: 1646 &rarr; <strong>1628</strong><br />(-18 for losing)\n|raw|gil321's rating: 1674 &rarr; <strong>1692</strong><br />(+18 for winning)\n|l|☆Lokart\n|player|p1|\n", "uploadtime": 1771178088, "views": 12, "formatid": "gen9doublesou", "rating": 1628, "private": 0, "password": null}