{"id": "gen9doublesou-2540260932", "format": "[Gen 9] Doubles OU", "players": ["spirit rider1456", "hayker"], "log": "|j|☆spirit rider1456\n|j|☆hayker\n|t:|1771181929\n|gametype|doubles\n|player|p1|spirit rider1456|265|1496\n|player|p2|hayker|169|1595\n|gen|9\n|tier|[Gen 9] Doubles OU\n|rated|\n|rule|HP Percentage Mod: HP is shown in percentages\n|rule|Endless Battle Clause: Forcing endless battles is banned\n|rule|Species Clause: Limit one of each Pokémon\n|rule|OHKO Clause: OHKO moves are banned\n|rule|Evasion Moves Clause: Evasion moves are banned\n|rule|Gravity Sleep Clause: The combination of sleep-inducing moves with imperfect accuracy and Gravity or Gigantamax Orbeetle are banned\n|rule|Evasion Abilities Clause: Evasion abilities are banned\n|clearpoke\n|poke|p1|Diancie|\n|poke|p1|Armarouge, M|\n|poke|p1|Lilligant-Hisui, F|\n|poke|p1|Torkoal, F|\n|poke|p1|Indeedee-F, F|\n|poke|p1|Primarina, M|\n|poke|p2|Ogerpon-Wellspring, F|\n|poke|p2|Pelipper, M|\n|poke|p2|Raging Bolt|\n|poke|p2|Landorus, M|\n|poke|p2|Arcanine-Hisui, M|\n|poke|p2|Walking Wake|\n|teampreview\n|\n|t:|1771181944\n|teamsize|p1|6\n|teamsize|p2|6\n|start\n|switch|p1a: Lilligant|Lilligant-Hisui, F|100/100\n|switch|p1b: Armarouge|Armarouge, M|100/100\n|switch|p2a: Landorus|Landorus, M|100/100\n|switch|p2b: Arcanine|Arcanine-Hisui, M|100/100\n|-ability|p2b: Arcanine|Intimidate|boost\n|-unboost|p1a: Lilligant|atk|1\n|-unboost|p1b: Armarouge|atk|1\n|turn|1\n|inactive|Battle timer is ON: inactive players will automatically lose when time's up. (requested by hayker)\n|\n|t:|1771181973\n|move|p2b: Arcanine|Rock Slide|p1b: Armarouge|[spread] p1b\n|-miss|p2b: Arcanine|p1a: Lilligant\n|-supereffective|p1b: Armarouge\n|-crit|p1b: Armarouge\n|-damage|p1b: Armarouge|28/100\n|move|p1a: Lilligant|Triple Axel|p2a: Landorus\n|-supereffective|p2a: Landorus\n|-damage|p2a: Landorus|79/100\n|-supereffective|p2a: Landorus\n|-damage|p2a: Landorus|39/100\n|-supereffective|p2a: Landorus\n|-damage|p2a: Landorus|0 fnt\n|faint|p2a: Landorus\n|-hitcount|p2: Landorus|3\n|cant|p1b: Armarouge|flinch\n|\n|upkeep\n|\n|t:|1771181993\n|switch|p2a: Pelipper|Pelipper, M|100/100\n|-weather|RainDance|[from] ability: Drizzle|[of] p2a: Pelipper\n|turn|2\n|\n|t:|1771182001\n|switch|p1b: Torkoal|Torkoal, F|100/100\n|-weather|SunnyDay|[from] ability: Drought|[of] p1b: Torkoal\n|move|p1a: Lilligant|Close Combat|p2b: Arcanine\n|-supereffective|p2b: Arcanine\n|-damage|p2b: Arcanine|7/100\n|-unboost|p1a: Lilligant|def|1\n|-unboost|p1a: Lilligant|spd|1\n|move|p2b: Arcanine|Rock Slide|p1b: Torkoal|[spread] p1a,p1b\n|-resisted|p1a: Lilligant\n|-supereffective|p1b: Torkoal\n|-damage|p1a: Lilligant|68/100\n|-damage|p1b: Torkoal|57/100\n|move|p2a: Pelipper|Hurricane|p1a: Lilligant|[miss]\n|-miss|p2a: Pelipper|p1a: Lilligant\n|\n|-weather|SunnyDay|[upkeep]\n|upkeep\n|turn|3\n|\n|t:|1771182030\n|switch|p2a: Raging Bolt|Raging Bolt|100/100\n|-activate|p2a: Raging Bolt|ability: Protosynthesis\n|-start|p2a: Raging Bolt|protosynthesisspa\n|switch|p1b: Indeedee|Indeedee-F, F|100/100\n|-fieldstart|move: Psychic Terrain|[from] ability: Psychic Surge|[of] p1b: Indeedee\n|move|p1a: Lilligant|Triple Axel|p2b: Arcanine\n|-resisted|p2b: Arcanine\n|-damage|p2b: Arcanine|5/100\n|-resisted|p2b: Arcanine\n|-damage|p2b: Arcanine|0 fnt\n|faint|p2b: Arcanine\n|-hitcount|p2: Arcanine|2\n|\n|-weather|SunnyDay|[upkeep]\n|upkeep\n|inactive|hayker has 120 seconds left.\n|\n|t:|1771182046\n|switch|p2b: Walking Wake|Walking Wake|100/100\n|-activate|p2b: Walking Wake|ability: Protosynthesis\n|-start|p2b: Walking Wake|protosynthesisspa\n|turn|4\n|\n|t:|1771182063\n|switch|p1a: Armarouge|Armarouge, M|28/100\n|move|p2b: Walking Wake|Hydro Steam|p1a: Armarouge\n|-supereffective|p1a: Armarouge\n|-damage|p1a: Armarouge|0 fnt\n|faint|p1a: Armarouge\n|move|p2a: Raging Bolt|Snarl|p1b: Indeedee\n|-supereffective|p1b: Indeedee\n|-damage|p1b: Indeedee|56/100\n|-unboost|p1b: Indeedee|spa|1\n|move|p1b: Indeedee|Trick Room|p1b: Indeedee\n|-fieldstart|move: Trick Room|[of] p1b: Indeedee\n|\n|-weather|SunnyDay|[upkeep]\n|upkeep\n|\n|t:|1771182077\n|switch|p1a: Diancie|Diancie|100/100\n|turn|5\n|\n|t:|1771182100\n|-terastallize|p1a: Diancie|Grass\n|move|p1b: Indeedee|Follow Me|p1b: Indeedee\n|-singleturn|p1b: Indeedee|move: Follow Me\n|move|p1a: Diancie|Diamond Storm|p2a: Raging Bolt|[spread] p2a,p2b\n|-damage|p2a: Raging Bolt|75/100\n|-damage|p2b: Walking Wake|63/100\n|-boost|p1a: Diancie|def|2\n|move|p2a: Raging Bolt|Electroweb|p1b: Indeedee|[spread] p1a,p1b\n|-resisted|p1a: Diancie\n|-crit|p1a: Diancie\n|-crit|p1b: Indeedee\n|-damage|p1a: Diancie|77/100\n|-damage|p1b: Indeedee|16/100\n|-unboost|p1b: Indeedee|spe|1\n|move|p2b: Walking Wake|Hydro Steam|p1b: Indeedee\n|-damage|p1b: Indeedee|0 fnt\n|faint|p1b: Indeedee\n|\n|-weather|SunnyDay|[upkeep]\n|upkeep\n|inactive|spirit rider1456 has 120 seconds left.\n|\n|t:|1771182116\n|switch|p1b: Primarina|Primarina, M|100/100\n|turn|6\n|\n|t:|1771182127\n|-terastallize|p2b: Walking Wake|Water\n|move|p1a: Diancie|Body Press|p2b: Walking Wake\n|-damage|p2b: Walking Wake|0 fnt\n|faint|p2b: Walking Wake\n|-end|p2b: Walking Wake|Protosynthesis|[silent]\n|move|p1b: Primarina|Moonblast|p2a: Raging Bolt\n|-supereffective|p2a: Raging Bolt\n|-damage|p2a: Raging Bolt|17/100\n|move|p2a: Raging Bolt|Electroweb|p1b: Primarina|[spread] p1a,p1b\n|-resisted|p1a: Diancie\n|-supereffective|p1b: Primarina\n|-damage|p1a: Diancie|60/100\n|-damage|p1b: Primarina|46/100\n|-unboost|p1b: Primarina|spe|1\n|\n|-weather|none\n|-end|p2a: Raging Bolt|Protosynthesis\n|upkeep\n|\n|t:|1771182141\n|switch|p2b: Pelipper|Pelipper, M|100/100\n|-weather|RainDance|[from] ability: Drizzle|[of] p2b: Pelipper\n|turn|7\n|\n|t:|1771182147\n|move|p2b: Pelipper|Wide Guard|p2b: Pelipper\n|-singleturn|p2b: Pelipper|Wide Guard\n|move|p1a: Diancie|Diamond Storm|p2b: Pelipper|[spread] \n|-activate|p2a: Raging Bolt|move: Wide Guard\n|-activate|p2b: Pelipper|move: Wide Guard\n|move|p1b: Primarina|Hyper Voice|p2b: Pelipper|[spread] \n|-activate|p2a: Raging Bolt|move: Wide Guard\n|-activate|p2b: Pelipper|move: Wide Guard\n|move|p2a: Raging Bolt|Electroweb|p1a: Diancie|[spread] p1a,p1b\n|-resisted|p1a: Diancie\n|-supereffective|p1b: Primarina\n|-damage|p1a: Diancie|48/100\n|-damage|p1b: Primarina|3/100\n|-unboost|p1b: Primarina|spe|1\n|-enditem|p1a: Diancie|Sitrus Berry|[eat]\n|-heal|p1a: Diancie|73/100|[from] item: Sitrus Berry\n|\n|-weather|RainDance|[upkeep]\n|-fieldend|move: Psychic Terrain\n|upkeep\n|turn|8\n|inactive|hayker has 120 seconds left.\n|\n|t:|1771182181\n|switch|p1b: Torkoal|Torkoal, F|57/100\n|-weather|SunnyDay|[from] ability: Drought|[of] p1b: Torkoal\n|-activate|p2a: Raging Bolt|ability: Protosynthesis\n|-start|p2a: Raging Bolt|protosynthesisspa\n|switch|p2b: Ogerpon|Ogerpon-Wellspring, F|100/100\n|move|p2a: Raging Bolt|Thunderclap||[still]\n|-fail|p2a: Raging Bolt\n|move|p1a: Diancie|Body Press|p2a: Raging Bolt\n|-damage|p2a: Raging Bolt|0 fnt\n|faint|p2a: Raging Bolt\n|-end|p2a: Raging Bolt|Protosynthesis|[silent]\n|\n|-weather|SunnyDay|[upkeep]\n|-fieldend|move: Trick Room\n|upkeep\n|inactive|hayker has 120 seconds left.\n|\n|t:|1771182194\n|switch|p2a: Pelipper|Pelipper, M|100/100\n|-weather|RainDance|[from] ability: Drizzle|[of] p2a: Pelipper\n|turn|9\n|\n|t:|1771182207\n|switch|p1b: Primarina|Primarina, M|3/100\n|move|p1a: Diancie|Protect|p1a: Diancie\n|-singleturn|p1a: Diancie|Protect\n|move|p2b: Ogerpon|Ivy Cudgel|p1a: Diancie|[anim] Ivy Cudgel Water\n|-activate|p1a: Diancie|move: Protect\n|move|p2a: Pelipper|Surf|p1a: Diancie|[spread] p1b\n|-activate|p1a: Diancie|move: Protect\n|-immune|p2b: Ogerpon|[from] ability: Water Absorb\n|-resisted|p1b: Primarina\n|-damage|p1b: Primarina|0 fnt\n|faint|p1b: Primarina\n|\n|-weather|RainDance|[upkeep]\n|upkeep\n|\n|t:|1771182223\n|switch|p1b: Torkoal|Torkoal, F|57/100\n|-weather|SunnyDay|[from] ability: Drought|[of] p1b: Torkoal\n|turn|10\n|\n|t:|1771182236\n|move|p1b: Torkoal|Protect|p1b: Torkoal\n|-singleturn|p1b: Torkoal|Protect\n|move|p2b: Ogerpon|Horn Leech|p1a: Diancie\n|-resisted|p1a: Diancie\n|-damage|p1a: Diancie|64/100\n|move|p2a: Pelipper|Surf|p1a: Diancie|[spread] p1a\n|-activate|p1b: Torkoal|move: Protect\n|-immune|p2b: Ogerpon|[from] ability: Water Absorb\n|-resisted|p1a: Diancie\n|-damage|p1a: Diancie|53/100\n|move|p1a: Diancie|Trick Room|p1a: Diancie\n|-fieldstart|move: Trick Room|[of] p1a: Diancie\n|\n|-weather|SunnyDay|[upkeep]\n|upkeep\n|turn|11\n|\n|t:|1771182261\n|move|p1b: Torkoal|Heat Wave|p2a: Pelipper|[spread] p2a,p2b\n|-resisted|p2a: Pelipper\n|-damage|p2a: Pelipper|52/100\n|-damage|p2b: Ogerpon|31/100\n|move|p1a: Diancie|Body Press|p2b: Ogerpon\n|-damage|p2b: Ogerpon|0 fnt\n|faint|p2b: Ogerpon\n|move|p2a: Pelipper|Surf|p1a: Diancie|[spread] p1a,p1b\n|-resisted|p1a: Diancie\n|-supereffective|p1b: Torkoal\n|-damage|p1a: Diancie|42/100\n|-damage|p1b: Torkoal|4/100\n|\n|-weather|SunnyDay|[upkeep]\n|upkeep\n|turn|12\n|-message|hayker forfeited.\n|\n|win|spirit rider1456\n|raw|spirit rider1456's rating: 1496 &rarr; <strong>1522</strong><br />(+26 for winning)\n|raw|hayker's rating: 1595 &rarr; <strong>1569</strong><br />(-26 for losing)\n|l|☆spirit rider1456\n|player|p1|\n|l|☆hayker\n|player|p2|\n", "uploadtime": 1771182589, "views": 12, "formatid": "gen9doublesou", "rating": 1522, "private": 0, "password": null}