{"id": "gen9doublesou-2540072074", "format": "[Gen 9] Doubles OU", "players": ["Lokart", "inakunana"], "log": "|badge|p2|bronze|gen9doublesou|100-8\n|uhtml|medal-msg|<div class=\"broadcast-blue\">Curious what those medals under the avatar are? PS now has Ladder Seasons! For more information, check out the <a href=\"https://www.smogon.com/forums/threads/3740067/\">thread on Smogon.</a></div>\n|j|☆Lokart\n|j|☆inakunana\n|t:|1771156834\n|gametype|doubles\n|player|p1|Lokart|266|1614\n|player|p2|inakunana|erika|1801\n|gen|9\n|tier|[Gen 9] Doubles OU\n|rated|\n|rule|HP Percentage Mod: HP is shown in percentages\n|rule|Endless Battle Clause: Forcing endless battles is banned\n|rule|Species Clause: Limit one of each Pokémon\n|rule|OHKO Clause: OHKO moves are banned\n|rule|Evasion Moves Clause: Evasion moves are banned\n|rule|Gravity Sleep Clause: The combination of sleep-inducing moves with imperfect accuracy and Gravity or Gigantamax Orbeetle are banned\n|rule|Evasion Abilities Clause: Evasion abilities are banned\n|clearpoke\n|poke|p1|Corviknight, M|\n|poke|p1|Cresselia, F|\n|poke|p1|Dragapult, F|\n|poke|p1|Weezing-Galar, M|\n|poke|p1|Incineroar, M|\n|poke|p1|Ursaluna-Bloodmoon, M|\n|poke|p2|Moltres-Galar|\n|poke|p2|Sinistcha|\n|poke|p2|Ursaluna, F|\n|poke|p2|Incineroar, F|\n|poke|p2|Roaring Moon|\n|poke|p2|Gholdengo|\n|teampreview\n|inactive|Battle timer is ON: inactive players will automatically lose when time's up. (requested by inakunana)\n|\n|t:|1771156860\n|teamsize|p1|6\n|teamsize|p2|6\n|start\n|switch|p1a: Incineroar|Incineroar, M|100/100\n|switch|p1b: Dragapult|Dragapult, F|100/100\n|switch|p2a: Moltres|Moltres-Galar|100/100\n|switch|p2b: Incineroar|Incineroar, F|100/100\n|-ability|p2b: Incineroar|Intimidate|boost\n|-unboost|p1a: Incineroar|atk|1\n|-fail|p1b: Dragapult|unboost|[from] ability: Clear Body|[of] p1b: Dragapult\n|-ability|p1a: Incineroar|Intimidate|boost\n|-unboost|p2a: Moltres|atk|1\n|-unboost|p2b: Incineroar|atk|1\n|turn|1\n|\n|t:|1771156877\n|move|p2a: Moltres|Protect|p2a: Moltres\n|-singleturn|p2a: Moltres|Protect\n|move|p1a: Incineroar|Fake Out|p2b: Incineroar\n|-damage|p2b: Incineroar|91/100\n|move|p1b: Dragapult|U-turn|p2b: Incineroar\n|-damage|p2b: Incineroar|61/100\n|\n|t:|1771156885\n|switch|p1b: Weezing|Weezing-Galar, M|100/100|[from] U-turn\n|-ability|p1b: Weezing|Neutralizing Gas\n|cant|p2b: Incineroar|flinch\n|\n|upkeep\n|turn|2\n|\n|t:|1771156898\n|switch|p2a: Gholdengo|Gholdengo|100/100\n|move|p2b: Incineroar|Parting Shot|p1a: Incineroar\n|-unboost|p1a: Incineroar|atk|1\n|-unboost|p1a: Incineroar|spa|1\n|\n|t:|1771156907\n|switch|p2b: Sinistcha|Sinistcha|100/100|[from] Parting Shot\n|move|p1a: Incineroar|Flare Blitz|p2a: Gholdengo\n|-supereffective|p2a: Gholdengo\n|-damage|p2a: Gholdengo|39/100\n|-damage|p1a: Incineroar|83/100|[from] Recoil\n|move|p1b: Weezing|Haze|p1b: Weezing\n|-clearallboost\n|\n|upkeep\n|turn|3\n|inactive|Lokart has 120 seconds left.\n|\n|t:|1771156941\n|move|p2a: Gholdengo|Trick|p1a: Incineroar\n|-activate|p2a: Gholdengo|move: Trick|[of] p1a: Incineroar\n|-item|p1a: Incineroar|Choice Specs|[from] move: Trick\n|-item|p2a: Gholdengo|Assault Vest|[from] move: Trick\n|move|p2b: Sinistcha|Life Dew||[still]|[spread] p2a,p2b\n|-heal|p2a: Gholdengo|64/100\n|-fail|p2b: Sinistcha|heal\n|move|p1a: Incineroar|Flare Blitz|p2a: Gholdengo\n|-supereffective|p2a: Gholdengo\n|-damage|p2a: Gholdengo|0 fnt\n|faint|p2a: Gholdengo\n|-damage|p1a: Incineroar|66/100|[from] Recoil\n|move|p1b: Weezing|Taunt|p2b: Sinistcha\n|-start|p2b: Sinistcha|move: Taunt\n|\n|upkeep\n|\n|t:|1771156958\n|switch|p2a: Ursaluna|Ursaluna, F|100/100\n|turn|4\n|\n|t:|1771156978\n|switch|p2b: Roaring Moon|Roaring Moon|100/100\n|switch|p1a: Cresselia|Cresselia, F|100/100\n|-end|p1b: Weezing|ability: Neutralizing Gas\n|switch|p1b: Corviknight|Corviknight, M, shiny|100/100\n|-enditem|p2b: Roaring Moon|Booster Energy\n|-activate|p2b: Roaring Moon|ability: Protosynthesis|[fromitem]\n|-start|p2b: Roaring Moon|protosynthesisspe\n|move|p2a: Ursaluna|Protect||[still]\n|-fail|p2a: Ursaluna\n|\n|-status|p2a: Ursaluna|brn|[from] item: Flame Orb\n|upkeep\n|turn|5\n|\n|t:|1771156995\n|switch|p1a: Incineroar|Incineroar, M|66/100\n|-ability|p1a: Incineroar|Intimidate|boost\n|-unboost|p2a: Ursaluna|atk|1\n|-unboost|p2b: Roaring Moon|atk|1\n|-terastallize|p2a: Ursaluna|Normal\n|move|p2b: Roaring Moon|Taunt|p1b: Corviknight\n|-start|p1b: Corviknight|move: Taunt\n|cant|p1b: Corviknight|move: Taunt|Iron Defense\n|move|p2a: Ursaluna|Facade|p1a: Incineroar\n|-damage|p1a: Incineroar|0 fnt\n|faint|p1a: Incineroar\n|\n|-damage|p2a: Ursaluna|94/100 brn|[from] brn\n|upkeep\n|inactive|Lokart has 120 seconds left.\n|\n|t:|1771157021\n|switch|p1a: Cresselia|Cresselia, F|100/100\n|turn|6\n|\n|t:|1771157043\n|-end|p2b: Roaring Moon|Protosynthesis|[silent]\n|switch|p2b: Moltres|Moltres-Galar|100/100\n|switch|p2a: Incineroar|Incineroar, F|61/100\n|-ability|p2a: Incineroar|Intimidate|boost\n|-unboost|p1a: Cresselia|atk|1\n|-ability|p1b: Corviknight|Mirror Armor\n|-unboost|p2a: Incineroar|atk|1\n|move|p1a: Cresselia|Ally Switch|p1a: Cresselia\n|swap|p1a: Cresselia|1|[from] move: Ally Switch\n|move|p1a: Corviknight|Body Press|p2b: Moltres\n|-damage|p2b: Moltres|83/100\n|\n|-heal|p2b: Moltres|89/100|[from] item: Leftovers\n|upkeep\n|turn|7\n|\n|t:|1771157062\n|switch|p1b: Weezing|Weezing-Galar, M|100/100\n|-ability|p1b: Weezing|Neutralizing Gas\n|move|p2b: Moltres|Nasty Plot|p2b: Moltres\n|-boost|p2b: Moltres|spa|2\n|move|p2a: Incineroar|Will-O-Wisp|p1a: Corviknight\n|-status|p1a: Corviknight|brn\n|move|p1a: Corviknight|Brave Bird|p2a: Incineroar\n|-damage|p2a: Incineroar|44/100\n|-damage|p1a: Corviknight|95/100 brn|[from] Recoil\n|\n|-heal|p2b: Moltres|95/100|[from] item: Leftovers\n|-heal|p1a: Corviknight|100/100 brn|[from] item: Leftovers\n|-damage|p1a: Corviknight|94/100 brn|[from] brn\n|-end|p1a: Corviknight|move: Taunt\n|upkeep\n|turn|8\n|\n|t:|1771157087\n|move|p2b: Moltres|Fiery Wrath|p1a: Corviknight|[spread] p1a,p1b\n|-resisted|p1b: Weezing\n|-damage|p1a: Corviknight|59/100 brn\n|-damage|p1b: Weezing|77/100\n|move|p2a: Incineroar|Parting Shot|p1b: Weezing\n|-unboost|p1b: Weezing|atk|1\n|-unboost|p1b: Weezing|spa|1\n|\n|t:|1771157092\n|switch|p2a: Ursaluna|Ursaluna, F, tera:Normal|94/100 brn|[from] Parting Shot\n|move|p1a: Corviknight|Body Press|p2a: Ursaluna\n|-supereffective|p2a: Ursaluna\n|-damage|p2a: Ursaluna|81/100 brn\n|cant|p1b: Weezing|flinch\n|\n|-heal|p2b: Moltres|100/100|[from] item: Leftovers\n|-heal|p1a: Corviknight|65/100 brn|[from] item: Leftovers\n|-heal|p1b: Weezing|83/100|[from] item: Leftovers\n|-damage|p1a: Corviknight|59/100 brn|[from] brn\n|-damage|p2a: Ursaluna|75/100 brn|[from] brn\n|upkeep\n|turn|9\n|\n|t:|1771157110\n|move|p2b: Moltres|Fiery Wrath|p1b: Weezing|[spread] p1a,p1b\n|-resisted|p1b: Weezing\n|-damage|p1a: Corviknight|19/100 brn\n|-damage|p1b: Weezing|59/100\n|move|p1a: Corviknight|Body Press|p2a: Ursaluna\n|-supereffective|p2a: Ursaluna\n|-damage|p2a: Ursaluna|61/100 brn\n|move|p1b: Weezing|Haze|p1b: Weezing\n|-clearallboost\n|move|p2a: Ursaluna|Facade|p1b: Weezing\n|-damage|p1b: Weezing|0 fnt\n|faint|p1b: Weezing\n|-end|p1b: Weezing|ability: Neutralizing Gas\n|\n|-heal|p1a: Corviknight|25/100 brn|[from] item: Leftovers\n|-damage|p1a: Corviknight|19/100 brn|[from] brn\n|-damage|p2a: Ursaluna|55/100 brn|[from] brn\n|upkeep\n|inactive|Lokart has 120 seconds left.\n|\n|t:|1771157131\n|switch|p1b: Dragapult|Dragapult, F|100/100\n|turn|10\n|inactive|inakunana has 120 seconds left.\n|\n|t:|1771157184\n|-terastallize|p1b: Dragapult|Dragon\n|move|p1b: Dragapult|Dragon Darts|p2a: Ursaluna\n|-damage|p2a: Ursaluna|18/100 brn\n|-anim|p1b: Dragapult|Dragon Darts|p2b: Moltres\n|-damage|p2b: Moltres|50/100\n|-ability|p2b: Moltres|Berserk|boost\n|-boost|p2b: Moltres|spa|1\n|move|p2b: Moltres|Fiery Wrath|p1b: Dragapult|[spread] p1a,p1b\n|-damage|p1a: Corviknight|0 fnt\n|-damage|p1b: Dragapult|42/100\n|faint|p1a: Corviknight\n|move|p2a: Ursaluna|Facade|p1b: Dragapult\n|-damage|p1b: Dragapult|0 fnt\n|faint|p1b: Dragapult\n|\n|-heal|p2b: Moltres|56/100|[from] item: Leftovers\n|-damage|p2a: Ursaluna|12/100 brn|[from] brn\n|upkeep\n|\n|t:|1771157201\n|switch|p1b: Ursaluna|Ursaluna-Bloodmoon, M|100/100\n|switch|p1a: Cresselia|Cresselia, F|100/100\n|turn|11\n|inactive|inakunana has 120 seconds left.\n|\n|t:|1771157211\n|move|p2b: Moltres|Fiery Wrath|p1a: Cresselia|[spread] p1a,p1b\n|-supereffective|p1a: Cresselia\n|-damage|p1a: Cresselia|64/100\n|-damage|p1b: Ursaluna|55/100\n|move|p1b: Ursaluna|Hyper Voice|p2a: Ursaluna|[spread] p2a,p2b\n|-damage|p2a: Ursaluna|0 fnt\n|-damage|p2b: Moltres|29/100\n|faint|p2a: Ursaluna\n|-ability|p2b: Moltres|Berserk|boost\n|-boost|p2b: Moltres|spa|1\n|-enditem|p1b: Ursaluna|Throat Spray\n|-boost|p1b: Ursaluna|spa|1|[from] item: Throat Spray\n|move|p1a: Cresselia|Trick Room|p1a: Cresselia\n|-fieldstart|move: Trick Room|[of] p1a: Cresselia\n|\n|-heal|p2b: Moltres|36/100|[from] item: Leftovers\n|upkeep\n|inactive|inakunana has 120 seconds left.\n|\n|t:|1771157218\n|switch|p2a: Sinistcha|Sinistcha|100/100\n|-heal|p2b: Moltres|61/100|[from] ability: Hospitality|[of] p2a: Sinistcha\n|turn|12\n|\n|t:|1771157231\n|move|p1b: Ursaluna|Blood Moon|p2a: Sinistcha\n|-damage|p2a: Sinistcha|0 fnt\n|faint|p2a: Sinistcha\n|move|p1a: Cresselia|Lunar Blessing|p1a: Cresselia|[spread] p1a,p1b\n|-heal|p1a: Cresselia|89/100\n|-heal|p1b: Ursaluna|80/100\n|move|p2b: Moltres|Fiery Wrath|p1a: Cresselia|[spread] p1a,p1b\n|-supereffective|p1a: Cresselia\n|-damage|p1a: Cresselia|36/100\n|-damage|p1b: Ursaluna|13/100\n|\n|-heal|p2b: Moltres|67/100|[from] item: Leftovers\n|upkeep\n|\n|t:|1771157248\n|switch|p2a: Incineroar|Incineroar, F|44/100\n|-ability|p2a: Incineroar|Intimidate|boost\n|-unboost|p1a: Cresselia|atk|1\n|-unboost|p1b: Ursaluna|atk|1\n|turn|13\n|\n|t:|1771157253\n|move|p1b: Ursaluna|Protect|p1b: Ursaluna\n|-singleturn|p1b: Ursaluna|Protect\n|move|p2a: Incineroar|Fake Out|p1b: Ursaluna\n|-activate|p1b: Ursaluna|move: Protect\n|move|p1a: Cresselia|Lunar Blessing|p1a: Cresselia|[spread] p1a,p1b\n|-heal|p1a: Cresselia|61/100\n|-heal|p1b: Ursaluna|38/100\n|move|p2b: Moltres|Fiery Wrath|p1b: Ursaluna|[spread] p1a\n|-activate|p1b: Ursaluna|move: Protect\n|-supereffective|p1a: Cresselia\n|-damage|p1a: Cresselia|5/100\n|\n|-heal|p2b: Moltres|73/100|[from] item: Leftovers\n|upkeep\n|turn|14\n|\n|t:|1771157273\n|move|p2b: Moltres|Protect|p2b: Moltres\n|-singleturn|p2b: Moltres|Protect\n|move|p1b: Ursaluna|Earth Power|p2a: Incineroar\n|-supereffective|p2a: Incineroar\n|-damage|p2a: Incineroar|0 fnt\n|faint|p2a: Incineroar\n|move|p1a: Cresselia|Lunar Blessing|p1a: Cresselia|[spread] p1a,p1b\n|-heal|p1a: Cresselia|30/100\n|-heal|p1b: Ursaluna|63/100\n|\n|-heal|p2b: Moltres|79/100|[from] item: Leftovers\n|upkeep\n|\n|t:|1771157281\n|switch|p2a: Roaring Moon|Roaring Moon|100/100\n|turn|15\n|\n|t:|1771157289\n|move|p1b: Ursaluna|Blood Moon|p2b: Moltres\n|-damage|p2b: Moltres|0 fnt\n|faint|p2b: Moltres\n|move|p1a: Cresselia|Lunar Blessing|p1a: Cresselia|[spread] p1a,p1b\n|-heal|p1a: Cresselia|55/100\n|-heal|p1b: Ursaluna|88/100\n|move|p2a: Roaring Moon|Knock Off|p1b: Ursaluna\n|-damage|p1b: Ursaluna|68/100\n|\n|-fieldend|move: Trick Room\n|upkeep\n|turn|16\n|\n|t:|1771157302\n|move|p2a: Roaring Moon|Taunt|p1a: Cresselia\n|-start|p1a: Cresselia|move: Taunt\n|move|p1b: Ursaluna|Hyper Voice|p2a: Roaring Moon\n|-damage|p2a: Roaring Moon|33/100\n|cant|p1a: Cresselia|move: Taunt|Trick Room\n|\n|upkeep\n|turn|17\n|l|☆inakunana\n|inactive|inakunana disconnected and has a minute to reconnect!\n|player|p2|\n|c|☆Lokart|really\n|c|☆Lokart|siir loser\n|inactive|inakunana has 30 seconds to reconnect!\n|inactive|inakunana has 20 seconds to reconnect!\n|inactive|inakunana has 15 seconds to reconnect!\n|inactive|inakunana has 10 seconds to reconnect!\n|inactive|inakunana has 5 seconds to reconnect!\n|-message|inakunana lost due to inactivity.\n|\n|win|Lokart\n|raw|Lokart's rating: 1614 &rarr; <strong>1644</strong><br />(+30 for winning)\n|raw|inakunana's rating: 1801 &rarr; <strong>1771</strong><br />(-30 for losing)\n|l|☆Lokart\n|player|p1|\n|j|☆inakunana\n|player|p2|inakunana|erika|\n", "uploadtime": 1771157795, "views": 13, "formatid": "gen9doublesou", "rating": 1644, "private": 0, "password": null}