{"id": "gen9doublesou-2540603513", "format": "[Gen 9] Doubles OU", "players": ["sylent knight", "alllzz"], "log": "|badge|p2|bronze|gen9doublesou|100-8\n|uhtml|medal-msg|<div class=\"broadcast-blue\">Curious what those medals under the avatar are? PS now has Ladder Seasons! For more information, check out the <a href=\"https://www.smogon.com/forums/threads/3740067/\">thread on Smogon.</a></div>\n|j|☆sylent knight\n|j|☆alllzz\n|t:|1771225503\n|gametype|doubles\n|player|p1|sylent knight|1|1525\n|player|p2|alllzz|169|1721\n|gen|9\n|tier|[Gen 9] Doubles OU\n|rated|\n|rule|HP Percentage Mod: HP is shown in percentages\n|rule|Endless Battle Clause: Forcing endless battles is banned\n|rule|Species Clause: Limit one of each Pokémon\n|rule|OHKO Clause: OHKO moves are banned\n|rule|Evasion Moves Clause: Evasion moves are banned\n|rule|Gravity Sleep Clause: The combination of sleep-inducing moves with imperfect accuracy and Gravity or Gigantamax Orbeetle are banned\n|rule|Evasion Abilities Clause: Evasion abilities are banned\n|clearpoke\n|poke|p1|Araquanid, M|\n|poke|p1|Ninetales-Alola, M|\n|poke|p1|Baxcalibur, M|\n|poke|p1|Kyurem|\n|poke|p1|Hoopa-Unbound|\n|poke|p1|Kleavor, F|\n|poke|p2|Torkoal, F|\n|poke|p2|Typhlosion-Hisui, M|\n|poke|p2|Rillaboom, M|\n|poke|p2|Roaring Moon|\n|poke|p2|Landorus, M|\n|poke|p2|Whimsicott, F|\n|teampreview\n|inactive|Battle timer is ON: inactive players will automatically lose when time's up. (requested by sylent knight)\n|\n|t:|1771225529\n|teamsize|p1|6\n|teamsize|p2|6\n|start\n|switch|p1a: Kyurem|Kyurem|100/100\n|switch|p1b: Kleavor|Kleavor, F|100/100\n|switch|p2a: Typhlosion|Typhlosion-Hisui, M, shiny|100/100\n|switch|p2b: Rillaboom|Rillaboom, M, shiny|100/100\n|-item|p1a: Kyurem|Choice Specs|[from] ability: Frisk|[of] p2a: Typhlosion\n|-item|p1b: Kleavor|Leftovers|[from] ability: Frisk|[of] p2a: Typhlosion\n|-ability|p1a: Kyurem|Pressure\n|-fieldstart|move: Grassy Terrain|[from] ability: Grassy Surge|[of] p2b: Rillaboom\n|turn|1\n|\n|t:|1771225537\n|move|p2b: Rillaboom|Fake Out|p1b: Kleavor\n|-resisted|p1b: Kleavor\n|-damage|p1b: Kleavor|94/100\n|move|p2a: Typhlosion|Focus Blast|p1a: Kyurem\n|-supereffective|p1a: Kyurem\n|-damage|p1a: Kyurem|29/100\n|-unboost|p1a: Kyurem|spd|1\n|move|p1a: Kyurem|Blizzard|p2a: Typhlosion|[spread] p2a,p2b\n|-resisted|p2a: Typhlosion\n|-supereffective|p2b: Rillaboom\n|-crit|p2b: Rillaboom\n|-damage|p2a: Typhlosion|56/100\n|-damage|p2b: Rillaboom|0 fnt\n|faint|p2b: Rillaboom\n|cant|p1b: Kleavor|flinch\n|\n|-heal|p2a: Typhlosion|61/100|[from] Grassy Terrain\n|-heal|p1a: Kyurem|35/100|[from] Grassy Terrain\n|-heal|p1b: Kleavor|99/100|[from] Grassy Terrain\n|-heal|p1b: Kleavor|100/100|[from] item: Leftovers\n|upkeep\n|\n|t:|1771225557\n|switch|p2b: Landorus|Landorus, M, shiny|100/100\n|turn|2\n|\n|t:|1771225580\n|switch|p2a: Whimsicott|Whimsicott, F, shiny|100/100\n|move|p2b: Landorus|Earth Power|p1a: Kyurem\n|-damage|p1a: Kyurem|0 fnt\n|faint|p1a: Kyurem\n|move|p1b: Kleavor|Stone Axe|p2a: Whimsicott\n|-damage|p2a: Whimsicott|67/100\n|-sidestart|p2: alllzz|move: Stealth Rock\n|\n|-heal|p2a: Whimsicott|73/100|[from] Grassy Terrain\n|upkeep\n|\n|t:|1771225589\n|switch|p1a: Ninetales|Ninetales-Alola, M|100/100\n|-weather|Snowscape|[from] ability: Snow Warning|[of] p1a: Ninetales\n|turn|3\n|inactive|alllzz has 120 seconds left.\n|\n|t:|1771225622\n|-terastallize|p2b: Landorus|Water\n|move|p2a: Whimsicott|Sunny Day|p2a: Whimsicott\n|-weather|SunnyDay\n|move|p1a: Ninetales|Blizzard|p2a: Whimsicott|[spread] \n|-miss|p1a: Ninetales|p2a: Whimsicott\n|-miss|p1a: Ninetales|p2b: Landorus\n|move|p2b: Landorus|Sludge Bomb|p1a: Ninetales\n|-supereffective|p1a: Ninetales\n|-damage|p1a: Ninetales|10/100\n|move|p1b: Kleavor|Stone Axe|p2b: Landorus|[miss]\n|-miss|p1b: Kleavor|p2b: Landorus\n|\n|-weather|SunnyDay|[upkeep]\n|-heal|p1a: Ninetales|16/100|[from] Grassy Terrain\n|-heal|p2a: Whimsicott|79/100|[from] Grassy Terrain\n|upkeep\n|turn|4\n|\n|t:|1771225637\n|switch|p1a: Araquanid|Araquanid, M|100/100\n|move|p2b: Landorus|Earth Power|p1b: Kleavor\n|-damage|p1b: Kleavor|31/100\n|move|p2a: Whimsicott|Energy Ball|p1a: Araquanid\n|-damage|p1a: Araquanid|77/100\n|move|p1b: Kleavor|Swords Dance|p1b: Kleavor\n|-boost|p1b: Kleavor|atk|2\n|\n|-weather|SunnyDay|[upkeep]\n|-heal|p2a: Whimsicott|85/100|[from] Grassy Terrain\n|-heal|p1b: Kleavor|37/100|[from] Grassy Terrain\n|-heal|p1b: Kleavor|43/100|[from] item: Leftovers\n|-heal|p1a: Araquanid|83/100|[from] Grassy Terrain\n|upkeep\n|turn|5\n|\n|t:|1771225662\n|switch|p1b: Ninetales|Ninetales-Alola, M|16/100\n|-weather|Snowscape|[from] ability: Snow Warning|[of] p1b: Ninetales\n|-terastallize|p1a: Araquanid|Water\n|move|p2a: Whimsicott|Tailwind|p2a: Whimsicott\n|-sidestart|p2: alllzz|move: Tailwind\n|move|p2b: Landorus|Earth Power|p1b: Ninetales\n|-damage|p1b: Ninetales|0 fnt\n|faint|p1b: Ninetales\n|move|p1a: Araquanid|Liquidation|p2b: Landorus\n|-resisted|p2b: Landorus\n|-crit|p2b: Landorus\n|-damage|p2b: Landorus|9/100\n|\n|-weather|Snowscape|[upkeep]\n|-heal|p2b: Landorus|15/100|[from] Grassy Terrain\n|-heal|p2a: Whimsicott|92/100|[from] Grassy Terrain\n|-heal|p1a: Araquanid|89/100|[from] Grassy Terrain\n|-fieldend|move: Grassy Terrain\n|upkeep\n|\n|t:|1771225674\n|switch|p1b: Hoopa|Hoopa-Unbound|100/100\n|turn|6\n|\n|t:|1771225681\n|move|p2a: Whimsicott|Fake Tears|p1a: Araquanid\n|-unboost|p1a: Araquanid|spd|2\n|move|p2b: Landorus|Earth Power|p1a: Araquanid\n|-damage|p1a: Araquanid|0 fnt\n|faint|p1a: Araquanid\n|move|p1b: Hoopa|Expanding Force|p2a: Whimsicott\n|-damage|p2a: Whimsicott|0 fnt\n|faint|p2a: Whimsicott\n|-damage|p1b: Hoopa|91/100|[from] item: Life Orb\n|\n|-weather|Snowscape|[upkeep]\n|upkeep\n|\n|t:|1771225694\n|switch|p2a: Roaring Moon|Roaring Moon, shiny|100/100\n|switch|p1a: Baxcalibur|Baxcalibur, M|100/100\n|-damage|p2a: Roaring Moon|88/100|[from] Stealth Rock\n|turn|7\n|\n|t:|1771225715\n|move|p2a: Roaring Moon|Iron Head|p1a: Baxcalibur\n|-supereffective|p1a: Baxcalibur\n|-damage|p1a: Baxcalibur|65/100\n|move|p2b: Landorus|Earth Power|p1a: Baxcalibur\n|-damage|p1a: Baxcalibur|23/100\n|move|p1a: Baxcalibur|Dragon Dance|p1a: Baxcalibur\n|-boost|p1a: Baxcalibur|atk|1\n|-boost|p1a: Baxcalibur|spe|1\n|move|p1b: Hoopa|Expanding Force|p2b: Landorus\n|-damage|p2b: Landorus|0 fnt\n|faint|p2b: Landorus\n|-damage|p1b: Hoopa|81/100|[from] item: Life Orb\n|\n|-weather|Snowscape|[upkeep]\n|-heal|p1a: Baxcalibur|29/100|[from] ability: Ice Body\n|-heal|p1a: Baxcalibur|35/100|[from] item: Leftovers\n|upkeep\n|\n|t:|1771225727\n|switch|p2b: Torkoal|Torkoal, F, shiny|100/100\n|-damage|p2b: Torkoal|76/100|[from] Stealth Rock\n|-weather|SunnyDay|[from] ability: Drought|[of] p2b: Torkoal\n|-activate|p2a: Roaring Moon|ability: Protosynthesis\n|-start|p2a: Roaring Moon|protosynthesisatk\n|turn|8\n|\n|t:|1771225734\n|move|p1a: Baxcalibur|Ice Shard|p2a: Roaring Moon\n|-supereffective|p2a: Roaring Moon\n|-damage|p2a: Roaring Moon|20/100\n|move|p2a: Roaring Moon|Dragon Claw|p1a: Baxcalibur\n|-supereffective|p1a: Baxcalibur\n|-damage|p1a: Baxcalibur|0 fnt\n|faint|p1a: Baxcalibur\n|move|p1b: Hoopa|Expanding Force|p2b: Torkoal\n|-damage|p2b: Torkoal|0 fnt\n|faint|p2b: Torkoal\n|-damage|p1b: Hoopa|71/100|[from] item: Life Orb\n|\n|-weather|SunnyDay|[upkeep]\n|-sideend|p2: alllzz|move: Tailwind\n|upkeep\n|\n|t:|1771225741\n|switch|p1a: Kleavor|Kleavor, F|43/100\n|switch|p2b: Typhlosion|Typhlosion-Hisui, M, shiny|61/100\n|-damage|p2b: Typhlosion|37/100|[from] Stealth Rock\n|-item|p1a: Kleavor|Leftovers|[from] ability: Frisk|[of] p2b: Typhlosion\n|-item|p1b: Hoopa|Life Orb|[from] ability: Frisk|[of] p2b: Typhlosion\n|turn|9\n|\n|t:|1771225754\n|move|p2b: Typhlosion|Flamethrower|p1a: Kleavor\n|-damage|p1a: Kleavor|0 fnt\n|faint|p1a: Kleavor\n|move|p2a: Roaring Moon|Dragon Claw|p1b: Hoopa\n|-damage|p1b: Hoopa|0 fnt\n|faint|p1b: Hoopa\n|\n|win|alllzz\n|raw|sylent knight's rating: 1525 &rarr; <strong>1515</strong><br />(-10 for losing)\n|raw|alllzz's rating: 1721 &rarr; <strong>1731</strong><br />(+10 for winning)\n|l|☆sylent knight\n|player|p1|\n|l|☆alllzz\n|player|p2|\n|j|☆alllzz\n|player|p2|alllzz|169|\n|l|☆alllzz\n|player|p2|\n", "uploadtime": 1771226132, "views": 13, "formatid": "gen9doublesou", "rating": 1515, "private": 0, "password": null}