{"id": "gen9doublesou-2540607751", "format": "[Gen 9] Doubles OU", "players": ["Randaz", "Nitroneonblade"], "log": "|j|☆Randaz\n|j|☆Nitroneonblade\n|t:|1771226318\n|gametype|doubles\n|player|p1|Randaz|giovanni|1527\n|player|p2|Nitroneonblade|n|1534\n|gen|9\n|tier|[Gen 9] Doubles OU\n|rated|\n|rule|HP Percentage Mod: HP is shown in percentages\n|rule|Endless Battle Clause: Forcing endless battles is banned\n|rule|Species Clause: Limit one of each Pokémon\n|rule|OHKO Clause: OHKO moves are banned\n|rule|Evasion Moves Clause: Evasion moves are banned\n|rule|Gravity Sleep Clause: The combination of sleep-inducing moves with imperfect accuracy and Gravity or Gigantamax Orbeetle are banned\n|rule|Evasion Abilities Clause: Evasion abilities are banned\n|clearpoke\n|poke|p1|Sableye, F|\n|poke|p1|Rillaboom, F|\n|poke|p1|Garganacl, F|\n|poke|p1|Glimmora, F|\n|poke|p1|Dragonite, F|\n|poke|p1|Kingambit, F|\n|poke|p2|Enamorus-Therian, F|\n|poke|p2|Raging Bolt|\n|poke|p2|Incineroar, M|\n|poke|p2|Ogerpon-Wellspring, F|\n|poke|p2|Cresselia, F|\n|poke|p2|Okidogi, M|\n|teampreview\n|inactive|Battle timer is ON: inactive players will automatically lose when time's up. (requested by Nitroneonblade)\n|inactive|Randaz has 120 seconds left.\n|\n|t:|1771226354\n|teamsize|p1|6\n|teamsize|p2|6\n|start\n|switch|p1a: Caillou|Glimmora, F|100/100\n|switch|p1b: Fairy Beater|Dragonite, F|100/100\n|switch|p2a: Ogerpon|Ogerpon-Wellspring, F|100/100\n|switch|p2b: Incineroar|Incineroar, M|100/100\n|-ability|p2b: Incineroar|Intimidate|boost\n|-unboost|p1a: Caillou|atk|1\n|-unboost|p1b: Fairy Beater|atk|1\n|turn|1\n|\n|t:|1771226368\n|move|p2b: Incineroar|Fake Out|p1b: Fairy Beater\n|-damage|p1b: Fairy Beater|95/100\n|move|p2a: Ogerpon|Ivy Cudgel|p1a: Caillou|[anim] Ivy Cudgel Water\n|-supereffective|p1a: Caillou\n|-enditem|p1a: Caillou|Focus Sash\n|-damage|p1a: Caillou|1/100\n|-activate|p1a: Caillou|ability: Toxic Debris\n|-sidestart|p2: Nitroneonblade|move: Toxic Spikes\n|move|p1a: Caillou|Stealth Rock|p2a: Ogerpon\n|-sidestart|p2: Nitroneonblade|move: Stealth Rock\n|cant|p1b: Fairy Beater|flinch\n|\n|upkeep\n|turn|2\n|\n|t:|1771226382\n|move|p2a: Ogerpon|Spiky Shield|p2a: Ogerpon\n|-singleturn|p2a: Ogerpon|move: Protect\n|move|p1a: Caillou|Spiky Shield|p1a: Caillou\n|-singleturn|p1a: Caillou|move: Protect\n|move|p1b: Fairy Beater|Dragon Dance|p1b: Fairy Beater\n|-boost|p1b: Fairy Beater|atk|1\n|-boost|p1b: Fairy Beater|spe|1\n|move|p2b: Incineroar|Knock Off|p1a: Caillou\n|-activate|p1a: Caillou|move: Protect\n|-damage|p2b: Incineroar|88/100|[from] Spiky Shield|[of] p1a: Caillou\n|\n|upkeep\n|turn|3\n|\n|t:|1771226396\n|move|p2a: Ogerpon|Follow Me|p2a: Ogerpon\n|-singleturn|p2a: Ogerpon|move: Follow Me\n|move|p1b: Fairy Beater|Extreme Speed|p2a: Ogerpon\n|-damage|p2a: Ogerpon|64/100\n|move|p1a: Caillou|Spikes|p2b: Incineroar\n|-sidestart|p2: Nitroneonblade|Spikes\n|move|p2b: Incineroar|Knock Off|p1a: Caillou\n|-damage|p1a: Caillou|0 fnt\n|-activate|p1a: Caillou|ability: Toxic Debris\n|-sidestart|p2: Nitroneonblade|move: Toxic Spikes\n|faint|p1a: Caillou\n|\n|upkeep\n|\n|t:|1771226405\n|switch|p1a: The Wall|Garganacl, F|100/100\n|turn|4\n|\n|t:|1771226410\n|switch|p2a: Okidogi|Okidogi, M|100/100\n|-sideend|p2: Nitroneonblade|move: Toxic Spikes|[of] p2a: Okidogi\n|-damage|p2a: Okidogi|94/100|[from] Stealth Rock\n|-damage|p2a: Okidogi|82/100|[from] Spikes\n|-terastallize|p1a: The Wall|Ghost\n|move|p1b: Fairy Beater|Dragon Dance|p1b: Fairy Beater\n|-boost|p1b: Fairy Beater|atk|1\n|-boost|p1b: Fairy Beater|spe|1\n|move|p2b: Incineroar|Parting Shot|p1b: Fairy Beater\n|-unboost|p1b: Fairy Beater|atk|1\n|-unboost|p1b: Fairy Beater|spa|1\n|\n|t:|1771226423\n|switch|p2b: Cresselia|Cresselia, F|100/100|[from] Parting Shot\n|-damage|p2b: Cresselia|88/100|[from] Stealth Rock\n|move|p1a: The Wall|Iron Defense|p1a: The Wall\n|-boost|p1a: The Wall|def|2\n|\n|-heal|p2b: Cresselia|94/100|[from] item: Leftovers\n|upkeep\n|turn|5\n|\n|t:|1771226432\n|move|p1b: Fairy Beater|Earthquake|p2b: Cresselia|[spread] p1a,p2a\n|-immune|p2b: Cresselia|[from] ability: Levitate\n|-supereffective|p2a: Okidogi\n|-damage|p1a: The Wall|91/100\n|-damage|p2a: Okidogi|31/100\n|move|p2a: Okidogi|Bulk Up|p2a: Okidogi\n|-boost|p2a: Okidogi|atk|1\n|-boost|p2a: Okidogi|def|1\n|move|p1a: The Wall|Salt Cure|p2a: Okidogi\n|-resisted|p2a: Okidogi\n|-damage|p2a: Okidogi|27/100\n|-start|p2a: Okidogi|Salt Cure\n|move|p2b: Cresselia|Trick Room|p2b: Cresselia\n|-fieldstart|move: Trick Room|[of] p2b: Cresselia\n|\n|-heal|p1a: The Wall|97/100|[from] item: Leftovers\n|-heal|p2b: Cresselia|99/100|[from] item: Leftovers\n|-damage|p2a: Okidogi|15/100|[from] Salt Cure\n|upkeep\n|turn|6\n|\n|t:|1771226446\n|move|p1b: Fairy Beater|Extreme Speed|p2a: Okidogi\n|-damage|p2a: Okidogi|0 fnt\n|faint|p2a: Okidogi\n|move|p1a: The Wall|Salt Cure|p2b: Cresselia\n|-damage|p2b: Cresselia|91/100\n|-start|p2b: Cresselia|Salt Cure\n|move|p2b: Cresselia|Lunar Blessing|p2b: Cresselia\n|-heal|p2b: Cresselia|100/100\n|\n|-heal|p1a: The Wall|100/100|[from] item: Leftovers\n|-damage|p2b: Cresselia|88/100|[from] Salt Cure\n|upkeep\n|\n|t:|1771226450\n|switch|p2a: Enamorus|Enamorus-Therian, F|100/100\n|-damage|p2a: Enamorus|76/100|[from] Stealth Rock\n|turn|7\n|\n|t:|1771226459\n|move|p1b: Fairy Beater|Extreme Speed|p2a: Enamorus\n|-damage|p2a: Enamorus|49/100\n|move|p1a: The Wall|Salt Cure|p2a: Enamorus\n|-supereffective|p2a: Enamorus\n|-damage|p2a: Enamorus|26/100\n|-start|p2a: Enamorus|Salt Cure\n|move|p2a: Enamorus|Moonblast|p1b: Fairy Beater\n|-supereffective|p1b: Fairy Beater\n|-damage|p1b: Fairy Beater|10/100\n|-enditem|p1b: Fairy Beater|Weakness Policy\n|-boost|p1b: Fairy Beater|atk|2|[from] item: Weakness Policy\n|-boost|p1b: Fairy Beater|spa|2|[from] item: Weakness Policy\n|move|p2b: Cresselia|Dazzling Gleam|p1b: Fairy Beater|[spread] p1a,p1b\n|-supereffective|p1b: Fairy Beater\n|-damage|p1a: The Wall|91/100\n|-damage|p1b: Fairy Beater|0 fnt\n|faint|p1b: Fairy Beater\n|\n|-heal|p1a: The Wall|97/100|[from] item: Leftovers\n|-heal|p2a: Enamorus|32/100|[from] item: Leftovers\n|-heal|p2b: Cresselia|94/100|[from] item: Leftovers\n|-damage|p2a: Enamorus|20/100|[from] Salt Cure\n|-damage|p2b: Cresselia|82/100|[from] Salt Cure\n|upkeep\n|\n|t:|1771226464\n|switch|p1b: The pranker|Sableye, F, shiny|100/100\n|turn|8\n|\n|t:|1771226470\n|move|p2a: Enamorus|Protect|p2a: Enamorus\n|-singleturn|p2a: Enamorus|Protect\n|move|p1b: The pranker|Fake Out|p2b: Cresselia\n|-damage|p2b: Cresselia|77/100\n|move|p1a: The Wall|Salt Cure|p2a: Enamorus\n|-activate|p2a: Enamorus|move: Protect\n|cant|p2b: Cresselia|flinch\n|\n|-heal|p1a: The Wall|100/100|[from] item: Leftovers\n|-heal|p2a: Enamorus|26/100|[from] item: Leftovers\n|-heal|p2b: Cresselia|83/100|[from] item: Leftovers\n|-damage|p2a: Enamorus|14/100|[from] Salt Cure\n|-damage|p2b: Cresselia|71/100|[from] Salt Cure\n|upkeep\n|turn|9\n|\n|t:|1771226482\n|move|p1b: The pranker|Encore|p2b: Cresselia\n|-start|p2b: Cresselia|Encore\n|move|p1a: The Wall|Iron Defense|p1a: The Wall\n|-boost|p1a: The Wall|def|2\n|move|p2a: Enamorus|Moonblast|p1b: The pranker\n|-supereffective|p1b: The pranker\n|-enditem|p1b: The pranker|Focus Sash\n|-damage|p1b: The pranker|1/100\n|move|p2b: Cresselia|Dazzling Gleam|p1b: The pranker|[spread] p1a,p1b\n|-supereffective|p1b: The pranker\n|-damage|p1a: The Wall|90/100\n|-damage|p1b: The pranker|0 fnt\n|faint|p1b: The pranker\n|\n|-heal|p1a: The Wall|96/100|[from] item: Leftovers\n|-heal|p2a: Enamorus|20/100|[from] item: Leftovers\n|-heal|p2b: Cresselia|77/100|[from] item: Leftovers\n|-damage|p2a: Enamorus|7/100|[from] Salt Cure\n|-damage|p2b: Cresselia|64/100|[from] Salt Cure\n|-fieldend|move: Trick Room\n|upkeep\n|\n|t:|1771226486\n|switch|p1b: Slide in your dm|Rillaboom, F|100/100\n|-fieldstart|move: Grassy Terrain|[from] ability: Grassy Surge|[of] p1b: Slide in your dm\n|turn|10\n|\n|t:|1771226503\n|move|p2b: Cresselia|Dazzling Gleam|p1b: Slide in your dm|[spread] p1a,p1b\n|-damage|p1a: The Wall|86/100\n|-damage|p1b: Slide in your dm|83/100\n|move|p1b: Slide in your dm|Knock Off|p2b: Cresselia\n|-supereffective|p2b: Cresselia\n|-damage|p2b: Cresselia|13/100\n|-enditem|p2b: Cresselia|Leftovers|[from] move: Knock Off|[of] p1b: Slide in your dm\n|move|p2a: Enamorus|Moonblast|p1a: The Wall\n|-crit|p1a: The Wall\n|-damage|p1a: The Wall|35/100\n|-unboost|p1a: The Wall|spa|1\n|move|p1a: The Wall|Salt Cure|p2a: Enamorus\n|-supereffective|p2a: Enamorus\n|-damage|p2a: Enamorus|0 fnt\n|faint|p2a: Enamorus\n|\n|-heal|p1b: Slide in your dm|90/100|[from] Grassy Terrain\n|-heal|p1b: Slide in your dm|96/100|[from] item: Leftovers\n|-heal|p1a: The Wall|41/100|[from] Grassy Terrain\n|-heal|p1a: The Wall|47/100|[from] item: Leftovers\n|-damage|p2b: Cresselia|0 fnt|[from] Salt Cure\n|faint|p2b: Cresselia\n|upkeep\n|\n|t:|1771226519\n|switch|p2b: Raging Bolt|Raging Bolt|100/100\n|switch|p2a: Incineroar|Incineroar, M|88/100\n|-damage|p2b: Raging Bolt|88/100|[from] Stealth Rock\n|-damage|p2b: Raging Bolt|76/100|[from] Spikes\n|-damage|p2a: Incineroar|63/100|[from] Stealth Rock\n|-damage|p2a: Incineroar|51/100|[from] Spikes\n|-ability|p2a: Incineroar|Intimidate|boost\n|-unboost|p1a: The Wall|atk|1\n|-unboost|p1b: Slide in your dm|atk|1\n|turn|11\n|\n|t:|1771226525\n|switch|p1a: Ozaï|Kingambit, F|100/100\n|-activate|p1a: Ozaï|ability: Supreme Overlord\n|-start|p1a: Ozaï|fallen3|[silent]\n|move|p2a: Incineroar|Fake Out|p1b: Slide in your dm\n|-damage|p1b: Slide in your dm|84/100\n|cant|p1b: Slide in your dm|flinch\n|move|p2b: Raging Bolt|Thunderbolt|p1a: Ozaï\n|-damage|p1a: Ozaï|50/100\n|\n|-heal|p1b: Slide in your dm|90/100|[from] Grassy Terrain\n|-heal|p1b: Slide in your dm|96/100|[from] item: Leftovers\n|-heal|p2b: Raging Bolt|82/100|[from] Grassy Terrain\n|-heal|p2b: Raging Bolt|88/100|[from] item: Leftovers\n|-heal|p2a: Incineroar|57/100|[from] Grassy Terrain\n|-heal|p1a: Ozaï|57/100|[from] Grassy Terrain\n|upkeep\n|turn|12\n|\n|t:|1771226543\n|-terastallize|p2b: Raging Bolt|Fairy\n|move|p1a: Ozaï|Sucker Punch|p2a: Incineroar\n|-resisted|p2a: Incineroar\n|-damage|p2a: Incineroar|27/100\n|-enditem|p2a: Incineroar|Sitrus Berry|[eat]\n|-heal|p2a: Incineroar|52/100|[from] item: Sitrus Berry\n|move|p1b: Slide in your dm|Knock Off|p2b: Raging Bolt\n|-resisted|p2b: Raging Bolt\n|-damage|p2b: Raging Bolt|79/100\n|-enditem|p2b: Raging Bolt|Leftovers|[from] move: Knock Off|[of] p1b: Slide in your dm\n|move|p2b: Raging Bolt|Thunderbolt|p1a: Ozaï\n|-damage|p1a: Ozaï|7/100\n|-status|p1a: Ozaï|par\n|move|p2a: Incineroar|Flare Blitz|p1b: Slide in your dm\n|-supereffective|p1b: Slide in your dm\n|-damage|p1b: Slide in your dm|1/100\n|-status|p1b: Slide in your dm|brn\n|-damage|p2a: Incineroar|20/100|[from] Recoil\n|\n|-heal|p1b: Slide in your dm|7/100 brn|[from] Grassy Terrain\n|-heal|p1b: Slide in your dm|13/100 brn|[from] item: Leftovers\n|-heal|p2b: Raging Bolt|85/100|[from] Grassy Terrain\n|-heal|p2a: Incineroar|26/100|[from] Grassy Terrain\n|-heal|p1a: Ozaï|14/100 par|[from] Grassy Terrain\n|-damage|p1b: Slide in your dm|7/100 brn|[from] brn\n|upkeep\n|turn|13\n|\n|t:|1771226563\n|move|p1a: Ozaï|Sucker Punch|p2a: Incineroar\n|-resisted|p2a: Incineroar\n|-damage|p2a: Incineroar|0 fnt\n|faint|p2a: Incineroar\n|move|p1b: Slide in your dm|Drain Punch|p2b: Raging Bolt\n|-resisted|p2b: Raging Bolt\n|-damage|p2b: Raging Bolt|81/100\n|-heal|p1b: Slide in your dm|9/100 brn|[from] drain|[of] p2b: Raging Bolt\n|move|p2b: Raging Bolt|Thunderbolt|p1a: Ozaï\n|-damage|p1a: Ozaï|0 fnt\n|faint|p1a: Ozaï\n|-end|p1a: Ozaï|fallen3|[silent]\n|\n|-heal|p1b: Slide in your dm|15/100 brn|[from] Grassy Terrain\n|-heal|p1b: Slide in your dm|22/100 brn|[from] item: Leftovers\n|-heal|p2b: Raging Bolt|88/100|[from] Grassy Terrain\n|-damage|p1b: Slide in your dm|15/100 brn|[from] brn\n|upkeep\n|\n|t:|1771226566\n|switch|p2a: Ogerpon|Ogerpon-Wellspring, F|64/100\n|switch|p1a: The Wall|Garganacl, F, tera:Ghost|47/100\n|-damage|p2a: Ogerpon|51/100|[from] Stealth Rock\n|-damage|p2a: Ogerpon|39/100|[from] Spikes\n|turn|14\n|\n|t:|1771226571\n|move|p1b: Slide in your dm|Grassy Glide|p2b: Raging Bolt\n|-damage|p2b: Raging Bolt|78/100\n|move|p2a: Ogerpon|Ivy Cudgel|p1b: Slide in your dm|[anim] Ivy Cudgel Water\n|-resisted|p1b: Slide in your dm\n|-damage|p1b: Slide in your dm|0 fnt\n|faint|p1b: Slide in your dm\n|move|p2b: Raging Bolt|Thunderbolt|p1a: The Wall\n|-damage|p1a: The Wall|14/100\n|move|p1a: The Wall|Recover|p1a: The Wall\n|-heal|p1a: The Wall|64/100\n|\n|-heal|p2a: Ogerpon|45/100|[from] Grassy Terrain\n|-heal|p2b: Raging Bolt|84/100|[from] Grassy Terrain\n|-heal|p1a: The Wall|70/100|[from] Grassy Terrain\n|-heal|p1a: The Wall|76/100|[from] item: Leftovers\n|-fieldend|move: Grassy Terrain\n|upkeep\n|turn|15\n|\n|t:|1771226586\n|move|p2a: Ogerpon|Horn Leech|p1a: The Wall\n|-damage|p1a: The Wall|48/100\n|-heal|p2a: Ogerpon|63/100|[from] drain|[of] p1a: The Wall\n|move|p2b: Raging Bolt|Calm Mind|p2b: Raging Bolt\n|-boost|p2b: Raging Bolt|spa|1\n|-boost|p2b: Raging Bolt|spd|1\n|move|p1a: The Wall|Recover|p1a: The Wall\n|-heal|p1a: The Wall|98/100\n|\n|-heal|p1a: The Wall|100/100|[from] item: Leftovers\n|upkeep\n|turn|16\n|\n|t:|1771226596\n|move|p2a: Ogerpon|Follow Me|p2a: Ogerpon\n|-singleturn|p2a: Ogerpon|move: Follow Me\n|move|p2b: Raging Bolt|Calm Mind|p2b: Raging Bolt\n|-boost|p2b: Raging Bolt|spa|1\n|-boost|p2b: Raging Bolt|spd|1\n|move|p1a: The Wall|Iron Defense|p1a: The Wall\n|-boost|p1a: The Wall|def|2\n|\n|upkeep\n|turn|17\n|\n|t:|1771226616\n|move|p2a: Ogerpon|Ivy Cudgel|p1a: The Wall|[anim] Ivy Cudgel Water\n|-damage|p1a: The Wall|82/100\n|move|p2b: Raging Bolt|Thunderbolt|p1a: The Wall\n|-damage|p1a: The Wall|10/100\n|move|p1a: The Wall|Salt Cure|p2a: Ogerpon\n|-damage|p2a: Ogerpon|45/100\n|-start|p2a: Ogerpon|Salt Cure\n|\n|-heal|p1a: The Wall|16/100|[from] item: Leftovers\n|-damage|p2a: Ogerpon|20/100|[from] Salt Cure\n|upkeep\n|turn|18\n|\n|t:|1771226625\n|move|p2a: Ogerpon|Ivy Cudgel|p1a: The Wall|[anim] Ivy Cudgel Water\n|-damage|p1a: The Wall|0 fnt\n|faint|p1a: The Wall\n|\n|win|Nitroneonblade\n|raw|Randaz's rating: 1527 &rarr; <strong>1507</strong><br />(-20 for losing)\n|raw|Nitroneonblade's rating: 1534 &rarr; <strong>1554</strong><br />(+20 for winning)\n|l|☆Nitroneonblade\n|player|p2|\n|l|☆Randaz\n|player|p1|\n", "uploadtime": 1771226960, "views": 15, "formatid": "gen9doublesou", "rating": 1507, "private": 0, "password": null}