{"id": "gen9doublesou-2539954318", "format": "[Gen 9] Doubles OU", "players": ["Lopsidedeyehermit", "Rayred30"], "log": "|j|☆Lopsidedeyehermit\n|j|☆Rayred30\n|t:|1771132754\n|gametype|doubles\n|player|p1|Lopsidedeyehermit|clerk|1600\n|player|p2|Rayred30|ghetsis-gen5bw|1609\n|gen|9\n|tier|[Gen 9] Doubles OU\n|rated|\n|rule|HP Percentage Mod: HP is shown in percentages\n|rule|Endless Battle Clause: Forcing endless battles is banned\n|rule|Species Clause: Limit one of each Pokémon\n|rule|OHKO Clause: OHKO moves are banned\n|rule|Evasion Moves Clause: Evasion moves are banned\n|rule|Gravity Sleep Clause: The combination of sleep-inducing moves with imperfect accuracy and Gravity or Gigantamax Orbeetle are banned\n|rule|Evasion Abilities Clause: Evasion abilities are banned\n|clearpoke\n|poke|p1|Tyranitar, F|\n|poke|p1|Excadrill, F|\n|poke|p1|Orthworm, F|\n|poke|p1|Garganacl, F|\n|poke|p1|Incineroar, M|\n|poke|p1|Amoonguss, F|\n|poke|p2|Kingambit, M|\n|poke|p2|Incineroar, M|\n|poke|p2|Farigiraf, F|\n|poke|p2|Sinistcha-Masterpiece|\n|poke|p2|Rhyperior, M|\n|poke|p2|Volcanion|\n|teampreview\n|inactive|Battle timer is ON: inactive players will automatically lose when time's up. (requested by Rayred30)\n|\n|t:|1771132774\n|teamsize|p1|6\n|teamsize|p2|6\n|start\n|switch|p1a: Wormy|Orthworm, F, shiny|100/100\n|switch|p1b: Zilla|Tyranitar, F, shiny|100/100\n|switch|p2a: Sinistcha|Sinistcha-Masterpiece, shiny|100/100\n|switch|p2b: Volcanion|Volcanion|100/100\n|-weather|Sandstorm|[from] ability: Sand Stream|[of] p1b: Zilla\n|turn|1\n|\n|t:|1771132797\n|-terastallize|p1b: Zilla|Flying\n|move|p1b: Zilla|Knock Off|p2a: Sinistcha\n|-supereffective|p2a: Sinistcha\n|-damage|p2a: Sinistcha|31/100\n|-enditem|p2a: Sinistcha|Leftovers|[from] move: Knock Off|[of] p1b: Zilla\n|move|p1a: Wormy|Stealth Rock|p2b: Volcanion\n|-sidestart|p2: Rayred30|move: Stealth Rock\n|move|p2b: Volcanion|Heat Wave|p1a: Wormy|[spread] p1b\n|-miss|p2b: Volcanion|p1a: Wormy\n|-damage|p1b: Zilla|57/100\n|-status|p1b: Zilla|brn\n|move|p2a: Sinistcha|Calm Mind|p2a: Sinistcha\n|-boost|p2a: Sinistcha|spa|1\n|-boost|p2a: Sinistcha|spd|1\n|\n|-weather|Sandstorm|[upkeep]\n|-damage|p1b: Zilla|51/100 brn|[from] Sandstorm\n|-damage|p2a: Sinistcha|24/100|[from] Sandstorm\n|-damage|p2b: Volcanion|94/100|[from] Sandstorm\n|-damage|p1b: Zilla|45/100 brn|[from] brn\n|upkeep\n|turn|2\n|\n|t:|1771132813\n|move|p1b: Zilla|Rock Slide|p2a: Sinistcha|[spread] p2a,p2b\n|-supereffective|p2b: Volcanion\n|-damage|p2a: Sinistcha|15/100\n|-damage|p2b: Volcanion|70/100\n|move|p1a: Wormy|Shed Tail|p1a: Wormy\n|-start|p1a: Wormy|Substitute|[from] move: Shed Tail\n|-damage|p1a: Wormy|50/100\n|-enditem|p1a: Wormy|Sitrus Berry|[eat]\n|-heal|p1a: Wormy|75/100|[from] item: Sitrus Berry\n|\n|t:|1771132825\n|switch|p1a: Drillbit|Excadrill, F, shiny|100/100|[from] Shed Tail\n|move|p2b: Volcanion|Heat Wave|p1a: Drillbit|[spread] p1a,p1b\n|-supereffective|p1a: Drillbit\n|-end|p1a: Drillbit|Substitute\n|-damage|p1b: Zilla|5/100 brn\n|move|p2a: Sinistcha|Matcha Gotcha|p1a: Drillbit|[spread] p1a,p1b\n|-resisted|p1b: Zilla\n|-damage|p1a: Drillbit|55/100\n|-heal|p2a: Sinistcha|39/100|[from] drain|[of] p1a: Drillbit\n|-damage|p1b: Zilla|0 fnt\n|-heal|p2a: Sinistcha|41/100|[from] drain|[of] p1b: Zilla\n|-status|p1a: Drillbit|brn\n|faint|p1b: Zilla\n|\n|-weather|Sandstorm|[upkeep]\n|-damage|p2b: Volcanion|64/100|[from] Sandstorm\n|-damage|p2a: Sinistcha|35/100|[from] Sandstorm\n|-damage|p1a: Drillbit|49/100 brn|[from] brn\n|upkeep\n|\n|t:|1771132838\n|switch|p1b: Salt Lick|Garganacl, F, shiny|100/100\n|turn|3\n|\n|t:|1771132844\n|move|p1b: Salt Lick|Wide Guard|p1b: Salt Lick\n|-singleturn|p1b: Salt Lick|Wide Guard\n|move|p1a: Drillbit|Swords Dance|p1a: Drillbit\n|-boost|p1a: Drillbit|atk|2\n|move|p2a: Sinistcha|Matcha Gotcha|p1b: Salt Lick|[spread] \n|-activate|p1a: Drillbit|move: Wide Guard\n|-activate|p1b: Salt Lick|move: Wide Guard\n|move|p2b: Volcanion|Steam Eruption|p1b: Salt Lick\n|-supereffective|p1b: Salt Lick\n|-damage|p1b: Salt Lick|34/100\n|\n|-weather|Sandstorm|[upkeep]\n|-damage|p2a: Sinistcha|29/100|[from] Sandstorm\n|-damage|p2b: Volcanion|58/100|[from] Sandstorm\n|-heal|p1b: Salt Lick|40/100|[from] item: Leftovers\n|-damage|p1a: Drillbit|43/100 brn|[from] brn\n|upkeep\n|turn|4\n|\n|t:|1771132865\n|switch|p1b: Wormy|Orthworm, F, shiny|75/100\n|-terastallize|p2b: Volcanion|Ground\n|move|p1a: Drillbit|Earthquake|p2b: Volcanion|[spread] p2a,p2b\n|-heal|p1b: Wormy|99/100|[from] ability: Earth Eater|[of] p1a: Drillbit\n|-resisted|p2a: Sinistcha\n|-damage|p2a: Sinistcha|15/100\n|-damage|p2b: Volcanion|27/100\n|move|p2a: Sinistcha|Matcha Gotcha|p1b: Wormy|[spread] p1b\n|-miss|p2a: Sinistcha|p1a: Drillbit\n|-resisted|p1b: Wormy\n|-damage|p1b: Wormy|80/100\n|-heal|p2a: Sinistcha|25/100|[from] drain|[of] p1b: Wormy\n|move|p2b: Volcanion|Steam Eruption|p1b: Wormy\n|-damage|p1b: Wormy|16/100\n|\n|-weather|Sandstorm|[upkeep]\n|-damage|p2a: Sinistcha|19/100|[from] Sandstorm\n|-damage|p1a: Drillbit|37/100 brn|[from] brn\n|upkeep\n|turn|5\n|c|☆Rayred30|you can do it!i know you can win~\n|\n|t:|1771132876\n|move|p1b: Wormy|Helping Hand|p1a: Drillbit\n|-singleturn|p1a: Drillbit|Helping Hand|[of] p1b: Wormy\n|move|p1a: Drillbit|Earthquake|p2a: Sinistcha|[spread] p2a,p2b\n|-heal|p1b: Wormy|40/100|[from] ability: Earth Eater|[of] p1a: Drillbit\n|-resisted|p2a: Sinistcha\n|-damage|p2a: Sinistcha|0 fnt\n|-damage|p2b: Volcanion|0 fnt\n|faint|p2a: Sinistcha\n|faint|p2b: Volcanion\n|\n|-weather|none\n|-damage|p1a: Drillbit|30/100 brn|[from] brn\n|upkeep\n|\n|t:|1771132882\n|switch|p2b: Incineroar|Incineroar, M, shiny|100/100\n|switch|p2a: Farigiraf|Farigiraf, F, shiny|100/100\n|-damage|p2a: Farigiraf|88/100|[from] Stealth Rock\n|-damage|p2b: Incineroar|76/100|[from] Stealth Rock\n|-ability|p2b: Incineroar|Intimidate|boost\n|-unboost|p1a: Drillbit|atk|1\n|-unboost|p1b: Wormy|atk|1\n|turn|6\n|\n|t:|1771132903\n|move|p1a: Drillbit|Protect|p1a: Drillbit\n|-singleturn|p1a: Drillbit|Protect\n|move|p2b: Incineroar|Fake Out|p1a: Drillbit\n|-activate|p1a: Drillbit|move: Protect\n|move|p1b: Wormy|Body Press|p2b: Incineroar\n|-supereffective|p2b: Incineroar\n|-damage|p2b: Incineroar|27/100\n|-enditem|p2b: Incineroar|Sitrus Berry|[eat]\n|-heal|p2b: Incineroar|52/100|[from] item: Sitrus Berry\n|move|p2a: Farigiraf|Trick Room|p2a: Farigiraf\n|-fieldstart|move: Trick Room|[of] p2a: Farigiraf\n|\n|-damage|p1a: Drillbit|24/100 brn|[from] brn\n|upkeep\n|turn|7\n|\n|t:|1771132925\n|move|p2b: Incineroar|Flare Blitz|p1b: Wormy\n|-supereffective|p1b: Wormy\n|-damage|p1b: Wormy|0 fnt\n|faint|p1b: Wormy\n|-damage|p2b: Incineroar|41/100|[from] Recoil\n|move|p2a: Farigiraf|Hyper Voice|p1a: Drillbit\n|-resisted|p1a: Drillbit\n|-damage|p1a: Drillbit|4/100 brn\n|-enditem|p2a: Farigiraf|Throat Spray\n|-boost|p2a: Farigiraf|spa|1|[from] item: Throat Spray\n|move|p1a: Drillbit|Earthquake|p2a: Farigiraf|[spread] p2a,p2b\n|-supereffective|p2b: Incineroar\n|-damage|p2a: Farigiraf|56/100\n|-damage|p2b: Incineroar|0 fnt\n|faint|p2b: Incineroar\n|\n|-damage|p1a: Drillbit|0 fnt|[from] brn\n|faint|p1a: Drillbit\n|upkeep\n|\n|t:|1771132939\n|switch|p2b: Rhyperior|Rhyperior, M, shiny|100/100\n|switch|p1b: Amoonguss|Amoonguss, F, shiny|100/100\n|switch|p1a: Salt Lick|Garganacl, F, shiny|40/100\n|-damage|p2b: Rhyperior|94/100|[from] Stealth Rock\n|turn|8\n|\n|t:|1771132951\n|move|p1b: Amoonguss|Spore|p2b: Rhyperior\n|-status|p2b: Rhyperior|slp|[from] move: Spore\n|cant|p2b: Rhyperior|slp\n|move|p1a: Salt Lick|Iron Defense|p1a: Salt Lick\n|-boost|p1a: Salt Lick|def|2\n|move|p2a: Farigiraf|Hyper Voice|p1a: Salt Lick|[spread] p1a,p1b\n|-resisted|p1a: Salt Lick\n|-damage|p1a: Salt Lick|25/100\n|-damage|p1b: Amoonguss|78/100\n|\n|-heal|p1a: Salt Lick|32/100|[from] item: Leftovers\n|upkeep\n|turn|9\n|\n|t:|1771132961\n|move|p1b: Amoonguss|Pollen Puff|p1a: Salt Lick\n|-heal|p1a: Salt Lick|82/100\n|cant|p2b: Rhyperior|slp\n|move|p1a: Salt Lick|Body Press|p2a: Farigiraf\n|-damage|p2a: Farigiraf|0 fnt\n|faint|p2a: Farigiraf\n|\n|-heal|p1a: Salt Lick|88/100|[from] item: Leftovers\n|upkeep\n|\n|t:|1771132965\n|switch|p2a: Kingambit|Kingambit, M|100/100\n|-damage|p2a: Kingambit|94/100|[from] Stealth Rock\n|turn|10\n|inactive|Rayred30 has 120 seconds left.\n|l|☆Rayred30\n|inactive|Rayred30 disconnected and has a minute to reconnect!\n|player|p2|\n|j|☆Rayred30\n|inactive|Rayred30 reconnected and has 95 seconds left.\n|player|p2|Rayred30|ghetsis-gen5bw|\n|inactive|Rayred30 has 90 seconds left.\n|\n|t:|1771133044\n|move|p1b: Amoonguss|Spore|p2a: Kingambit\n|-status|p2a: Kingambit|slp|[from] move: Spore\n|-curestatus|p2b: Rhyperior|slp|[msg]\n|move|p2b: Rhyperior|Rock Slide|p1a: Salt Lick|[spread] p1a,p1b\n|-damage|p1a: Salt Lick|78/100\n|-damage|p1b: Amoonguss|39/100\n|move|p1a: Salt Lick|Body Press|p2b: Rhyperior\n|-supereffective|p2b: Rhyperior\n|-damage|p2b: Rhyperior|42/100\n|-enditem|p2b: Rhyperior|Weakness Policy\n|-boost|p2b: Rhyperior|atk|2|[from] item: Weakness Policy\n|-boost|p2b: Rhyperior|spa|2|[from] item: Weakness Policy\n|cant|p2a: Kingambit|slp\n|\n|-heal|p1a: Salt Lick|84/100|[from] item: Leftovers\n|-fieldend|move: Trick Room\n|upkeep\n|turn|11\n|inactive|Rayred30 has 90 seconds left.\n|\n|t:|1771133065\n|move|p1b: Amoonguss|Rage Powder|p1b: Amoonguss\n|-singleturn|p1b: Amoonguss|move: Rage Powder\n|cant|p2a: Kingambit|slp\n|move|p1a: Salt Lick|Body Press|p2b: Rhyperior\n|-supereffective|p2b: Rhyperior\n|-damage|p2b: Rhyperior|0 fnt\n|faint|p2b: Rhyperior\n|\n|-heal|p1a: Salt Lick|91/100|[from] item: Leftovers\n|upkeep\n|turn|12\n|inactive|Rayred30 has 90 seconds left.\n|inactive|Rayred30 has 60 seconds left.\n|\n|t:|1771133124\n|-curestatus|p2a: Kingambit|slp|[msg]\n|move|p2a: Kingambit|Iron Head|p1a: Salt Lick\n|-supereffective|p1a: Salt Lick\n|-damage|p1a: Salt Lick|57/100\n|-damage|p2a: Kingambit|84/100|[from] item: Life Orb\n|move|p1a: Salt Lick|Body Press|p2a: Kingambit\n|-supereffective|p2a: Kingambit\n|-damage|p2a: Kingambit|0 fnt\n|faint|p2a: Kingambit\n|\n|win|Lopsidedeyehermit\n|raw|Lopsidedeyehermit's rating: 1600 &rarr; <strong>1621</strong><br />(+21 for winning)\n|raw|Rayred30's rating: 1609 &rarr; <strong>1588</strong><br />(-21 for losing)\n|l|☆Rayred30\n|player|p2|\n|l|☆Lopsidedeyehermit\n|player|p1|\n", "uploadtime": 1771133429, "views": 17, "formatid": "gen9doublesou", "rating": 1588, "private": 0, "password": null}