{"id": "gen9doublesou-2540009846", "format": "[Gen 9] Doubles OU", "players": ["tzk 332", "biryanilover"], "log": "|j|☆tzk 332\n|j|☆biryanilover\n|t:|1771143928\n|gametype|doubles\n|player|p1|tzk 332|2|1604\n|player|p2|biryanilover|170|1591\n|gen|9\n|tier|[Gen 9] Doubles OU\n|rated|\n|rule|HP Percentage Mod: HP is shown in percentages\n|rule|Endless Battle Clause: Forcing endless battles is banned\n|rule|Species Clause: Limit one of each Pokémon\n|rule|OHKO Clause: OHKO moves are banned\n|rule|Evasion Moves Clause: Evasion moves are banned\n|rule|Gravity Sleep Clause: The combination of sleep-inducing moves with imperfect accuracy and Gravity or Gigantamax Orbeetle are banned\n|rule|Evasion Abilities Clause: Evasion abilities are banned\n|clearpoke\n|poke|p1|Okidogi, M|\n|poke|p1|Iron Hands|\n|poke|p1|Primarina, F|\n|poke|p1|Farigiraf, F|\n|poke|p1|Tornadus, M|\n|poke|p1|Chi-Yu|\n|poke|p2|Ogerpon-Hearthflame, F|\n|poke|p2|Rillaboom, F|\n|poke|p2|Incineroar, F|\n|poke|p2|Ursaluna-Bloodmoon, M|\n|poke|p2|Tornadus, M|\n|poke|p2|Farigiraf, M|\n|teampreview\n|inactive|Battle timer is ON: inactive players will automatically lose when time's up. (requested by biryanilover)\n|\n|t:|1771143948\n|teamsize|p1|6\n|teamsize|p2|6\n|start\n|switch|p1a: Farigiraf|Farigiraf, F|100/100\n|switch|p1b: Primarina|Primarina, F|100/100\n|switch|p2a: Ursaluna|Ursaluna-Bloodmoon, M|100/100\n|switch|p2b: Rillaboom|Rillaboom, F|100/100\n|-fieldstart|move: Grassy Terrain|[from] ability: Grassy Surge|[of] p2b: Rillaboom\n|turn|1\n|\n|t:|1771143961\n|-terastallize|p2a: Ursaluna|Normal\n|move|p1a: Farigiraf|Ally Switch|p1a: Farigiraf\n|swap|p1a: Farigiraf|1|[from] move: Ally Switch\n|move|p2b: Rillaboom|Wood Hammer|p1b: Farigiraf\n|-damage|p1b: Farigiraf|33/100\n|-damage|p2b: Rillaboom|76/100|[from] Recoil\n|move|p2a: Ursaluna|Blood Moon|p1a: Primarina\n|-damage|p1a: Primarina|0 fnt\n|faint|p1a: Primarina\n|-damage|p2a: Ursaluna|91/100|[from] item: Life Orb\n|\n|-heal|p2b: Rillaboom|82/100|[from] Grassy Terrain\n|-heal|p2a: Ursaluna|97/100|[from] Grassy Terrain\n|-heal|p1b: Farigiraf|39/100|[from] Grassy Terrain\n|upkeep\n|\n|t:|1771143978\n|switch|p1a: Tornadus|Tornadus, M|100/100\n|turn|2\n|\n|t:|1771143996\n|move|p1a: Tornadus|Bleakwind Storm|p2a: Ursaluna|[spread] p2a,p2b\n|-supereffective|p2b: Rillaboom\n|-damage|p2a: Ursaluna|24/100\n|-damage|p2b: Rillaboom|2/100\n|-unboost|p2a: Ursaluna|spe|1\n|-damage|p1a: Tornadus|91/100|[from] item: Life Orb\n|move|p2b: Rillaboom|U-turn|p1b: Farigiraf\n|-supereffective|p1b: Farigiraf\n|-damage|p1b: Farigiraf|0 fnt\n|faint|p1b: Farigiraf\n|\n|t:|1771144007\n|switch|p2b: Tornadus|Tornadus, M|100/100|[from] U-turn\n|move|p2a: Ursaluna|Hyper Voice|p1a: Tornadus\n|-damage|p1a: Tornadus|0 fnt\n|faint|p1a: Tornadus\n|-damage|p2a: Ursaluna|14/100|[from] item: Life Orb\n|\n|-heal|p2a: Ursaluna|21/100|[from] Grassy Terrain\n|upkeep\n|\n|t:|1771144019\n|switch|p1a: Chi-Yu|Chi-Yu|100/100\n|switch|p1b: Okidogi|Okidogi, M|100/100\n|-ability|p1a: Chi-Yu|Beads of Ruin\n|turn|3\n|\n|t:|1771144032\n|switch|p2a: Rillaboom|Rillaboom, F|2/100\n|-terastallize|p1b: Okidogi|Dark\n|move|p2b: Tornadus|Tailwind|p2b: Tornadus\n|-sidestart|p2: biryanilover|move: Tailwind\n|move|p1a: Chi-Yu|Heat Wave|p2b: Tornadus|[spread] p2a,p2b\n|-supereffective|p2a: Rillaboom\n|-damage|p2a: Rillaboom|0 fnt\n|-damage|p2b: Tornadus|18/100\n|faint|p2a: Rillaboom\n|move|p1b: Okidogi|Knock Off|p2b: Tornadus\n|-damage|p2b: Tornadus|0 fnt\n|-enditem|p2b: Tornadus|Focus Sash|[from] move: Knock Off|[of] p1b: Okidogi\n|faint|p2b: Tornadus\n|-damage|p1b: Okidogi|91/100|[from] item: Life Orb\n|\n|-heal|p1b: Okidogi|97/100|[from] Grassy Terrain\n|upkeep\n|\n|t:|1771144041\n|switch|p2b: Ogerpon|Ogerpon-Hearthflame, F|100/100\n|switch|p2a: Ursaluna|Ursaluna-Bloodmoon, M, tera:Normal|21/100\n|-ability|p2b: Ogerpon|Mold Breaker\n|turn|4\n|\n|t:|1771144062\n|switch|p1b: Iron Hands|Iron Hands|100/100\n|move|p2b: Ogerpon|Ivy Cudgel|p1b: Iron Hands|[anim] Ivy Cudgel Fire\n|-damage|p1b: Iron Hands|62/100\n|move|p1a: Chi-Yu|Heat Wave|p2a: Ursaluna|[spread] p2a\n|-miss|p1a: Chi-Yu|p2b: Ogerpon\n|-damage|p2a: Ursaluna|0 fnt\n|faint|p2a: Ursaluna\n|\n|-heal|p1b: Iron Hands|69/100|[from] Grassy Terrain\n|upkeep\n|\n|t:|1771144070\n|switch|p2a: Incineroar|Incineroar, F|100/100\n|-ability|p2a: Incineroar|Intimidate|boost\n|-unboost|p1a: Chi-Yu|atk|1\n|-unboost|p1b: Iron Hands|atk|1\n|turn|5\n|\n|t:|1771144098\n|switch|p1a: Okidogi|Okidogi, M, tera:Dark|97/100\n|move|p2a: Incineroar|Fake Out|p1b: Iron Hands\n|-damage|p1b: Iron Hands|62/100\n|move|p2b: Ogerpon|Focus Energy|p2b: Ogerpon\n|-start|p2b: Ogerpon|move: Focus Energy\n|cant|p1b: Iron Hands|flinch\n|\n|-heal|p1a: Okidogi|100/100|[from] Grassy Terrain\n|-heal|p1b: Iron Hands|68/100|[from] Grassy Terrain\n|-fieldend|move: Grassy Terrain\n|upkeep\n|turn|6\n|\n|t:|1771144114\n|move|p1a: Okidogi|Protect|p1a: Okidogi\n|-singleturn|p1a: Okidogi|Protect\n|move|p2b: Ogerpon|Ivy Cudgel|p1a: Okidogi|[anim] Ivy Cudgel Fire\n|-activate|p1a: Okidogi|move: Protect\n|move|p2a: Incineroar|Parting Shot|p1b: Iron Hands\n|-unboost|p1b: Iron Hands|atk|1\n|-unboost|p1b: Iron Hands|spa|1\n|\n|t:|1771144117\n|switch|p2a: Farigiraf|Farigiraf, M|100/100|[from] Parting Shot\n|move|p1b: Iron Hands|Close Combat|p2b: Ogerpon\n|-damage|p2b: Ogerpon|36/100\n|-unboost|p1b: Iron Hands|def|1\n|-unboost|p1b: Iron Hands|spd|1\n|-damage|p1b: Iron Hands|58/100|[from] item: Life Orb\n|\n|-sideend|p2: biryanilover|move: Tailwind\n|upkeep\n|turn|7\n|inactive|tzk 332 has 120 seconds left.\n|\n|t:|1771144149\n|-end|p1b: Iron Hands|Quark Drive|[silent]\n|switch|p1b: Chi-Yu|Chi-Yu|100/100\n|-ability|p1b: Chi-Yu|Beads of Ruin\n|move|p2b: Ogerpon|Ivy Cudgel|p1a: Okidogi|[anim] Ivy Cudgel Fire\n|-crit|p1a: Okidogi\n|-damage|p1a: Okidogi|21/100\n|move|p1a: Okidogi|Knock Off|p2b: Ogerpon\n|-damage|p2b: Ogerpon|0 fnt\n|faint|p2b: Ogerpon\n|-damage|p1a: Okidogi|11/100|[from] item: Life Orb\n|move|p2a: Farigiraf|Psychic|p1b: Chi-Yu\n|-immune|p1b: Chi-Yu\n|\n|upkeep\n|\n|t:|1771144161\n|switch|p2b: Incineroar|Incineroar, F|100/100\n|-ability|p2b: Incineroar|Intimidate|boost\n|-ability|p1a: Okidogi|Guard Dog|boost\n|-boost|p1a: Okidogi|atk|1\n|-unboost|p1b: Chi-Yu|atk|1\n|turn|8\n|\n|t:|1771144169\n|switch|p1b: Iron Hands|Iron Hands|58/100\n|move|p1a: Okidogi|Protect|p1a: Okidogi\n|-singleturn|p1a: Okidogi|Protect\n|move|p2b: Incineroar|Fake Out|p1b: Iron Hands\n|-crit|p1b: Iron Hands\n|-damage|p1b: Iron Hands|48/100\n|move|p2a: Farigiraf|Trick Room|p2a: Farigiraf\n|-fieldstart|move: Trick Room|[of] p2a: Farigiraf\n|\n|upkeep\n|turn|9\n|\n|t:|1771144211\n|move|p1b: Iron Hands|Close Combat|p2b: Incineroar\n|-supereffective|p2b: Incineroar\n|-damage|p2b: Incineroar|0 fnt\n|-unboost|p1b: Iron Hands|def|1\n|-unboost|p1b: Iron Hands|spd|1\n|faint|p2b: Incineroar\n|-damage|p1b: Iron Hands|38/100|[from] item: Life Orb\n|move|p2a: Farigiraf|Psychic|p1b: Iron Hands\n|-supereffective|p1b: Iron Hands\n|-damage|p1b: Iron Hands|0 fnt\n|faint|p1b: Iron Hands\n|-end|p1b: Iron Hands|Quark Drive|[silent]\n|move|p1a: Okidogi|Knock Off|p2a: Farigiraf\n|-supereffective|p2a: Farigiraf\n|-damage|p2a: Farigiraf|0 fnt\n|-enditem|p2a: Farigiraf|Throat Spray|[from] move: Knock Off|[of] p1a: Okidogi\n|faint|p2a: Farigiraf\n|-damage|p1a: Okidogi|2/100|[from] item: Life Orb\n|\n|win|tzk 332\n|raw|tzk 332's rating: 1604 &rarr; <strong>1623</strong><br />(+19 for winning)\n|raw|biryanilover's rating: 1591 &rarr; <strong>1572</strong><br />(-19 for losing)\n|l|☆biryanilover\n|player|p2|\n|l|☆tzk 332\n|player|p1|\n", "uploadtime": 1771144522, "views": 16, "formatid": "gen9doublesou", "rating": 1572, "private": 0, "password": null}