{"id": "gen9doublesou-2540415985", "format": "[Gen 9] Doubles OU", "players": ["Quadmaster", "inakunana"], "log": "|badge|p1|bronze|gen9doublesou|100-8\n|uhtml|medal-msg|<div class=\"broadcast-blue\">Curious what those medals under the avatar are? PS now has Ladder Seasons! For more information, check out the <a href=\"https://www.smogon.com/forums/threads/3740067/\">thread on Smogon.</a></div>\n|badge|p2|bronze|gen9doublesou|100-8\n|uhtml|medal-msg|<div class=\"broadcast-blue\">Curious what those medals under the avatar are? PS now has Ladder Seasons! For more information, check out the <a href=\"https://www.smogon.com/forums/threads/3740067/\">thread on Smogon.</a></div>\n|j|☆Quadmaster\n|j|☆inakunana\n|t:|1771199312\n|gametype|doubles\n|player|p1|Quadmaster|benga|1767\n|player|p2|inakunana|erika|1725\n|gen|9\n|tier|[Gen 9] Doubles OU\n|rated|\n|rule|HP Percentage Mod: HP is shown in percentages\n|rule|Endless Battle Clause: Forcing endless battles is banned\n|rule|Species Clause: Limit one of each Pokémon\n|rule|OHKO Clause: OHKO moves are banned\n|rule|Evasion Moves Clause: Evasion moves are banned\n|rule|Gravity Sleep Clause: The combination of sleep-inducing moves with imperfect accuracy and Gravity or Gigantamax Orbeetle are banned\n|rule|Evasion Abilities Clause: Evasion abilities are banned\n|clearpoke\n|poke|p1|Corviknight, M|\n|poke|p1|Grimmsnarl, M|\n|poke|p1|Goodra-Hisui, F|\n|poke|p1|Sinistcha-Masterpiece|\n|poke|p1|Gouging Fire|\n|poke|p1|Landorus, M|\n|poke|p2|Chien-Pao|\n|poke|p2|Kingambit, M|\n|poke|p2|Landorus, M|\n|poke|p2|Ogerpon-Hearthflame, F|\n|poke|p2|Rillaboom, M|\n|poke|p2|Spectrier|\n|teampreview\n|inactive|Battle timer is ON: inactive players will automatically lose when time's up. (requested by inakunana)\n|\n|t:|1771199328\n|teamsize|p1|6\n|teamsize|p2|6\n|start\n|switch|p1a: Grimmsnarl|Grimmsnarl, M|100/100\n|switch|p1b: Goodra|Goodra-Hisui, F|100/100\n|switch|p2a: Rillaboom|Rillaboom, M|100/100\n|switch|p2b: Landorus|Landorus, M|100/100\n|-fieldstart|move: Grassy Terrain|[from] ability: Grassy Surge|[of] p2a: Rillaboom\n|turn|1\n|\n|t:|1771199334\n|move|p2a: Rillaboom|Fake Out|p1a: Grimmsnarl\n|-crit|p1a: Grimmsnarl\n|-damage|p1a: Grimmsnarl|72/100\n|cant|p1a: Grimmsnarl|flinch\n|move|p2b: Landorus|Sludge Bomb|p1a: Grimmsnarl\n|-supereffective|p1a: Grimmsnarl\n|-crit|p1a: Grimmsnarl\n|-damage|p1a: Grimmsnarl|0 fnt\n|faint|p1a: Grimmsnarl\n|move|p1b: Goodra|Ice Beam|p2b: Landorus\n|-supereffective|p2b: Landorus\n|-damage|p2b: Landorus|0 fnt\n|faint|p2b: Landorus\n|\n|upkeep\n|\n|t:|1771199346\n|switch|p2b: Ogerpon|Ogerpon-Hearthflame, F|100/100\n|switch|p1a: Gouging Fire|Gouging Fire|100/100\n|-ability|p2b: Ogerpon|Mold Breaker\n|turn|2\n|\n|t:|1771199354\n|-terastallize|p2b: Ogerpon|Fire\n|detailschange|p2b: Ogerpon|Ogerpon-Hearthflame-Tera, F, tera:Fire\n|-ability|p2b: Ogerpon|Embody Aspect (Hearthflame)|boost\n|-boost|p2b: Ogerpon|atk|1\n|move|p2b: Ogerpon|Ivy Cudgel|p1a: Gouging Fire|[anim] Ivy Cudgel Fire\n|-resisted|p1a: Gouging Fire\n|-damage|p1a: Gouging Fire|76/100\n|move|p1a: Gouging Fire|Dragon Dance|p1a: Gouging Fire\n|-boost|p1a: Gouging Fire|atk|1\n|-boost|p1a: Gouging Fire|spe|1\n|move|p2a: Rillaboom|U-turn|p1a: Gouging Fire\n|-resisted|p1a: Gouging Fire\n|-damage|p1a: Gouging Fire|67/100\n|\n|t:|1771199361\n|switch|p2a: Kingambit|Kingambit, M|100/100|[from] U-turn\n|-enditem|p2a: Kingambit|Grassy Seed\n|-boost|p2a: Kingambit|def|1|[from] item: Grassy Seed\n|move|p1b: Goodra|Muddy Water|p2a: Kingambit|[spread] p2a\n|-miss|p1b: Goodra|p2b: Ogerpon\n|-damage|p2a: Kingambit|78/100\n|\n|-heal|p1a: Gouging Fire|73/100|[from] Grassy Terrain\n|-heal|p2a: Kingambit|84/100|[from] Grassy Terrain\n|upkeep\n|turn|3\n|\n|t:|1771199375\n|switch|p1b: Sinistcha|Sinistcha-Masterpiece|100/100\n|-heal|p1a: Gouging Fire|98/100|[from] ability: Hospitality|[of] p1b: Sinistcha\n|move|p2b: Ogerpon|Follow Me|p2b: Ogerpon\n|-singleturn|p2b: Ogerpon|move: Follow Me\n|move|p1a: Gouging Fire|Heat Crash|p2b: Ogerpon\n|-resisted|p2b: Ogerpon\n|-damage|p2b: Ogerpon|41/100\n|move|p2a: Kingambit|Swords Dance|p2a: Kingambit\n|-boost|p2a: Kingambit|atk|2\n|\n|-heal|p1a: Gouging Fire|100/100|[from] Grassy Terrain\n|-heal|p2b: Ogerpon|47/100|[from] Grassy Terrain\n|-heal|p2a: Kingambit|90/100|[from] Grassy Terrain\n|upkeep\n|turn|4\n|\n|t:|1771199388\n|move|p2b: Ogerpon|Follow Me|p2b: Ogerpon\n|-singleturn|p2b: Ogerpon|move: Follow Me\n|move|p1b: Sinistcha|Rage Powder|p1b: Sinistcha\n|-singleturn|p1b: Sinistcha|move: Rage Powder\n|move|p2a: Kingambit|Sucker Punch||[still]\n|-fail|p2a: Kingambit\n|move|p1a: Gouging Fire|Earthquake|p2a: Kingambit|[spread] p1b,p2a,p2b\n|-resisted|p1b: Sinistcha\n|-supereffective|p2a: Kingambit\n|-supereffective|p2b: Ogerpon\n|-damage|p1b: Sinistcha|94/100\n|-damage|p2a: Kingambit|69/100\n|-damage|p2b: Ogerpon|0 fnt\n|faint|p2b: Ogerpon\n|detailschange|p2: Ogerpon|Ogerpon-Hearthflame, F|[silent]\n|\n|-heal|p1b: Sinistcha|99/100|[from] Grassy Terrain\n|-heal|p1b: Sinistcha|100/100|[from] item: Leftovers\n|-heal|p2a: Kingambit|75/100|[from] Grassy Terrain\n|upkeep\n|c|☆inakunana|I MISSCLICKED\n|\n|t:|1771199398\n|switch|p2b: Rillaboom|Rillaboom, M|100/100\n|turn|5\n|\n|t:|1771199409\n|-terastallize|p1b: Sinistcha|Dark\n|move|p2b: Rillaboom|Fake Out|p1a: Gouging Fire\n|-crit|p1a: Gouging Fire\n|-damage|p1a: Gouging Fire|84/100\n|move|p1b: Sinistcha|Rage Powder|p1b: Sinistcha\n|-singleturn|p1b: Sinistcha|move: Rage Powder\n|cant|p1a: Gouging Fire|flinch\n|move|p2a: Kingambit|Kowtow Cleave|p1b: Sinistcha\n|-resisted|p1b: Sinistcha\n|-damage|p1b: Sinistcha|64/100\n|\n|-heal|p1a: Gouging Fire|90/100|[from] Grassy Terrain\n|-heal|p1b: Sinistcha|70/100|[from] Grassy Terrain\n|-heal|p1b: Sinistcha|76/100|[from] item: Leftovers\n|-heal|p2a: Kingambit|82/100|[from] Grassy Terrain\n|-fieldend|move: Grassy Terrain\n|upkeep\n|turn|6\n|\n|t:|1771199421\n|move|p2a: Kingambit|Protect|p2a: Kingambit\n|-singleturn|p2a: Kingambit|Protect\n|move|p1a: Gouging Fire|Earthquake|p2a: Kingambit|[spread] p1b,p2b\n|-activate|p2a: Kingambit|move: Protect\n|-resisted|p2b: Rillaboom\n|-damage|p1b: Sinistcha|51/100\n|-damage|p2b: Rillaboom|82/100\n|move|p2b: Rillaboom|U-turn|p1a: Gouging Fire\n|-resisted|p1a: Gouging Fire\n|-damage|p1a: Gouging Fire|79/100\n|\n|t:|1771199428\n|switch|p2b: Chien-Pao|Chien-Pao|100/100|[from] U-turn\n|-ability|p2b: Chien-Pao|Sword of Ruin\n|move|p1b: Sinistcha|Life Dew|p1b: Sinistcha|[spread] p1a,p1b\n|-heal|p1a: Gouging Fire|100/100\n|-heal|p1b: Sinistcha|77/100\n|\n|-heal|p1b: Sinistcha|83/100|[from] item: Leftovers\n|upkeep\n|turn|7\n|\n|t:|1771199438\n|move|p2b: Chien-Pao|Sacred Sword|p1b: Sinistcha\n|-supereffective|p1b: Sinistcha\n|-damage|p1b: Sinistcha|29/100\n|move|p1a: Gouging Fire|Heat Crash|p2a: Kingambit\n|-supereffective|p2a: Kingambit\n|-damage|p2a: Kingambit|0 fnt\n|faint|p2a: Kingambit\n|move|p1b: Sinistcha|Matcha Gotcha|p2b: Chien-Pao\n|-damage|p2b: Chien-Pao|51/100\n|-heal|p1b: Sinistcha|50/100|[from] drain|[of] p2b: Chien-Pao\n|\n|-heal|p1b: Sinistcha|56/100|[from] item: Leftovers\n|upkeep\n|\n|t:|1771199448\n|switch|p2a: Rillaboom|Rillaboom, M|82/100\n|-fieldstart|move: Grassy Terrain|[from] ability: Grassy Surge|[of] p2a: Rillaboom\n|turn|8\n|\n|t:|1771199458\n|switch|p1b: Goodra|Goodra-Hisui, F|100/100\n|move|p2a: Rillaboom|Fake Out|p1a: Gouging Fire\n|-damage|p1a: Gouging Fire|86/100\n|move|p2b: Chien-Pao|Sacred Sword|p1b: Goodra\n|-supereffective|p1b: Goodra\n|-damage|p1b: Goodra|21/100\n|cant|p1a: Gouging Fire|flinch\n|\n|-heal|p2b: Chien-Pao|57/100|[from] Grassy Terrain\n|-heal|p1a: Gouging Fire|92/100|[from] Grassy Terrain\n|-heal|p2a: Rillaboom|89/100|[from] Grassy Terrain\n|-heal|p1b: Goodra|27/100|[from] Grassy Terrain\n|upkeep\n|turn|9\n|\n|t:|1771199465\n|switch|p1b: Corviknight|Corviknight, M|100/100\n|move|p2b: Chien-Pao|Protect|p2b: Chien-Pao\n|-singleturn|p2b: Chien-Pao|Protect\n|move|p1a: Gouging Fire|Heat Crash|p2a: Rillaboom\n|-supereffective|p2a: Rillaboom\n|-damage|p2a: Rillaboom|0 fnt\n|faint|p2a: Rillaboom\n|\n|-heal|p2b: Chien-Pao|63/100|[from] Grassy Terrain\n|-heal|p1a: Gouging Fire|98/100|[from] Grassy Terrain\n|upkeep\n|\n|t:|1771199467\n|switch|p2a: Spectrier|Spectrier|100/100\n|-enditem|p2a: Spectrier|Grassy Seed\n|-boost|p2a: Spectrier|def|1|[from] item: Grassy Seed\n|turn|10\n|-message|inakunana forfeited.\n|\n|win|Quadmaster\n|raw|Quadmaster's rating: 1767 &rarr; <strong>1783</strong><br />(+16 for winning)\n|raw|inakunana's rating: 1696 &rarr; <strong>1680</strong><br />(-16 for losing)\n|l|☆Quadmaster\n|player|p1|\n", "uploadtime": 1771199704, "views": 17, "formatid": "gen9doublesou", "rating": 1680, "private": 0, "password": null}