{"id": "gen9doublesou-2539935446", "format": "[Gen 9] Doubles OU", "players": ["parentsnobbish", "tzk 332"], "log": "|j|☆parentsnobbish\n|j|☆tzk 332\n|t:|1771129643\n|gametype|doubles\n|player|p1|parentsnobbish|lucas|1629\n|player|p2|tzk 332|2|1605\n|gen|9\n|tier|[Gen 9] Doubles OU\n|rated|\n|rule|HP Percentage Mod: HP is shown in percentages\n|rule|Endless Battle Clause: Forcing endless battles is banned\n|rule|Species Clause: Limit one of each Pokémon\n|rule|OHKO Clause: OHKO moves are banned\n|rule|Evasion Moves Clause: Evasion moves are banned\n|rule|Gravity Sleep Clause: The combination of sleep-inducing moves with imperfect accuracy and Gravity or Gigantamax Orbeetle are banned\n|rule|Evasion Abilities Clause: Evasion abilities are banned\n|clearpoke\n|poke|p1|Landorus, M|\n|poke|p1|Tornadus, M|\n|poke|p1|Incineroar, F|\n|poke|p1|Rillaboom, F|\n|poke|p1|Gholdengo|\n|poke|p1|Diancie|\n|poke|p2|Okidogi, M|\n|poke|p2|Iron Hands|\n|poke|p2|Primarina, F|\n|poke|p2|Farigiraf, M|\n|poke|p2|Tornadus, M|\n|poke|p2|Chi-Yu|\n|teampreview\n|inactive|Battle timer is ON: inactive players will automatically lose when time's up. (requested by parentsnobbish)\n|inactive|parentsnobbish has 120 seconds left.\n|inactive|tzk 332 has 120 seconds left.\n|\n|t:|1771129679\n|teamsize|p1|6\n|teamsize|p2|6\n|start\n|switch|p1a: Tornadus|Tornadus, M|100/100\n|switch|p1b: Diancie|Diancie|100/100\n|switch|p2a: Primarina|Primarina, F|100/100\n|switch|p2b: Farigiraf|Farigiraf, M|100/100\n|turn|1\n|\n|t:|1771129689\n|-terastallize|p1b: Diancie|Dragon\n|move|p1a: Tornadus|Bleakwind Storm|p2b: Farigiraf|[spread] p2a,p2b\n|-crit|p2b: Farigiraf\n|-damage|p2a: Primarina|67/100\n|-damage|p2b: Farigiraf|47/100\n|move|p2a: Primarina|Hyper Voice|p1b: Diancie|[spread] p1a,p1b\n|-resisted|p1b: Diancie\n|-damage|p1a: Tornadus|31/100\n|-damage|p1b: Diancie|79/100\n|-damage|p2a: Primarina|57/100|[from] item: Life Orb\n|move|p2b: Farigiraf|Reflect|p2b: Farigiraf\n|-sidestart|p2: tzk 332|Reflect\n|move|p1b: Diancie|Diamond Storm|p2a: Primarina|[spread] p2a\n|-miss|p1b: Diancie|p2b: Farigiraf\n|-damage|p2a: Primarina|18/100\n|\n|upkeep\n|turn|2\n|inactive|tzk 332 has 120 seconds left.\n|\n|t:|1771129720\n|move|p2a: Primarina|Protect|p2a: Primarina\n|-singleturn|p2a: Primarina|Protect\n|move|p1a: Tornadus|Bleakwind Storm|p2a: Primarina|[spread] p2b\n|-activate|p2a: Primarina|move: Protect\n|-damage|p2b: Farigiraf|16/100\n|move|p2b: Farigiraf|Trick Room|p2b: Farigiraf\n|-fieldstart|move: Trick Room|[of] p2b: Farigiraf\n|move|p1b: Diancie|Trick Room|p1b: Diancie\n|-fieldend|move: Trick Room\n|\n|upkeep\n|turn|3\n|\n|t:|1771129737\n|move|p1a: Tornadus|Bleakwind Storm|p2a: Primarina|[spread] p2a\n|-miss|p1a: Tornadus|p2b: Farigiraf\n|-damage|p2a: Primarina|0 fnt\n|faint|p2a: Primarina\n|move|p2b: Farigiraf|Light Screen|p2b: Farigiraf\n|-sidestart|p2: tzk 332|move: Light Screen\n|move|p1b: Diancie|Trick Room|p1b: Diancie\n|-fieldstart|move: Trick Room|[of] p1b: Diancie\n|\n|upkeep\n|\n|t:|1771129748\n|switch|p2a: Iron Hands|Iron Hands|100/100\n|turn|4\n|\n|t:|1771129768\n|switch|p2b: Okidogi|Okidogi, M|100/100\n|switch|p1a: Incineroar|Incineroar, F|100/100\n|-ability|p1a: Incineroar|Intimidate|boost\n|-unboost|p2a: Iron Hands|atk|1\n|-ability|p2b: Okidogi|Guard Dog|boost\n|-boost|p2b: Okidogi|atk|1\n|move|p1b: Diancie|Diamond Storm|p2b: Okidogi|[spread] p2a,p2b\n|-resisted|p2a: Iron Hands\n|-resisted|p2b: Okidogi\n|-damage|p2a: Iron Hands|91/100\n|-damage|p2b: Okidogi|88/100\n|move|p2a: Iron Hands|Close Combat|p1b: Diancie\n|-damage|p1b: Diancie|33/100\n|-unboost|p2a: Iron Hands|def|1\n|-unboost|p2a: Iron Hands|spd|1\n|-damage|p2a: Iron Hands|81/100|[from] item: Life Orb\n|\n|upkeep\n|turn|5\n|\n|t:|1771129786\n|-end|p2a: Iron Hands|Quark Drive|[silent]\n|switch|p2a: Farigiraf|Farigiraf, M|16/100\n|switch|p1a: Tornadus|Tornadus, M|31/100\n|move|p1b: Diancie|Diamond Storm|p2a: Farigiraf|[spread] p2a,p2b\n|-resisted|p2b: Okidogi\n|-damage|p2a: Farigiraf|0 fnt\n|-damage|p2b: Okidogi|76/100\n|faint|p2a: Farigiraf\n|move|p2b: Okidogi|Poison Jab|p1b: Diancie\n|-damage|p1b: Diancie|0 fnt\n|faint|p1b: Diancie\n|-damage|p2b: Okidogi|66/100|[from] item: Life Orb\n|\n|-sideend|p2: tzk 332|Reflect\n|upkeep\n|\n|t:|1771129802\n|switch|p1b: Landorus|Landorus, M|100/100\n|switch|p2a: Tornadus|Tornadus, M|100/100\n|turn|6\n|\n|t:|1771129825\n|move|p1b: Landorus|Protect|p1b: Landorus\n|-singleturn|p1b: Landorus|Protect\n|move|p2b: Okidogi|Knock Off|p1b: Landorus\n|-activate|p1b: Landorus|move: Protect\n|move|p2a: Tornadus|Bleakwind Storm|p1b: Landorus|[spread] p1a\n|-activate|p1b: Landorus|move: Protect\n|-damage|p1a: Tornadus|0 fnt\n|faint|p1a: Tornadus\n|-damage|p2a: Tornadus|91/100|[from] item: Life Orb\n|\n|upkeep\n|\n|t:|1771129839\n|switch|p1a: Rillaboom|Rillaboom, F|100/100\n|-fieldstart|move: Grassy Terrain|[from] ability: Grassy Surge|[of] p1a: Rillaboom\n|turn|7\n|\n|t:|1771129849\n|move|p2a: Tornadus|Protect|p2a: Tornadus\n|-singleturn|p2a: Tornadus|Protect\n|move|p2b: Okidogi|Protect|p2b: Okidogi\n|-singleturn|p2b: Okidogi|Protect\n|move|p1a: Rillaboom|Fake Out|p2b: Okidogi\n|-activate|p2b: Okidogi|move: Protect\n|move|p1b: Landorus|Earth Power|p2b: Okidogi\n|-activate|p2b: Okidogi|move: Protect\n|\n|-heal|p2b: Okidogi|73/100|[from] Grassy Terrain\n|-sideend|p2: tzk 332|move: Light Screen\n|-fieldend|move: Trick Room\n|upkeep\n|turn|8\n|inactive|tzk 332 has 120 seconds left.\n|\n|t:|1771129880\n|switch|p1a: Gholdengo|Gholdengo|100/100\n|move|p2a: Tornadus|Tailwind|p2a: Tornadus\n|-sidestart|p2: tzk 332|move: Tailwind\n|move|p2b: Okidogi|Knock Off|p1b: Landorus\n|-damage|p1b: Landorus|24/100\n|-enditem|p1b: Landorus|Life Orb|[from] move: Knock Off|[of] p2b: Okidogi\n|-damage|p2b: Okidogi|63/100|[from] item: Life Orb\n|move|p1b: Landorus|Earth Power|p2b: Okidogi\n|-supereffective|p2b: Okidogi\n|-damage|p2b: Okidogi|0 fnt\n|faint|p2b: Okidogi\n|\n|upkeep\n|inactive|tzk 332 has 120 seconds left.\n|\n|t:|1771129886\n|switch|p2b: Chi-Yu|Chi-Yu|100/100\n|-ability|p2b: Chi-Yu|Beads of Ruin\n|turn|9\n|\n|t:|1771129893\n|switch|p1a: Incineroar|Incineroar, F|100/100\n|-ability|p1a: Incineroar|Intimidate|boost\n|-unboost|p2a: Tornadus|atk|1\n|-unboost|p2b: Chi-Yu|atk|1\n|move|p2b: Chi-Yu|Heat Wave|p1b: Landorus|[spread] p1a,p1b\n|-resisted|p1a: Incineroar\n|-damage|p1a: Incineroar|80/100\n|-damage|p1b: Landorus|0 fnt\n|faint|p1b: Landorus\n|move|p2a: Tornadus|Bleakwind Storm|p1a: Incineroar\n|-damage|p1a: Incineroar|9/100\n|-unboost|p1a: Incineroar|spe|1\n|-damage|p2a: Tornadus|81/100|[from] item: Life Orb\n|\n|-heal|p1a: Incineroar|15/100|[from] Grassy Terrain\n|upkeep\n|-message|parentsnobbish forfeited.\n|\n|win|tzk 332\n|raw|parentsnobbish's rating: 1654 &rarr; <strong>1631</strong><br />(-23 for losing)\n|raw|tzk 332's rating: 1605 &rarr; <strong>1628</strong><br />(+23 for winning)\n|l|☆parentsnobbish\n|player|p1|\n|l|☆tzk 332\n|player|p2|\n", "uploadtime": 1771130255, "views": 17, "formatid": "gen9doublesou", "rating": 1628, "private": 0, "password": null}