{"id": "gen9doublesou-2539957377", "format": "[Gen 9] Doubles OU", "players": ["FALDRACO", "Semayu117"], "log": "|j|☆FALDRACO\n|j|☆Semayu117\n|t:|1771133284\n|gametype|doubles\n|player|p1|FALDRACO|265|1510\n|player|p2|Semayu117|silver|1647\n|gen|9\n|tier|[Gen 9] Doubles OU\n|rated|\n|rule|HP Percentage Mod: HP is shown in percentages\n|rule|Endless Battle Clause: Forcing endless battles is banned\n|rule|Species Clause: Limit one of each Pokémon\n|rule|OHKO Clause: OHKO moves are banned\n|rule|Evasion Moves Clause: Evasion moves are banned\n|rule|Gravity Sleep Clause: The combination of sleep-inducing moves with imperfect accuracy and Gravity or Gigantamax Orbeetle are banned\n|rule|Evasion Abilities Clause: Evasion abilities are banned\n|clearpoke\n|poke|p1|Kommo-o, M|\n|poke|p1|Latios, M|\n|poke|p1|Flamigo, M|\n|poke|p1|Clefable, M|\n|poke|p1|Sinistcha|\n|poke|p1|Klefki, F|\n|poke|p2|Tyranitar, M|\n|poke|p2|Excadrill, F|\n|poke|p2|Hitmontop, M|\n|poke|p2|Amoonguss, M|\n|poke|p2|Gholdengo|\n|poke|p2|Landorus, M|\n|teampreview\n|\n|t:|1771133327\n|teamsize|p1|6\n|teamsize|p2|6\n|start\n|switch|p1a: Kommo-o|Kommo-o, M|100/100\n|switch|p1b: Latios|Latios, M|100/100\n|switch|p2a: Z AvaTAR|Tyranitar, M|100/100\n|switch|p2b: ZUKO|Gholdengo|100/100\n|-weather|Sandstorm|[from] ability: Sand Stream|[of] p2a: Z AvaTAR\n|turn|1\n|\n|t:|1771133346\n|-terastallize|p2a: Z AvaTAR|Flying\n|move|p2b: ZUKO|Make It Rain|p1b: Latios|[spread] p1a,p1b\n|-crit|p1a: Kommo-o\n|-damage|p1a: Kommo-o|42/100\n|-damage|p1b: Latios|59/100\n|-unboost|p2b: ZUKO|spa|1\n|-enditem|p1a: Kommo-o|Sitrus Berry|[eat]\n|-heal|p1a: Kommo-o|67/100|[from] item: Sitrus Berry\n|move|p1b: Latios|Simple Beam|p1a: Kommo-o\n|-ability|p1a: Kommo-o|Simple|Overcoat|[from] move: Simple Beam\n|move|p2a: Z AvaTAR|Knock Off|p1a: Kommo-o\n|-resisted|p1a: Kommo-o\n|-damage|p1a: Kommo-o|54/100\n|move|p1a: Kommo-o|Clangorous Soul|p1a: Kommo-o\n|-boost|p1a: Kommo-o|atk|2\n|-boost|p1a: Kommo-o|def|2\n|-boost|p1a: Kommo-o|spa|2\n|-boost|p1a: Kommo-o|spd|2\n|-boost|p1a: Kommo-o|spe|2\n|-damage|p1a: Kommo-o|21/100\n|\n|-weather|Sandstorm|[upkeep]\n|-damage|p1a: Kommo-o|15/100|[from] Sandstorm\n|-damage|p1b: Latios|53/100|[from] Sandstorm\n|-damage|p2a: Z AvaTAR|94/100|[from] Sandstorm\n|upkeep\n|turn|2\n|\n|t:|1771133405\n|switch|p1b: Flamigo|Flamigo, M|100/100\n|-copyboost|p1b: Flamigo|p1a: Kommo-o|[from] ability: Costar\n|move|p1a: Kommo-o|Protect|p1a: Kommo-o\n|-singleturn|p1a: Kommo-o|Protect\n|move|p2b: ZUKO|Make It Rain|p1a: Kommo-o|[spread] p1b\n|-activate|p1a: Kommo-o|move: Protect\n|-damage|p1b: Flamigo|78/100\n|-unboost|p2b: ZUKO|spa|1\n|move|p2a: Z AvaTAR|Tera Blast|p1a: Kommo-o|[anim] Tera Blast Flying\n|-activate|p1a: Kommo-o|move: Protect\n|\n|-weather|Sandstorm|[upkeep]\n|-damage|p1b: Flamigo|71/100|[from] Sandstorm\n|-damage|p1a: Kommo-o|8/100|[from] Sandstorm\n|-damage|p2a: Z AvaTAR|88/100|[from] Sandstorm\n|-heal|p1b: Flamigo|78/100|[from] item: Leftovers\n|upkeep\n|turn|3\n|\n|t:|1771133439\n|switch|p2b: SOKKA|Hitmontop, M|100/100\n|-ability|p2b: SOKKA|Intimidate|boost\n|-unboost|p1a: Kommo-o|atk|2\n|-unboost|p1b: Flamigo|atk|1\n|move|p1b: Flamigo|Liquidation|p2a: Z AvaTAR\n|-damage|p2a: Z AvaTAR|45/100\n|move|p1a: Kommo-o|Drain Punch|p2a: Z AvaTAR\n|-resisted|p2a: Z AvaTAR\n|-damage|p2a: Z AvaTAR|34/100\n|-heal|p1a: Kommo-o|14/100|[from] drain|[of] p2a: Z AvaTAR\n|move|p2a: Z AvaTAR|Tera Blast|p1b: Flamigo|[anim] Tera Blast Flying\n|-supereffective|p1b: Flamigo\n|-damage|p1b: Flamigo|21/100\n|\n|-weather|Sandstorm|[upkeep]\n|-damage|p1b: Flamigo|14/100|[from] Sandstorm\n|-damage|p1a: Kommo-o|8/100|[from] Sandstorm\n|-damage|p2b: SOKKA|94/100|[from] Sandstorm\n|-damage|p2a: Z AvaTAR|28/100|[from] Sandstorm\n|-heal|p1b: Flamigo|21/100|[from] item: Leftovers\n|upkeep\n|turn|4\n|\n|t:|1771133489\n|switch|p1a: Sinistcha|Sinistcha|100/100\n|-heal|p1b: Flamigo|46/100|[from] ability: Hospitality|[of] p1a: Sinistcha\n|move|p2b: SOKKA|Fake Out|p1a: Sinistcha\n|-immune|p1a: Sinistcha\n|move|p1b: Flamigo|Liquidation|p2a: Z AvaTAR\n|-damage|p2a: Z AvaTAR|0 fnt\n|faint|p2a: Z AvaTAR\n|\n|-weather|Sandstorm|[upkeep]\n|-damage|p1b: Flamigo|39/100|[from] Sandstorm\n|-damage|p2b: SOKKA|88/100|[from] Sandstorm\n|-damage|p1a: Sinistcha|94/100|[from] Sandstorm\n|-heal|p1b: Flamigo|46/100|[from] item: Leftovers\n|-heal|p1a: Sinistcha|100/100|[from] item: Leftovers\n|upkeep\n|\n|t:|1771133500\n|switch|p2a: MOMO|Amoonguss, M, shiny|100/100\n|turn|5\n|\n|t:|1771133517\n|move|p1b: Flamigo|Lunge|p2a: MOMO\n|-damage|p2a: MOMO|66/100\n|-unboost|p2a: MOMO|atk|1\n|move|p2b: SOKKA|Ice Spinner|p1a: Sinistcha\n|-supereffective|p1a: Sinistcha\n|-damage|p1a: Sinistcha|77/100\n|move|p1a: Sinistcha|Psych Up|p1b: Flamigo\n|-copyboost|p1a: Sinistcha|p1b: Flamigo|[from] move: Psych Up\n|move|p2a: MOMO|Spore|p1b: Flamigo\n|-status|p1b: Flamigo|slp|[from] move: Spore\n|\n|-weather|none\n|-heal|p1b: Flamigo|52/100 slp|[from] item: Leftovers\n|-heal|p1a: Sinistcha|83/100|[from] item: Leftovers\n|upkeep\n|turn|6\n|\n|t:|1771133552\n|switch|p2b: ZUKO|Gholdengo|100/100\n|cant|p1b: Flamigo|slp\n|move|p1a: Sinistcha|Hex|p2a: MOMO\n|-damage|p2a: MOMO|17/100\n|move|p2a: MOMO|Pollen Puff|p1b: Flamigo\n|-resisted|p1b: Flamigo\n|-damage|p1b: Flamigo|49/100 slp\n|\n|-heal|p1b: Flamigo|55/100 slp|[from] item: Leftovers\n|-heal|p1a: Sinistcha|90/100|[from] item: Leftovers\n|upkeep\n|turn|7\n|\n|t:|1771133580\n|switch|p2a: SOKKA|Hitmontop, M|88/100\n|-ability|p2a: SOKKA|Intimidate|boost\n|-unboost|p1a: Sinistcha|atk|1\n|-unboost|p1b: Flamigo|atk|1\n|cant|p1b: Flamigo|slp\n|move|p2b: ZUKO|Shadow Ball|p1a: Sinistcha\n|-supereffective|p1a: Sinistcha\n|-damage|p1a: Sinistcha|37/100\n|move|p1a: Sinistcha|Hex|p2b: ZUKO\n|-supereffective|p2b: ZUKO\n|-damage|p2b: ZUKO|0 fnt\n|faint|p2b: ZUKO\n|\n|-heal|p1b: Flamigo|61/100 slp|[from] item: Leftovers\n|-heal|p1a: Sinistcha|44/100|[from] item: Leftovers\n|upkeep\n|\n|t:|1771133587\n|switch|p2b: KING BOOMIE|Landorus, M|100/100\n|turn|8\n|\n|t:|1771133607\n|move|p2a: SOKKA|Fake Out|p1b: Flamigo\n|-damage|p1b: Flamigo|55/100 slp\n|cant|p1b: Flamigo|slp\n|move|p1a: Sinistcha|Matcha Gotcha|p2a: SOKKA|[spread] p2a,p2b\n|-damage|p2a: SOKKA|45/100\n|-heal|p1a: Sinistcha|62/100|[from] drain|[of] p2a: SOKKA\n|-damage|p2b: KING BOOMIE|39/100\n|-heal|p1a: Sinistcha|91/100|[from] drain|[of] p2b: KING BOOMIE\n|-enditem|p2a: SOKKA|Eject Button\n|\n|t:|1771133619\n|switch|p2a: TOPH|Excadrill, F|100/100\n|move|p2b: KING BOOMIE|Substitute|p2b: KING BOOMIE\n|-start|p2b: KING BOOMIE|Substitute\n|-damage|p2b: KING BOOMIE|14/100\n|\n|-heal|p1b: Flamigo|62/100 slp|[from] item: Leftovers\n|-heal|p1a: Sinistcha|97/100|[from] item: Leftovers\n|upkeep\n|turn|9\n|-message|Semayu117 forfeited.\n|\n|win|FALDRACO\n|raw|FALDRACO's rating: 1510 &rarr; <strong>1538</strong><br />(+28 for winning)\n|raw|Semayu117's rating: 1647 &rarr; <strong>1619</strong><br />(-28 for losing)\n|c|☆FALDRACO|Lol\n|l|☆FALDRACO\n|player|p1|\n", "uploadtime": 1771133991, "views": 16, "formatid": "gen9doublesou", "rating": 1538, "private": 0, "password": null}