{"id": "gen9doublesou-2540566990", "format": "[Gen 9] Doubles OU", "players": ["LeBronFan54", "drapionelectivire"], "log": "|badge|p2|bronze|gen9doublesou|100-8\n|uhtml|medal-msg|<div class=\"broadcast-blue\">Curious what those medals under the avatar are? PS now has Ladder Seasons! For more information, check out the <a href=\"https://www.smogon.com/forums/threads/3740067/\">thread on Smogon.</a></div>\n|j|☆LeBronFan54\n|j|☆drapionelectivire\n|t:|1771219164\n|gametype|doubles\n|player|p1|LeBronFan54|170|1592\n|player|p2|drapionelectivire|2|1778\n|gen|9\n|tier|[Gen 9] Doubles OU\n|rated|\n|rule|HP Percentage Mod: HP is shown in percentages\n|rule|Endless Battle Clause: Forcing endless battles is banned\n|rule|Species Clause: Limit one of each Pokémon\n|rule|OHKO Clause: OHKO moves are banned\n|rule|Evasion Moves Clause: Evasion moves are banned\n|rule|Gravity Sleep Clause: The combination of sleep-inducing moves with imperfect accuracy and Gravity or Gigantamax Orbeetle are banned\n|rule|Evasion Abilities Clause: Evasion abilities are banned\n|clearpoke\n|poke|p1|Primarina, F|\n|poke|p1|Rillaboom, F|\n|poke|p1|Raging Bolt|\n|poke|p1|Gholdengo|\n|poke|p1|Clefairy, M|\n|poke|p1|Ursaluna-Bloodmoon, M|\n|poke|p2|Torkoal, F|\n|poke|p2|Lilligant-Hisui, F|\n|poke|p2|Farigiraf, M|\n|poke|p2|Raging Bolt|\n|poke|p2|Walking Wake|\n|poke|p2|Typhlosion-Hisui, M|\n|teampreview\n|inactive|Battle timer is ON: inactive players will automatically lose when time's up. (requested by drapionelectivire)\n|\n|t:|1771219189\n|teamsize|p1|6\n|teamsize|p2|6\n|start\n|switch|p1a: Riller|Rillaboom, F|100/100\n|switch|p1b: Von|Ursaluna-Bloodmoon, M|100/100\n|switch|p2a: Torkoal|Torkoal, F|100/100\n|switch|p2b: Lilligant|Lilligant-Hisui, F, shiny|100/100\n|-fieldstart|move: Grassy Terrain|[from] ability: Grassy Surge|[of] p1a: Riller\n|-weather|SunnyDay|[from] ability: Drought|[of] p2a: Torkoal\n|turn|1\n|\n|t:|1771219213\n|switch|p2a: Farigiraf|Farigiraf, M|100/100\n|-terastallize|p1b: Von|Ghost\n|move|p2b: Lilligant|Solar Blade||[still]\n|-prepare|p2b: Lilligant|Solar Blade\n|-anim|p2b: Lilligant|Solar Blade|p1b: Von\n|-damage|p1b: Von|42/100\n|move|p1a: Riller|High Horsepower|p2a: Farigiraf\n|-damage|p2a: Farigiraf|68/100\n|move|p1b: Von|Hyper Voice|p2b: Lilligant|[spread] p2a,p2b\n|-damage|p2a: Farigiraf|27/100\n|-damage|p2b: Lilligant|40/100\n|-enditem|p1b: Von|Throat Spray\n|-boost|p1b: Von|spa|1|[from] item: Throat Spray\n|\n|-weather|SunnyDay|[upkeep]\n|-heal|p2b: Lilligant|46/100|[from] Grassy Terrain\n|-heal|p1b: Von|48/100|[from] Grassy Terrain\n|-heal|p2a: Farigiraf|33/100|[from] Grassy Terrain\n|upkeep\n|turn|2\n|\n|t:|1771219238\n|move|p2b: Lilligant|Close Combat|p1a: Riller\n|-damage|p1a: Riller|35/100\n|-unboost|p2b: Lilligant|def|1\n|-unboost|p2b: Lilligant|spd|1\n|move|p1a: Riller|U-turn|p2a: Farigiraf\n|-supereffective|p2a: Farigiraf\n|-damage|p2a: Farigiraf|0 fnt\n|faint|p2a: Farigiraf\n|\n|t:|1771219246\n|switch|p1a: CP3|Clefairy, M|100/100|[from] U-turn\n|move|p1b: Von|Hyper Voice|p2b: Lilligant\n|-damage|p2b: Lilligant|0 fnt\n|faint|p2b: Lilligant\n|\n|-weather|SunnyDay|[upkeep]\n|-heal|p1b: Von|54/100|[from] Grassy Terrain\n|upkeep\n|\n|t:|1771219256\n|switch|p2b: Typhlosion|Typhlosion-Hisui, M|100/100\n|switch|p2a: Walking Wake|Walking Wake|100/100\n|-activate|p2a: Walking Wake|ability: Protosynthesis\n|-start|p2a: Walking Wake|protosynthesisspe\n|turn|3\n|\n|t:|1771219264\n|move|p1a: CP3|Follow Me|p1a: CP3\n|-singleturn|p1a: CP3|move: Follow Me\n|move|p2a: Walking Wake|Hydro Steam|p1a: CP3\n|-damage|p1a: CP3|51/100\n|-damage|p2a: Walking Wake|91/100|[from] item: Life Orb\n|move|p2b: Typhlosion|Eruption|p1b: Von|[spread] p1a,p1b\n|-crit|p1a: CP3\n|-damage|p1a: CP3|0 fnt\n|-damage|p1b: Von|0 fnt\n|faint|p1a: CP3\n|faint|p1b: Von\n|\n|-weather|SunnyDay|[upkeep]\n|-heal|p2a: Walking Wake|97/100|[from] Grassy Terrain\n|upkeep\n|\n|t:|1771219276\n|switch|p1b: Tha Big Rina|Primarina, F|100/100\n|switch|p1a: Agenda Maintainer|Raging Bolt|100/100\n|-activate|p1a: Agenda Maintainer|ability: Protosynthesis\n|-start|p1a: Agenda Maintainer|protosynthesisspa\n|turn|4\n|\n|t:|1771219298\n|-end|p1a: Agenda Maintainer|Protosynthesis|[silent]\n|switch|p1a: Riller|Rillaboom, F|35/100\n|move|p2a: Walking Wake|Draco Meteor|p1a: Riller\n|-damage|p1a: Riller|0 fnt\n|-unboost|p2a: Walking Wake|spa|2\n|faint|p1a: Riller\n|-damage|p2a: Walking Wake|87/100|[from] item: Life Orb\n|move|p2b: Typhlosion|Eruption|p1b: Tha Big Rina\n|-resisted|p1b: Tha Big Rina\n|-damage|p1b: Tha Big Rina|52/100\n|move|p1b: Tha Big Rina|Moonblast|p2a: Walking Wake\n|-supereffective|p2a: Walking Wake\n|-damage|p2a: Walking Wake|0 fnt\n|faint|p2a: Walking Wake\n|-end|p2a: Walking Wake|Protosynthesis|[silent]\n|\n|-weather|SunnyDay|[upkeep]\n|-heal|p1b: Tha Big Rina|58/100|[from] Grassy Terrain\n|-heal|p1b: Tha Big Rina|64/100|[from] item: Leftovers\n|upkeep\n|\n|t:|1771219316\n|switch|p2a: Raging Bolt|Raging Bolt|100/100\n|switch|p1a: Agenda Maintainer|Raging Bolt|100/100\n|-activate|p2a: Raging Bolt|ability: Protosynthesis\n|-start|p2a: Raging Bolt|protosynthesisspa\n|-activate|p1a: Agenda Maintainer|ability: Protosynthesis\n|-start|p1a: Agenda Maintainer|protosynthesisspa\n|turn|5\n|\n|t:|1771219324\n|-terastallize|p2a: Raging Bolt|Fairy\n|move|p1b: Tha Big Rina|Protect|p1b: Tha Big Rina\n|-singleturn|p1b: Tha Big Rina|Protect\n|move|p1a: Agenda Maintainer|Thunderclap|p2b: Typhlosion\n|-damage|p2b: Typhlosion|33/100\n|move|p2b: Typhlosion|Eruption|p1b: Tha Big Rina|[spread] p1a\n|-activate|p1b: Tha Big Rina|move: Protect\n|-resisted|p1a: Agenda Maintainer\n|-damage|p1a: Agenda Maintainer|84/100\n|move|p2a: Raging Bolt|Thunderbolt|p1b: Tha Big Rina\n|-activate|p1b: Tha Big Rina|move: Protect\n|\n|-weather|SunnyDay|[upkeep]\n|-heal|p2b: Typhlosion|39/100|[from] Grassy Terrain\n|-heal|p1a: Agenda Maintainer|90/100|[from] Grassy Terrain\n|-heal|p1a: Agenda Maintainer|96/100|[from] item: Leftovers\n|-heal|p1b: Tha Big Rina|70/100|[from] Grassy Terrain\n|-heal|p1b: Tha Big Rina|76/100|[from] item: Leftovers\n|-fieldend|move: Grassy Terrain\n|upkeep\n|turn|6\n|\n|t:|1771219347\n|move|p2b: Typhlosion|Eruption|p1b: Tha Big Rina|[spread] p1a,p1b\n|-resisted|p1a: Agenda Maintainer\n|-resisted|p1b: Tha Big Rina\n|-damage|p1a: Agenda Maintainer|82/100\n|-damage|p1b: Tha Big Rina|62/100\n|move|p1a: Agenda Maintainer|Thunderbolt|p2a: Raging Bolt\n|-damage|p2a: Raging Bolt|44/100\n|move|p2a: Raging Bolt|Thunderbolt|p1b: Tha Big Rina\n|-supereffective|p1b: Tha Big Rina\n|-damage|p1b: Tha Big Rina|0 fnt\n|faint|p1b: Tha Big Rina\n|\n|-weather|SunnyDay|[upkeep]\n|-heal|p2a: Raging Bolt|50/100|[from] item: Leftovers\n|-heal|p1a: Agenda Maintainer|88/100|[from] item: Leftovers\n|upkeep\n|\n|t:|1771219355\n|switch|p1b: Blackrock|Gholdengo|100/100\n|turn|7\n|\n|t:|1771219367\n|move|p1b: Blackrock|Protect|p1b: Blackrock\n|-singleturn|p1b: Blackrock|Protect\n|move|p2b: Typhlosion|Eruption|p1a: Agenda Maintainer|[spread] p1a\n|-activate|p1b: Blackrock|move: Protect\n|-resisted|p1a: Agenda Maintainer\n|-damage|p1a: Agenda Maintainer|75/100\n|move|p2a: Raging Bolt|Tera Blast|p1a: Agenda Maintainer|[anim] Tera Blast Fairy\n|-supereffective|p1a: Agenda Maintainer\n|-damage|p1a: Agenda Maintainer|0 fnt\n|faint|p1a: Agenda Maintainer\n|-end|p1a: Agenda Maintainer|Protosynthesis|[silent]\n|\n|-weather|SunnyDay|[upkeep]\n|-heal|p2a: Raging Bolt|56/100|[from] item: Leftovers\n|upkeep\n|turn|8\n|\n|t:|1771219384\n|move|p2a: Raging Bolt|Protect|p2a: Raging Bolt\n|-singleturn|p2a: Raging Bolt|Protect\n|move|p2b: Typhlosion|Eruption|p1b: Blackrock\n|-supereffective|p1b: Blackrock\n|-damage|p1b: Blackrock|3/100\n|move|p1b: Blackrock|Make It Rain|p2a: Raging Bolt|[spread] p2b\n|-activate|p2a: Raging Bolt|move: Protect\n|-resisted|p2b: Typhlosion\n|-damage|p2b: Typhlosion|1/100\n|-unboost|p1b: Blackrock|spa|1\n|\n|-weather|none\n|-end|p2a: Raging Bolt|Protosynthesis\n|-heal|p2a: Raging Bolt|62/100|[from] item: Leftovers\n|upkeep\n|turn|9\n|\n|t:|1771219408\n|-end|p2a: Raging Bolt|Protosynthesis|[silent]\n|switch|p2a: Torkoal|Torkoal, F|100/100\n|-weather|SunnyDay|[from] ability: Drought|[of] p2a: Torkoal\n|move|p2b: Typhlosion|Eruption|p1b: Blackrock\n|-supereffective|p1b: Blackrock\n|-damage|p1b: Blackrock|0 fnt\n|faint|p1b: Blackrock\n|\n|win|drapionelectivire\n|raw|LeBronFan54's rating: 1592 &rarr; <strong>1582</strong><br />(-10 for losing)\n|raw|drapionelectivire's rating: 1778 &rarr; <strong>1788</strong><br />(+10 for winning)\n|l|☆LeBronFan54\n|player|p1|\n|l|☆drapionelectivire\n|player|p2|\n", "uploadtime": 1771219797, "views": 13, "formatid": "gen9doublesou", "rating": 1582, "private": 0, "password": null}