{"id": "gen9doublesou-2540218821", "format": "[Gen 9] Doubles OU", "players": ["I❤️娜禄forever", "Lopsidedeyehermit"], "log": "|j|☆I❤️娜禄forever\n|j|☆Lopsidedeyehermit\n|t:|1771177151\n|gametype|doubles\n|player|p1|I❤️娜禄forever|youngcouple-gen4dp|1550\n|player|p2|Lopsidedeyehermit|clerk|1618\n|gen|9\n|tier|[Gen 9] Doubles OU\n|rated|\n|rule|HP Percentage Mod: HP is shown in percentages\n|rule|Endless Battle Clause: Forcing endless battles is banned\n|rule|Species Clause: Limit one of each Pokémon\n|rule|OHKO Clause: OHKO moves are banned\n|rule|Evasion Moves Clause: Evasion moves are banned\n|rule|Gravity Sleep Clause: The combination of sleep-inducing moves with imperfect accuracy and Gravity or Gigantamax Orbeetle are banned\n|rule|Evasion Abilities Clause: Evasion abilities are banned\n|clearpoke\n|poke|p1|Pincurchin, M|\n|poke|p1|Iron Hands|\n|poke|p1|Iron Boulder|\n|poke|p1|Weezing, M|\n|poke|p1|Iron Jugulis|\n|poke|p1|Iron Moth|\n|poke|p2|Tyranitar, M|\n|poke|p2|Excadrill, M|\n|poke|p2|Orthworm, F|\n|poke|p2|Garganacl, F|\n|poke|p2|Incineroar, F|\n|poke|p2|Amoonguss, F|\n|teampreview\n|\n|t:|1771177167\n|teamsize|p1|6\n|teamsize|p2|6\n|start\n|switch|p1a: Weezing|Weezing, M|100/100\n|switch|p1b: Iron Hands|Iron Hands|100/100\n|switch|p2a: Incineroar|Incineroar, F, shiny|100/100\n|switch|p2b: Wormy|Orthworm, F, shiny|100/100\n|-ability|p1a: Weezing|Neutralizing Gas\n|turn|1\n|\n|t:|1771177178\n|move|p2a: Incineroar|Fake Out|p1b: Iron Hands\n|-damage|p1b: Iron Hands|93/100\n|cant|p1b: Iron Hands|flinch\n|move|p2b: Wormy|Stealth Rock|p1a: Weezing\n|-sidestart|p1: I❤️娜禄forever|move: Stealth Rock\n|move|p1a: Weezing|Substitute|p1a: Weezing\n|-start|p1a: Weezing|Substitute\n|-damage|p1a: Weezing|75/100\n|\n|-heal|p1a: Weezing|82/100|[from] item: Leftovers\n|upkeep\n|turn|2\n|\n|t:|1771177191\n|move|p2b: Wormy|Shed Tail|p2b: Wormy\n|-start|p2b: Wormy|Substitute|[from] move: Shed Tail\n|-damage|p2b: Wormy|50/100\n|-enditem|p2b: Wormy|Sitrus Berry|[eat]\n|-heal|p2b: Wormy|75/100|[from] item: Sitrus Berry\n|\n|t:|1771177197\n|switch|p2b: Drillbit|Excadrill, M, shiny|100/100|[from] Shed Tail\n|move|p1a: Weezing|Will-O-Wisp||[still]\n|-fail|p1a: Weezing\n|move|p2a: Incineroar|Flare Blitz|p1b: Iron Hands\n|-damage|p1b: Iron Hands|61/100\n|-damage|p2a: Incineroar|87/100|[from] Recoil\n|move|p1b: Iron Hands|Drain Punch|p2a: Incineroar\n|-supereffective|p2a: Incineroar\n|-damage|p2a: Incineroar|10/100\n|-heal|p1b: Iron Hands|91/100|[from] drain|[of] p2a: Incineroar\n|\n|-heal|p1a: Weezing|88/100|[from] item: Leftovers\n|upkeep\n|turn|3\n|\n|t:|1771177218\n|move|p1a: Weezing|Protect|p1a: Weezing\n|-singleturn|p1a: Weezing|Protect\n|move|p2b: Drillbit|Swords Dance|p2b: Drillbit\n|-boost|p2b: Drillbit|atk|2\n|move|p2a: Incineroar|Flare Blitz|p1a: Weezing\n|-activate|p1a: Weezing|move: Protect\n|move|p1b: Iron Hands|Drain Punch|p2b: Drillbit\n|-supereffective|p2b: Drillbit\n|-end|p2b: Drillbit|Substitute\n|-heal|p1b: Iron Hands|99/100|[from] drain|[of] p2b: Drillbit\n|\n|-heal|p1a: Weezing|94/100|[from] item: Leftovers\n|upkeep\n|turn|4\n|\n|t:|1771177243\n|-terastallize|p2b: Drillbit|Ground\n|-terastallize|p1b: Iron Hands|Grass\n|move|p2b: Drillbit|Earthquake|p1b: Iron Hands|[spread] p2a,p1a,p1b\n|-supereffective|p1a: Weezing\n|-end|p1a: Weezing|Substitute\n|-supereffective|p2a: Incineroar\n|-resisted|p1b: Iron Hands\n|-damage|p2a: Incineroar|0 fnt\n|-damage|p1b: Iron Hands|64/100\n|faint|p2a: Incineroar\n|move|p1a: Weezing|Will-O-Wisp|p2b: Drillbit\n|-status|p2b: Drillbit|brn\n|move|p1b: Iron Hands|Drain Punch|p2b: Drillbit\n|-damage|p2b: Drillbit|45/100 brn\n|-heal|p1b: Iron Hands|84/100|[from] drain|[of] p2b: Drillbit\n|\n|-heal|p1a: Weezing|99/100|[from] item: Leftovers\n|-damage|p2b: Drillbit|39/100 brn|[from] brn\n|upkeep\n|\n|t:|1771177260\n|switch|p2a: Amoonguss|Amoonguss, F, shiny|100/100\n|turn|5\n|\n|t:|1771177269\n|move|p2b: Drillbit|Protect|p2b: Drillbit\n|-singleturn|p2b: Drillbit|Protect\n|move|p1a: Weezing|Protect|p1a: Weezing\n|-singleturn|p1a: Weezing|Protect\n|move|p1b: Iron Hands|Drain Punch|p2b: Drillbit\n|-activate|p2b: Drillbit|move: Protect\n|move|p2a: Amoonguss|Spore|p1a: Weezing\n|-activate|p1a: Weezing|move: Protect\n|\n|-heal|p1a: Weezing|100/100|[from] item: Leftovers\n|-damage|p2b: Drillbit|33/100 brn|[from] brn\n|upkeep\n|turn|6\n|\n|t:|1771177281\n|-end|p1a: Weezing|ability: Neutralizing Gas\n|switch|p1a: Iron Jugulis|Iron Jugulis|100/100\n|-damage|p1a: Iron Jugulis|75/100|[from] Stealth Rock\n|move|p2b: Drillbit|Earthquake|p1a: Iron Jugulis|[spread] p2a,p1b\n|-immune|p1a: Iron Jugulis\n|-resisted|p1b: Iron Hands\n|-damage|p2a: Amoonguss|43/100\n|-damage|p1b: Iron Hands|68/100\n|move|p1b: Iron Hands|Drain Punch|p2b: Drillbit\n|-damage|p2b: Drillbit|0 fnt\n|-heal|p1b: Iron Hands|80/100|[from] drain|[of] p2b: Drillbit\n|faint|p2b: Drillbit\n|move|p2a: Amoonguss|Pollen Puff|p2: Drillbit|[notarget]\n|-fail|p2a: Amoonguss\n|\n|upkeep\n|\n|t:|1771177294\n|switch|p2b: Zilla|Tyranitar, M, shiny|100/100\n|-weather|Sandstorm|[from] ability: Sand Stream|[of] p2b: Zilla\n|turn|7\n|\n|t:|1771177313\n|move|p1a: Iron Jugulis|Heat Wave|p2a: Amoonguss|[spread] p2a,p2b\n|-supereffective|p2a: Amoonguss\n|-resisted|p2b: Zilla\n|-damage|p2a: Amoonguss|2/100\n|-damage|p2b: Zilla|91/100\n|move|p2b: Zilla|Low Kick|p1b: Iron Hands\n|-damage|p1b: Iron Hands|52/100\n|move|p1b: Iron Hands|Drain Punch|p2b: Zilla\n|-supereffective|p2b: Zilla\n|-damage|p2b: Zilla|0 fnt\n|-heal|p1b: Iron Hands|82/100|[from] drain|[of] p2b: Zilla\n|faint|p2b: Zilla\n|move|p2a: Amoonguss|Spore|p1a: Iron Jugulis\n|-status|p1a: Iron Jugulis|slp|[from] move: Spore\n|\n|-weather|Sandstorm|[upkeep]\n|-damage|p1a: Iron Jugulis|69/100 slp|[from] Sandstorm\n|-damage|p1b: Iron Hands|76/100|[from] Sandstorm\n|-damage|p2a: Amoonguss|0 fnt|[from] Sandstorm\n|faint|p2a: Amoonguss\n|upkeep\n|\n|t:|1771177321\n|switch|p2b: Wormy|Orthworm, F, shiny|75/100\n|switch|p2a: Salt Lick|Garganacl, F, shiny|100/100\n|turn|8\n|-message|Lopsidedeyehermit forfeited.\n|\n|win|I❤️娜禄forever\n|raw|I❤️娜禄forever's rating: 1550 &rarr; <strong>1574</strong><br />(+24 for winning)\n|raw|Lopsidedeyehermit's rating: 1618 &rarr; <strong>1594</strong><br />(-24 for losing)\n|l|☆Lopsidedeyehermit\n|player|p2|\n|l|☆I❤️娜禄forever\n|player|p1|\n", "uploadtime": 1771177543, "views": 10, "formatid": "gen9doublesou", "rating": 1574, "private": 0, "password": null}