{"id": "gen9doublesou-2539898038", "format": "[Gen 9] Doubles OU", "players": ["xyyyyyz", "Dancindragons"], "log": "|j|☆xyyyyyz\n|j|☆Dancindragons\n|t:|1771124118\n|gametype|doubles\n|player|p1|xyyyyyz|miku-fire|1545\n|player|p2|Dancindragons|169|1712\n|gen|9\n|tier|[Gen 9] Doubles OU\n|rated|\n|rule|HP Percentage Mod: HP is shown in percentages\n|rule|Endless Battle Clause: Forcing endless battles is banned\n|rule|Species Clause: Limit one of each Pokémon\n|rule|OHKO Clause: OHKO moves are banned\n|rule|Evasion Moves Clause: Evasion moves are banned\n|rule|Gravity Sleep Clause: The combination of sleep-inducing moves with imperfect accuracy and Gravity or Gigantamax Orbeetle are banned\n|rule|Evasion Abilities Clause: Evasion abilities are banned\n|clearpoke\n|poke|p1|Glimmora, F|\n|poke|p1|Dragonite, M|\n|poke|p1|Scizor, F|\n|poke|p1|Arcanine, F|\n|poke|p1|Palafin, M|\n|poke|p1|Chien-Pao|\n|poke|p2|Hatterene, F|\n|poke|p2|Brute Bonnet|\n|poke|p2|Hoopa-Unbound|\n|poke|p2|Ursaluna, M|\n|poke|p2|Indeedee-F, F|\n|poke|p2|Volcanion|\n|teampreview\n|inactive|Battle timer is ON: inactive players will automatically lose when time's up. (requested by xyyyyyz)\n|\n|t:|1771124135\n|teamsize|p1|6\n|teamsize|p2|6\n|start\n|switch|p1a: Scizor|Scizor, F|100/100\n|switch|p1b: Chien-Pao|Chien-Pao|100/100\n|switch|p2a: Indeedee|Indeedee-F, F|100/100\n|switch|p2b: Hatterene|Hatterene, F|100/100\n|-ability|p1b: Chien-Pao|Sword of Ruin\n|-fieldstart|move: Psychic Terrain|[from] ability: Psychic Surge|[of] p2a: Indeedee\n|turn|1\n|\n|t:|1771124142\n|move|p2a: Indeedee|Follow Me|p2a: Indeedee\n|-singleturn|p2a: Indeedee|move: Follow Me\n|move|p1b: Chien-Pao|Ice Spinner|p2a: Indeedee\n|-damage|p2a: Indeedee|23/100\n|-fieldend|move: Psychic Terrain\n|move|p1a: Scizor|U-turn|p2a: Indeedee\n|-supereffective|p2a: Indeedee\n|-damage|p2a: Indeedee|0 fnt\n|faint|p2a: Indeedee\n|\n|t:|1771124149\n|switch|p1a: Palafin|Palafin, M|100/100|[from] U-turn\n|move|p2b: Hatterene|Trick Room|p2b: Hatterene\n|-fieldstart|move: Trick Room|[of] p2b: Hatterene\n|\n|upkeep\n|\n|t:|1771124162\n|switch|p2a: Brute Bonnet|Brute Bonnet|100/100\n|turn|2\n|\n|t:|1771124166\n|detailschange|p1a: Palafin|Palafin-Hero, M\n|switch|p1a: Scizor|Scizor, F|100/100\n|move|p1b: Chien-Pao|Protect|p1b: Chien-Pao\n|-singleturn|p1b: Chien-Pao|Protect\n|move|p2b: Hatterene|Dazzling Gleam|p1a: Scizor|[spread] p1a\n|-activate|p1b: Chien-Pao|move: Protect\n|-resisted|p1a: Scizor\n|-damage|p1a: Scizor|80/100\n|move|p2a: Brute Bonnet|Spore|p1a: Scizor\n|-status|p1a: Scizor|slp|[from] move: Spore\n|\n|upkeep\n|turn|3\n|\n|t:|1771124187\n|switch|p2b: Volcanion|Volcanion|100/100\n|switch|p1b: Glimmora|Glimmora, F|100/100\n|move|p2a: Brute Bonnet|Spore|p1b: Glimmora\n|-status|p1b: Glimmora|slp|[from] move: Spore\n|cant|p1a: Scizor|slp\n|\n|upkeep\n|turn|4\n|\n|t:|1771124206\n|-end|p2a: Brute Bonnet|Protosynthesis|[silent]\n|switch|p2a: Ursaluna|Ursaluna, M|100/100\n|switch|p1a: Dragonite|Dragonite, M|100/100\n|move|p2b: Volcanion|Heat Wave|p1a: Dragonite|[spread] p1a,p1b\n|-resisted|p1a: Dragonite\n|-resisted|p1b: Glimmora\n|-damage|p1a: Dragonite|83/100\n|-damage|p1b: Glimmora|86/100 slp\n|cant|p1b: Glimmora|slp\n|\n|-status|p2a: Ursaluna|brn|[from] item: Flame Orb\n|upkeep\n|turn|5\n|\n|t:|1771124224\n|-terastallize|p1a: Dragonite|Normal\n|move|p1a: Dragonite|Extreme Speed|p2a: Ursaluna\n|-damage|p2a: Ursaluna|53/100 brn\n|move|p2a: Ursaluna|Facade|p1a: Dragonite\n|-damage|p1a: Dragonite|0 fnt\n|faint|p1a: Dragonite\n|move|p2b: Volcanion|Steam Eruption|p1b: Glimmora\n|-supereffective|p1b: Glimmora\n|-damage|p1b: Glimmora|0 fnt\n|faint|p1b: Glimmora\n|\n|-damage|p2a: Ursaluna|47/100 brn|[from] brn\n|-fieldend|move: Trick Room\n|upkeep\n|\n|t:|1771124242\n|switch|p1a: Palafin|Palafin-Hero, M|100/100\n|switch|p1b: Chien-Pao|Chien-Pao|100/100\n|-ability|p1b: Chien-Pao|Sword of Ruin\n|-activate|p1a: Palafin|ability: Zero to Hero\n|turn|6\n|\n|t:|1771124256\n|switch|p2a: Brute Bonnet|Brute Bonnet|100/100\n|move|p1b: Chien-Pao|Sacred Sword|p2b: Volcanion\n|-damage|p2b: Volcanion|71/100\n|move|p1a: Palafin|Flip Turn|p2a: Brute Bonnet\n|-resisted|p2a: Brute Bonnet\n|-damage|p2a: Brute Bonnet|72/100\n|\n|t:|1771124264\n|switch|p1a: Scizor|Scizor, F|80/100 slp|[from] Flip Turn\n|move|p2b: Volcanion|Steam Eruption|p1b: Chien-Pao\n|-damage|p1b: Chien-Pao|0 fnt\n|faint|p1b: Chien-Pao\n|\n|upkeep\n|\n|t:|1771124266\n|switch|p1b: Palafin|Palafin-Hero, M|100/100\n|turn|7\n|\n|t:|1771124274\n|move|p1b: Palafin|Zen Headbutt|p2b: Volcanion\n|-damage|p2b: Volcanion|33/100\n|-curestatus|p1a: Scizor|slp|[msg]\n|move|p1a: Scizor|U-turn|p2a: Brute Bonnet\n|-supereffective|p2a: Brute Bonnet\n|-damage|p2a: Brute Bonnet|0 fnt\n|faint|p2a: Brute Bonnet\n|-end|p2a: Brute Bonnet|Protosynthesis|[silent]\n|\n|t:|1771124280\n|switch|p1a: Arcanine|Arcanine, F|100/100|[from] U-turn\n|-ability|p1a: Arcanine|Intimidate|boost\n|-unboost|p2b: Volcanion|atk|1\n|move|p2b: Volcanion|Heat Wave|p1a: Arcanine|[spread] p1b\n|-miss|p2b: Volcanion|p1a: Arcanine\n|-resisted|p1b: Palafin\n|-damage|p1b: Palafin|78/100\n|\n|upkeep\n|\n|t:|1771124290\n|switch|p2a: Hatterene|Hatterene, F|100/100\n|turn|8\n|\n|t:|1771124296\n|move|p1b: Palafin|Zen Headbutt|p2a: Hatterene\n|-resisted|p2a: Hatterene\n|-damage|p2a: Hatterene|74/100\n|move|p1a: Arcanine|Snarl|p2a: Hatterene|[spread] p2a,p2b\n|-damage|p2a: Hatterene|64/100\n|-damage|p2b: Volcanion|23/100\n|-unboost|p2b: Volcanion|spa|1\n|move|p2b: Volcanion|Steam Eruption|p1a: Arcanine\n|-supereffective|p1a: Arcanine\n|-damage|p1a: Arcanine|33/100\n|move|p2a: Hatterene|Trick Room|p2a: Hatterene\n|-fieldstart|move: Trick Room|[of] p2a: Hatterene\n|\n|upkeep\n|turn|9\n|\n|t:|1771124317\n|move|p2a: Hatterene|Expanding Force|p1a: Arcanine\n|-damage|p1a: Arcanine|0 fnt\n|faint|p1a: Arcanine\n|move|p2b: Volcanion|Heat Wave|p1b: Palafin\n|-resisted|p1b: Palafin\n|-damage|p1b: Palafin|58/100\n|move|p1b: Palafin|Zen Headbutt|p2b: Volcanion\n|-damage|p2b: Volcanion|0 fnt\n|faint|p2b: Volcanion\n|\n|upkeep\n|\n|t:|1771124325\n|switch|p2b: Hoopa|Hoopa-Unbound|100/100\n|switch|p1a: Scizor|Scizor, F|80/100\n|turn|10\n|\n|t:|1771124335\n|-terastallize|p2a: Hatterene|Fire\n|move|p1a: Scizor|Bullet Punch|p2b: Hoopa\n|-damage|p2b: Hoopa|27/100\n|move|p2a: Hatterene|Tera Blast|p1a: Scizor|[anim] Tera Blast Fire\n|-supereffective|p1a: Scizor\n|-damage|p1a: Scizor|0 fnt\n|faint|p1a: Scizor\n|move|p2b: Hoopa|Dark Pulse|p1b: Palafin\n|-damage|p1b: Palafin|0 fnt\n|faint|p1b: Palafin\n|\n|win|Dancindragons\n|raw|xyyyyyz's rating: 1545 &rarr; <strong>1533</strong><br />(-12 for losing)\n|raw|Dancindragons's rating: 1694 &rarr; <strong>1706</strong><br />(+12 for winning)\n|l|☆Dancindragons\n|player|p2|\n|l|☆xyyyyyz\n|player|p1|\n", "uploadtime": 1771124627, "views": 16, "formatid": "gen9doublesou", "rating": 1533, "private": 0, "password": null}