{"id": "gen9doublesou-2540686955", "format": "[Gen 9] Doubles OU", "players": ["refridgenator", "Dr Sly"], "log": "|j|☆refridgenator\n|j|☆Dr Sly\n|t:|1771240272\n|gametype|doubles\n|player|p1|refridgenator|swimmer-gen4dp|1629\n|player|p2|Dr Sly|camper|1670\n|gen|9\n|tier|[Gen 9] Doubles OU\n|rated|\n|rule|HP Percentage Mod: HP is shown in percentages\n|rule|Endless Battle Clause: Forcing endless battles is banned\n|rule|Species Clause: Limit one of each Pokémon\n|rule|OHKO Clause: OHKO moves are banned\n|rule|Evasion Moves Clause: Evasion moves are banned\n|rule|Gravity Sleep Clause: The combination of sleep-inducing moves with imperfect accuracy and Gravity or Gigantamax Orbeetle are banned\n|rule|Evasion Abilities Clause: Evasion abilities are banned\n|clearpoke\n|poke|p1|Milotic, F|\n|poke|p1|Ninetales-Alola, F|\n|poke|p1|Incineroar, F|\n|poke|p1|Amoonguss, M|\n|poke|p1|Cresselia, F|\n|poke|p1|Porygon2|\n|poke|p2|Hitmonchan, M|\n|poke|p2|Volcanion|\n|poke|p2|Comfey, F|\n|poke|p2|Araquanid, F|\n|poke|p2|Moltres-Galar|\n|poke|p2|Thundurus, M|\n|teampreview\n|\n|t:|1771240288\n|teamsize|p1|6\n|teamsize|p2|6\n|start\n|switch|p1a: Incineroar|Incineroar, F|100/100\n|switch|p1b: Ninetales|Ninetales-Alola, F|100/100\n|switch|p2a: Volcanion|Volcanion|100/100\n|switch|p2b: Hitmonchan|Hitmonchan, M|100/100\n|-weather|Snowscape|[from] ability: Snow Warning|[of] p1b: Ninetales\n|-ability|p1a: Incineroar|Intimidate|boost\n|-unboost|p2a: Volcanion|atk|1\n|-unboost|p2b: Hitmonchan|atk|1\n|turn|1\n|\n|t:|1771240315\n|switch|p1a: Milotic|Milotic, F|100/100\n|move|p2b: Hitmonchan|Fake Out|p1a: Milotic\n|-damage|p1a: Milotic|94/100\n|move|p1b: Ninetales|Aurora Veil|p1b: Ninetales\n|-sidestart|p1: refridgenator|move: Aurora Veil\n|move|p2a: Volcanion|Heat Wave|p1b: Ninetales|[spread] p1a\n|-miss|p2a: Volcanion|p1b: Ninetales\n|-resisted|p1a: Milotic\n|-damage|p1a: Milotic|85/100\n|\n|-weather|Snowscape|[upkeep]\n|-heal|p1a: Milotic|91/100|[from] item: Leftovers\n|upkeep\n|turn|2\n|\n|t:|1771240337\n|switch|p1b: Incineroar|Incineroar, F|100/100\n|-ability|p1b: Incineroar|Intimidate|boost\n|-unboost|p2a: Volcanion|atk|1\n|-unboost|p2b: Hitmonchan|atk|1\n|switch|p2b: Comfey|Comfey, F|100/100\n|move|p2a: Volcanion|Sludge Bomb|p1a: Milotic\n|-damage|p1a: Milotic|76/100\n|move|p1a: Milotic|Coil|p1a: Milotic\n|-boost|p1a: Milotic|atk|1\n|-boost|p1a: Milotic|def|1\n|-boost|p1a: Milotic|accuracy|1\n|\n|-weather|Snowscape|[upkeep]\n|-heal|p1a: Milotic|82/100|[from] item: Leftovers\n|upkeep\n|turn|3\n|\n|t:|1771240360\n|move|p1b: Incineroar|Fake Out|p2b: Comfey\n|-damage|p2b: Comfey|89/100\n|cant|p2b: Comfey|flinch\n|move|p2a: Volcanion|Sludge Bomb|p1a: Milotic\n|-damage|p1a: Milotic|67/100\n|move|p1a: Milotic|Hypnosis|p2a: Volcanion\n|-status|p2a: Volcanion|slp|[from] move: Hypnosis\n|\n|-weather|Snowscape|[upkeep]\n|-heal|p1a: Milotic|73/100|[from] item: Leftovers\n|upkeep\n|turn|4\n|\n|t:|1771240377\n|move|p1a: Milotic|Protect|p1a: Milotic\n|-singleturn|p1a: Milotic|Protect\n|move|p2b: Comfey|Leech Seed|p1a: Milotic\n|-activate|p1a: Milotic|move: Protect\n|cant|p2a: Volcanion|slp\n|move|p1b: Incineroar|Knock Off|p2a: Volcanion\n|-damage|p2a: Volcanion|69/100 slp\n|-enditem|p2a: Volcanion|Assault Vest|[from] move: Knock Off|[of] p1b: Incineroar\n|\n|-weather|Snowscape|[upkeep]\n|-heal|p1a: Milotic|79/100|[from] item: Leftovers\n|upkeep\n|turn|5\n|\n|t:|1771240396\n|move|p2b: Comfey|Leech Seed|p1a: Milotic\n|-start|p1a: Milotic|move: Leech Seed\n|cant|p2a: Volcanion|slp\n|move|p1b: Incineroar|Flare Blitz|p2b: Comfey\n|-damage|p2b: Comfey|38/100\n|-damage|p1b: Incineroar|88/100|[from] Recoil\n|move|p1a: Milotic|Hypnosis|p2b: Comfey|[miss]\n|-miss|p1a: Milotic|p2b: Comfey\n|\n|-weather|none\n|-heal|p1a: Milotic|85/100|[from] item: Leftovers\n|-damage|p1a: Milotic|73/100|[from] Leech Seed|[of] p2b: Comfey\n|-heal|p2b: Comfey|59/100|[silent]\n|upkeep\n|turn|6\n|\n|t:|1771240417\n|switch|p1a: Porygon2|Porygon2|100/100\n|-ability|p1a: Porygon2|Download|boost\n|-boost|p1a: Porygon2|spa|1\n|move|p2b: Comfey|Protect|p2b: Comfey\n|-singleturn|p2b: Comfey|Protect\n|cant|p2a: Volcanion|slp\n|move|p1b: Incineroar|Flare Blitz|p2b: Comfey\n|-activate|p2b: Comfey|move: Protect\n|\n|upkeep\n|turn|7\n|\n|t:|1771240436\n|move|p2b: Comfey|Leech Seed|p1a: Porygon2\n|-start|p1a: Porygon2|move: Leech Seed\n|-curestatus|p2a: Volcanion|slp|[msg]\n|move|p2a: Volcanion|Steam Eruption|p1b: Incineroar\n|-supereffective|p1b: Incineroar\n|-damage|p1b: Incineroar|26/100\n|-enditem|p1b: Incineroar|Sitrus Berry|[eat]\n|-heal|p1b: Incineroar|51/100|[from] item: Sitrus Berry\n|move|p1b: Incineroar|Knock Off|p2b: Comfey\n|-resisted|p2b: Comfey\n|-damage|p2b: Comfey|37/100\n|-enditem|p2b: Comfey|Big Root|[from] move: Knock Off|[of] p1b: Incineroar\n|move|p1a: Porygon2|Trick Room|p1a: Porygon2\n|-fieldstart|move: Trick Room|[of] p1a: Porygon2\n|\n|-damage|p1a: Porygon2|88/100|[from] Leech Seed|[of] p2b: Comfey\n|-heal|p2b: Comfey|53/100|[silent]\n|upkeep\n|turn|8\n|\n|t:|1771240468\n|switch|p2a: Araquanid|Araquanid, F, shiny|100/100\n|move|p2b: Comfey|Protect|p2b: Comfey\n|-singleturn|p2b: Comfey|Protect\n|move|p1a: Porygon2|Tera Blast|p2a: Araquanid\n|-damage|p2a: Araquanid|44/100\n|move|p1b: Incineroar|Parting Shot|p2a: Araquanid\n|-unboost|p2a: Araquanid|atk|1\n|-unboost|p2a: Araquanid|spa|1\n|\n|t:|1771240481\n|switch|p1b: Amoonguss|Amoonguss, M|100/100|[from] Parting Shot\n|\n|-heal|p2a: Araquanid|50/100|[from] item: Leftovers\n|-damage|p1a: Porygon2|76/100|[from] Leech Seed|[of] p2b: Comfey\n|-heal|p2b: Comfey|68/100|[silent]\n|-sideend|p1: refridgenator|move: Aurora Veil\n|upkeep\n|turn|9\n|\n|t:|1771240499\n|switch|p2a: Hitmonchan|Hitmonchan, M|100/100\n|move|p2b: Comfey|Protect|p2b: Comfey\n|-singleturn|p2b: Comfey|Protect\n|move|p1b: Amoonguss|Spore|p2b: Comfey\n|-activate|p2b: Comfey|move: Protect\n|move|p1a: Porygon2|Tera Blast|p2a: Hitmonchan\n|-damage|p2a: Hitmonchan|61/100\n|\n|-damage|p1a: Porygon2|64/100|[from] Leech Seed|[of] p2b: Comfey\n|-heal|p2b: Comfey|83/100|[silent]\n|upkeep\n|turn|10\n|\n|t:|1771240516\n|switch|p1a: Incineroar|Incineroar, F|51/100\n|-ability|p1a: Incineroar|Intimidate|boost\n|-unboost|p2a: Hitmonchan|atk|1\n|-unboost|p2b: Comfey|atk|1\n|move|p2a: Hitmonchan|Fake Out|p1b: Amoonguss\n|-damage|p1b: Amoonguss|92/100\n|-damage|p2a: Hitmonchan|44/100|[from] item: Rocky Helmet|[of] p1b: Amoonguss\n|move|p2b: Comfey|Floral Healing|p2a: Hitmonchan\n|-heal|p2a: Hitmonchan|94/100\n|cant|p1b: Amoonguss|flinch\n|\n|upkeep\n|turn|11\n|\n|t:|1771240533\n|switch|p2a: Araquanid|Araquanid, F, shiny|50/100\n|move|p1a: Incineroar|Fake Out|p2a: Araquanid\n|-damage|p2a: Araquanid|40/100\n|move|p2b: Comfey|Floral Healing|p2a: Araquanid\n|-heal|p2a: Araquanid|90/100\n|move|p1b: Amoonguss|Spore|p2b: Comfey\n|-status|p2b: Comfey|slp|[from] move: Spore\n|\n|-heal|p2a: Araquanid|96/100|[from] item: Leftovers\n|-fieldend|move: Trick Room\n|upkeep\n|turn|12\n|\n|t:|1771240551\n|switch|p2b: Thundurus|Thundurus, M, shiny|100/100\n|switch|p1a: Milotic|Milotic, F|73/100\n|move|p2a: Araquanid|Liquidation|p1a: Milotic\n|-resisted|p1a: Milotic\n|-damage|p1a: Milotic|52/100\n|-unboost|p1a: Milotic|def|1\n|-ability|p1a: Milotic|Competitive|boost\n|-boost|p1a: Milotic|spa|2\n|move|p1b: Amoonguss|Clear Smog|p2b: Thundurus\n|-damage|p2b: Thundurus|80/100\n|-clearboost|p2b: Thundurus\n|\n|-heal|p1a: Milotic|58/100|[from] item: Leftovers\n|-heal|p2a: Araquanid|100/100|[from] item: Leftovers\n|upkeep\n|turn|13\n|\n|t:|1771240581\n|-terastallize|p1a: Milotic|Dragon\n|move|p2b: Thundurus|Taunt|p1b: Amoonguss\n|-start|p1b: Amoonguss|move: Taunt\n|move|p1a: Milotic|Coil|p1a: Milotic\n|-boost|p1a: Milotic|atk|1\n|-boost|p1a: Milotic|def|1\n|-boost|p1a: Milotic|accuracy|1\n|move|p2a: Araquanid|Leech Life|p1a: Milotic\n|-damage|p1a: Milotic|37/100\n|move|p1b: Amoonguss|Pollen Puff|p1a: Milotic\n|-heal|p1a: Milotic|87/100\n|\n|-heal|p1a: Milotic|93/100|[from] item: Leftovers\n|upkeep\n|turn|14\n|\n|t:|1771240603\n|switch|p2a: Comfey|Comfey, F|83/100 slp\n|move|p2b: Thundurus|Thunder Wave|p1a: Milotic\n|-status|p1a: Milotic|par\n|move|p1b: Amoonguss|Giga Drain|p2a: Comfey\n|-damage|p2a: Comfey|51/100 slp\n|-heal|p1b: Amoonguss|100/100|[from] drain|[of] p2a: Comfey\n|move|p1a: Milotic|Coil|p1a: Milotic\n|-boost|p1a: Milotic|atk|1\n|-boost|p1a: Milotic|def|1\n|-boost|p1a: Milotic|accuracy|1\n|\n|-heal|p1a: Milotic|99/100 par|[from] item: Leftovers\n|upkeep\n|turn|15\n|\n|t:|1771240621\n|move|p2b: Thundurus|Thunder Wave|p1b: Amoonguss\n|-status|p1b: Amoonguss|par\n|cant|p2a: Comfey|slp\n|cant|p1a: Milotic|par\n|cant|p1b: Amoonguss|par\n|\n|-heal|p1a: Milotic|100/100 par|[from] item: Leftovers\n|-end|p1b: Amoonguss|move: Taunt\n|upkeep\n|turn|16\n|\n|t:|1771240635\n|move|p2b: Thundurus|Taunt|p1a: Milotic\n|-start|p1a: Milotic|move: Taunt\n|cant|p2a: Comfey|slp\n|move|p1a: Milotic|Muddy Water|p2a: Comfey|[spread] p2a,p2b\n|-damage|p2a: Comfey|6/100 slp\n|-damage|p2b: Thundurus|33/100\n|move|p1b: Amoonguss|Clear Smog|p2a: Comfey\n|-supereffective|p2a: Comfey\n|-damage|p2a: Comfey|0 fnt\n|-clearboost|p2a: Comfey\n|faint|p2a: Comfey\n|\n|upkeep\n|\n|t:|1771240651\n|switch|p2a: Moltres|Moltres-Galar|100/100\n|turn|17\n|\n|t:|1771240662\n|switch|p1b: Ninetales|Ninetales-Alola, F|100/100\n|-weather|Snowscape|[from] ability: Snow Warning|[of] p1b: Ninetales\n|move|p2b: Thundurus|Taunt|p1b: Ninetales\n|-start|p1b: Ninetales|move: Taunt\n|move|p2a: Moltres|Fiery Wrath|p1b: Ninetales|[spread] p1a,p1b\n|-resisted|p1b: Ninetales\n|-damage|p1a: Milotic|81/100 par\n|-damage|p1b: Ninetales|88/100\n|move|p1a: Milotic|Muddy Water|p2b: Thundurus|[spread] p2a,p2b\n|-damage|p2a: Moltres|61/100\n|-damage|p2b: Thundurus|0 fnt\n|faint|p2b: Thundurus\n|\n|-weather|Snowscape|[upkeep]\n|-heal|p1a: Milotic|87/100 par|[from] item: Leftovers\n|upkeep\n|\n|t:|1771240679\n|switch|p2b: Volcanion|Volcanion|69/100\n|turn|18\n|\n|t:|1771240687\n|-terastallize|p2a: Moltres|Dark\n|move|p1b: Ninetales|Blizzard|p2a: Moltres|[spread] p2a,p2b\n|-resisted|p2b: Volcanion\n|-damage|p2a: Moltres|40/100\n|-damage|p2b: Volcanion|62/100\n|-ability|p2a: Moltres|Berserk|boost\n|-boost|p2a: Moltres|spa|1\n|move|p2a: Moltres|Fiery Wrath|p1b: Ninetales|[spread] p1a,p1b\n|-resisted|p1b: Ninetales\n|-damage|p1a: Milotic|45/100 par\n|-damage|p1b: Ninetales|68/100\n|move|p2b: Volcanion|Heat Wave|p1b: Ninetales|[spread] p1a,p1b\n|-resisted|p1a: Milotic\n|-supereffective|p1b: Ninetales\n|-damage|p1a: Milotic|33/100 par\n|-damage|p1b: Ninetales|9/100\n|move|p1a: Milotic|Muddy Water|p2b: Volcanion|[spread] p2a\n|-heal|p2b: Volcanion|87/100|[from] ability: Water Absorb|[of] p1a: Milotic\n|-damage|p2a: Moltres|4/100\n|-enditem|p2a: Moltres|Aguav Berry|[eat]\n|-heal|p2a: Moltres|38/100|[from] item: Aguav Berry\n|\n|-weather|Snowscape|[upkeep]\n|-heal|p1a: Milotic|39/100 par|[from] item: Leftovers\n|-end|p1a: Milotic|move: Taunt\n|upkeep\n|turn|19\n|\n|t:|1771240721\n|move|p2a: Moltres|Protect|p2a: Moltres\n|-singleturn|p2a: Moltres|Protect\n|move|p1b: Ninetales|Moonblast|p2a: Moltres\n|-activate|p2a: Moltres|move: Protect\n|move|p2b: Volcanion|Heat Wave|p1a: Milotic|[spread] p1a,p1b\n|-resisted|p1a: Milotic\n|-supereffective|p1b: Ninetales\n|-damage|p1a: Milotic|26/100 par\n|-damage|p1b: Ninetales|0 fnt\n|faint|p1b: Ninetales\n|move|p1a: Milotic|Hypnosis|p2b: Volcanion\n|-status|p2b: Volcanion|slp|[from] move: Hypnosis\n|\n|-weather|Snowscape|[upkeep]\n|-heal|p1a: Milotic|32/100 par|[from] item: Leftovers\n|upkeep\n|\n|t:|1771240737\n|switch|p1b: Incineroar|Incineroar, F|51/100\n|-ability|p1b: Incineroar|Intimidate|boost\n|-unboost|p2a: Moltres|atk|1\n|-unboost|p2b: Volcanion|atk|1\n|turn|20\n|\n|t:|1771240761\n|move|p1b: Incineroar|Fake Out|p2a: Moltres\n|-damage|p2a: Moltres|28/100\n|cant|p2a: Moltres|flinch\n|cant|p2b: Volcanion|slp\n|move|p1a: Milotic|Hypnosis|p2a: Moltres\n|-status|p2a: Moltres|slp|[from] move: Hypnosis\n|\n|-weather|Snowscape|[upkeep]\n|-heal|p1a: Milotic|38/100 par|[from] item: Leftovers\n|upkeep\n|turn|21\n|\n|t:|1771240783\n|cant|p2a: Moltres|slp\n|cant|p2b: Volcanion|slp\n|move|p1b: Incineroar|Flare Blitz|p2a: Moltres\n|-damage|p2a: Moltres|0 fnt\n|faint|p2a: Moltres\n|-damage|p1b: Incineroar|43/100|[from] Recoil\n|move|p1a: Milotic|Coil|p1a: Milotic\n|-boost|p1a: Milotic|atk|1\n|-boost|p1a: Milotic|def|1\n|-boost|p1a: Milotic|accuracy|1\n|\n|-weather|none\n|-heal|p1a: Milotic|44/100 par|[from] item: Leftovers\n|upkeep\n|\n|t:|1771240797\n|switch|p2a: Hitmonchan|Hitmonchan, M|94/100\n|turn|22\n|\n|t:|1771240806\n|switch|p1b: Cresselia|Cresselia, F|100/100\n|move|p2a: Hitmonchan|Drain Punch|p1b: Cresselia\n|-resisted|p1b: Cresselia\n|-damage|p1b: Cresselia|87/100\n|-heal|p2a: Hitmonchan|100/100|[from] drain|[of] p1b: Cresselia\n|cant|p2b: Volcanion|slp\n|move|p1a: Milotic|Hypnosis|p2a: Hitmonchan\n|-status|p2a: Hitmonchan|slp|[from] move: Hypnosis\n|\n|-heal|p1a: Milotic|50/100 par|[from] item: Leftovers\n|upkeep\n|turn|23\n|-message|Dr Sly forfeited.\n|\n|win|refridgenator\n|raw|refridgenator's rating: 1629 &rarr; <strong>1651</strong><br />(+22 for winning)\n|raw|Dr Sly's rating: 1670 &rarr; <strong>1648</strong><br />(-22 for losing)\n|l|☆Dr Sly\n|player|p2|\n|c|☆refridgenator|Gg\n|l|☆refridgenator\n|player|p1|\n", "uploadtime": 1771241125, "views": 9, "formatid": "gen9doublesou", "rating": 1648, "private": 0, "password": null}