{"id": "gen9doublesou-2539960986", "format": "[Gen 9] Doubles OU", "players": ["Semayu117", "cesar097600"], "log": "|j|☆Semayu117\n|j|☆cesar097600\n|t:|1771133933\n|gametype|doubles\n|player|p1|Semayu117|silver|1599\n|player|p2|cesar097600|ninjaboy|1567\n|gen|9\n|tier|[Gen 9] Doubles OU\n|rated|\n|rule|HP Percentage Mod: HP is shown in percentages\n|rule|Endless Battle Clause: Forcing endless battles is banned\n|rule|Species Clause: Limit one of each Pokémon\n|rule|OHKO Clause: OHKO moves are banned\n|rule|Evasion Moves Clause: Evasion moves are banned\n|rule|Gravity Sleep Clause: The combination of sleep-inducing moves with imperfect accuracy and Gravity or Gigantamax Orbeetle are banned\n|rule|Evasion Abilities Clause: Evasion abilities are banned\n|clearpoke\n|poke|p1|Tyranitar, F|\n|poke|p1|Excadrill, F|\n|poke|p1|Hitmontop, M|\n|poke|p1|Amoonguss, M|\n|poke|p1|Gholdengo|\n|poke|p1|Landorus, M|\n|poke|p2|Torkoal, F|\n|poke|p2|Roaring Moon|\n|poke|p2|Armarouge, F|\n|poke|p2|Lilligant-Hisui, F|\n|poke|p2|Kingambit, M|\n|poke|p2|Farigiraf, M|\n|teampreview\n|\n|t:|1771133954\n|teamsize|p1|6\n|teamsize|p2|6\n|start\n|switch|p1a: ZUKO|Gholdengo|100/100\n|switch|p1b: MOMO|Amoonguss, M, shiny|100/100\n|switch|p2a: Kingambit|Kingambit, M|100/100\n|switch|p2b: Roaring Moon|Roaring Moon|100/100\n|-enditem|p2b: Roaring Moon|Booster Energy\n|-activate|p2b: Roaring Moon|ability: Protosynthesis|[fromitem]\n|-start|p2b: Roaring Moon|protosynthesisspe\n|turn|1\n|\n|t:|1771134035\n|switch|p1a: Z AvaTAR|Tyranitar, F|100/100\n|-weather|Sandstorm|[from] ability: Sand Stream|[of] p1a: Z AvaTAR\n|move|p2b: Roaring Moon|Taunt|p1b: MOMO\n|-start|p1b: MOMO|move: Taunt\n|-enditem|p1b: MOMO|Mental Herb\n|-end|p1b: MOMO|move: Taunt\n|move|p2a: Kingambit|Swords Dance|p2a: Kingambit\n|-boost|p2a: Kingambit|atk|2\n|move|p1b: MOMO|Spore|p2b: Roaring Moon\n|-status|p2b: Roaring Moon|slp|[from] move: Spore\n|\n|-weather|Sandstorm|[upkeep]\n|-damage|p2b: Roaring Moon|95/100 slp|[from] Sandstorm\n|-damage|p1b: MOMO|94/100|[from] Sandstorm\n|upkeep\n|turn|2\n|\n|t:|1771134051\n|-end|p2b: Roaring Moon|Protosynthesis|[silent]\n|switch|p2b: Armarouge|Armarouge, F|100/100\n|move|p2a: Kingambit|Protect|p2a: Kingambit\n|-singleturn|p2a: Kingambit|Protect\n|move|p1a: Z AvaTAR|Low Kick|p2b: Armarouge\n|-resisted|p2b: Armarouge\n|-damage|p2b: Armarouge|82/100\n|-ability|p2b: Armarouge|Weak Armor|boost\n|-unboost|p2b: Armarouge|def|1\n|-boost|p2b: Armarouge|spe|2\n|move|p1b: MOMO|Spore|p2a: Kingambit\n|-activate|p2a: Kingambit|move: Protect\n|\n|-weather|Sandstorm|[upkeep]\n|-damage|p2b: Armarouge|76/100|[from] Sandstorm\n|-damage|p1b: MOMO|88/100|[from] Sandstorm\n|upkeep\n|turn|3\n|\n|t:|1771134089\n|switch|p2a: Lilligant|Lilligant-Hisui, F|100/100\n|-terastallize|p1b: MOMO|Fire\n|move|p2b: Armarouge|Destiny Bond|p2b: Armarouge\n|-singlemove|p2b: Armarouge|Destiny Bond\n|move|p1a: Z AvaTAR|Knock Off|p2b: Armarouge\n|-supereffective|p2b: Armarouge\n|-damage|p2b: Armarouge|0 fnt\n|-enditem|p2b: Armarouge|Focus Sash|[from] move: Knock Off|[of] p1a: Z AvaTAR\n|faint|p2b: Armarouge\n|-activate|p2b: Armarouge|move: Destiny Bond\n|faint|p1a: Z AvaTAR\n|move|p1b: MOMO|Spore|p2a: Lilligant\n|-immune|p2a: Lilligant\n|\n|-weather|Sandstorm|[upkeep]\n|-damage|p2a: Lilligant|94/100|[from] Sandstorm\n|-damage|p1b: MOMO|82/100|[from] Sandstorm\n|upkeep\n|\n|t:|1771134108\n|switch|p2b: Roaring Moon|Roaring Moon|95/100 slp\n|switch|p1a: SOKKA|Hitmontop, M|100/100\n|-ability|p1a: SOKKA|Intimidate|boost\n|-unboost|p2a: Lilligant|atk|1\n|-unboost|p2b: Roaring Moon|atk|1\n|turn|4\n|\n|t:|1771134135\n|switch|p2a: Torkoal|Torkoal, F|100/100\n|-weather|SunnyDay|[from] ability: Drought|[of] p2a: Torkoal\n|-activate|p2b: Roaring Moon|ability: Protosynthesis\n|-start|p2b: Roaring Moon|protosynthesisspe\n|-terastallize|p2b: Roaring Moon|Flying\n|cant|p2b: Roaring Moon|slp\n|move|p1a: SOKKA|Close Combat|p2b: Roaring Moon\n|-resisted|p2b: Roaring Moon\n|-damage|p2b: Roaring Moon|71/100 slp\n|-unboost|p1a: SOKKA|def|1\n|-unboost|p1a: SOKKA|spd|1\n|move|p1b: MOMO|Pollen Puff|p2b: Roaring Moon\n|-resisted|p2b: Roaring Moon\n|-damage|p2b: Roaring Moon|63/100 slp\n|\n|-weather|SunnyDay|[upkeep]\n|upkeep\n|turn|5\n|\n|t:|1771134151\n|cant|p2b: Roaring Moon|slp\n|move|p1a: SOKKA|Close Combat|p2a: Torkoal\n|-damage|p2a: Torkoal|76/100\n|-unboost|p1a: SOKKA|def|1\n|-unboost|p1a: SOKKA|spd|1\n|move|p1b: MOMO|Spore|p2a: Torkoal\n|-status|p2a: Torkoal|slp|[from] move: Spore\n|cant|p2a: Torkoal|slp\n|\n|-weather|SunnyDay|[upkeep]\n|-heal|p2a: Torkoal|82/100 slp|[from] item: Leftovers\n|upkeep\n|turn|6\n|\n|t:|1771134167\n|switch|p1a: ZUKO|Gholdengo|100/100\n|-curestatus|p2b: Roaring Moon|slp|[msg]\n|move|p2b: Roaring Moon|Acrobatics|p1a: ZUKO\n|-resisted|p1a: ZUKO\n|-damage|p1a: ZUKO|79/100\n|move|p1b: MOMO|Spore|p2b: Roaring Moon\n|-status|p2b: Roaring Moon|slp|[from] move: Spore\n|-curestatus|p2a: Torkoal|slp|[msg]\n|move|p2a: Torkoal|Eruption|p1a: ZUKO|[spread] p1a,p1b\n|-supereffective|p1a: ZUKO\n|-resisted|p1b: MOMO\n|-damage|p1a: ZUKO|0 fnt\n|-damage|p1b: MOMO|61/100\n|faint|p1a: ZUKO\n|\n|-weather|SunnyDay|[upkeep]\n|-heal|p2a: Torkoal|89/100|[from] item: Leftovers\n|upkeep\n|\n|t:|1771134173\n|switch|p1a: KING BOOMIE|Landorus, M|100/100\n|turn|7\n|\n|t:|1771134181\n|switch|p2a: Farigiraf|Farigiraf, M|100/100\n|cant|p2b: Roaring Moon|slp\n|move|p1a: KING BOOMIE|Sludge Bomb|p2b: Roaring Moon\n|-damage|p2b: Roaring Moon|11/100 slp\n|move|p1b: MOMO|Spore|p2a: Farigiraf\n|-status|p2a: Farigiraf|slp|[from] move: Spore\n|\n|-weather|SunnyDay|[upkeep]\n|upkeep\n|turn|8\n|\n|t:|1771134201\n|-curestatus|p2b: Roaring Moon|slp|[msg]\n|move|p2b: Roaring Moon|Taunt|p1b: MOMO\n|-start|p1b: MOMO|move: Taunt\n|move|p1a: KING BOOMIE|Substitute|p1a: KING BOOMIE\n|-start|p1a: KING BOOMIE|Substitute\n|-damage|p1a: KING BOOMIE|75/100\n|cant|p2a: Farigiraf|slp\n|move|p1b: MOMO|Pollen Puff|p1a: KING BOOMIE\n|-heal|p1a: KING BOOMIE|100/100\n|\n|-weather|none\n|-end|p2b: Roaring Moon|Protosynthesis\n|upkeep\n|turn|9\n|\n|t:|1771134233\n|move|p2b: Roaring Moon|Iron Head|p1a: KING BOOMIE\n|-activate|p1a: KING BOOMIE|move: Substitute|[damage]\n|move|p1a: KING BOOMIE|Earth Power|p2a: Farigiraf\n|-damage|p2a: Farigiraf|44/100 slp\n|cant|p2a: Farigiraf|slp\n|move|p1b: MOMO|Pollen Puff|p2b: Roaring Moon\n|-resisted|p2b: Roaring Moon\n|-damage|p2b: Roaring Moon|2/100\n|\n|upkeep\n|turn|10\n|\n|t:|1771134248\n|cant|p2a: Farigiraf|slp\n|move|p2b: Roaring Moon|Knock Off|p1a: KING BOOMIE\n|-end|p1a: KING BOOMIE|Substitute\n|move|p1a: KING BOOMIE|Earth Power|p2a: Farigiraf\n|-damage|p2a: Farigiraf|0 fnt\n|faint|p2a: Farigiraf\n|move|p1b: MOMO|Pollen Puff|p2b: Roaring Moon\n|-resisted|p2b: Roaring Moon\n|-damage|p2b: Roaring Moon|0 fnt\n|faint|p2b: Roaring Moon\n|-end|p2b: Roaring Moon|Protosynthesis|[silent]\n|\n|-end|p1b: MOMO|move: Taunt\n|upkeep\n|\n|t:|1771134252\n|switch|p2b: Lilligant|Lilligant-Hisui, F|94/100\n|switch|p2a: Torkoal|Torkoal, F|89/100\n|-weather|SunnyDay|[from] ability: Drought|[of] p2a: Torkoal\n|turn|11\n|l|☆Semayu117\n|player|p1|\n|j|☆Semayu117\n|player|p1|Semayu117|silver|\n|l|☆Semayu117\n|player|p1|\n|inactive|Battle timer is ON: inactive players will automatically lose when time's up. (requested by cesar097600)\n|inactive|Semayu117 has 30 seconds to reconnect!\n|inactive|Semayu117 has 20 seconds to reconnect!\n|inactive|Semayu117 has 15 seconds to reconnect!\n|inactive|Semayu117 has 10 seconds to reconnect!\n|inactive|Semayu117 has 5 seconds to reconnect!\n|-message|Semayu117 lost due to inactivity.\n|\n|win|cesar097600\n|raw|Semayu117's rating: 1599 &rarr; <strong>1577</strong><br />(-22 for losing)\n|raw|cesar097600's rating: 1567 &rarr; <strong>1589</strong><br />(+22 for winning)\n|l|☆cesar097600\n|player|p2|\n", "uploadtime": 1771134833, "views": 16, "formatid": "gen9doublesou", "rating": 1577, "private": 0, "password": null}