{"id": "gen9doublesou-2540362525", "format": "[Gen 9] Doubles OU", "players": ["reminders", "natana6l"], "log": "|j|☆reminders\n|j|☆natana6l\n|t:|1771193041\n|gametype|doubles\n|player|p1|reminders|unknownf|1551\n|player|p2|natana6l|flannery|1586\n|gen|9\n|tier|[Gen 9] Doubles OU\n|rated|\n|rule|HP Percentage Mod: HP is shown in percentages\n|rule|Endless Battle Clause: Forcing endless battles is banned\n|rule|Species Clause: Limit one of each Pokémon\n|rule|OHKO Clause: OHKO moves are banned\n|rule|Evasion Moves Clause: Evasion moves are banned\n|rule|Gravity Sleep Clause: The combination of sleep-inducing moves with imperfect accuracy and Gravity or Gigantamax Orbeetle are banned\n|rule|Evasion Abilities Clause: Evasion abilities are banned\n|clearpoke\n|poke|p1|Chi-Yu|\n|poke|p1|Walking Wake|\n|poke|p1|Torkoal, F|\n|poke|p1|Whimsicott, M|\n|poke|p1|Lilligant-Hisui, F|\n|poke|p1|Raging Bolt|\n|poke|p2|Raging Bolt|\n|poke|p2|Latios, M|\n|poke|p2|Sneasler, M|\n|poke|p2|Cinderace, M|\n|poke|p2|Serperior, M|\n|poke|p2|Tyranitar, M|\n|teampreview\n|inactive|Battle timer is ON: inactive players will automatically lose when time's up. (requested by natana6l)\n|\n|t:|1771193050\n|teamsize|p1|6\n|teamsize|p2|6\n|start\n|switch|p1a: cloverfield|Whimsicott, M|100/100\n|switch|p1b: the piano teacher|Lilligant-Hisui, F, shiny|100/100\n|switch|p2a: Raging Bolt|Raging Bolt|100/100\n|switch|p2b: Sneasler|Sneasler, M, shiny|100/100\n|turn|1\n|\n|t:|1771193065\n|move|p2b: Sneasler|Fake Out|p1b: the piano teacher\n|-damage|p1b: the piano teacher|71/100\n|-damage|p2b: Sneasler|91/100|[from] item: Life Orb\n|move|p1a: cloverfield|Tailwind|p1a: cloverfield\n|-sidestart|p1: reminders|move: Tailwind\n|cant|p1b: the piano teacher|flinch\n|move|p2a: Raging Bolt|Electroweb|p1b: the piano teacher|[spread] p1a,p1b\n|-resisted|p1a: cloverfield\n|-resisted|p1b: the piano teacher\n|-damage|p1a: cloverfield|81/100\n|-damage|p1b: the piano teacher|46/100\n|-unboost|p1a: cloverfield|spe|1\n|-damage|p2a: Raging Bolt|91/100|[from] item: Life Orb\n|\n|upkeep\n|turn|2\n|\n|t:|1771193083\n|-end|p2a: Raging Bolt|Protosynthesis|[silent]\n|switch|p2a: Serperior|Serperior, M|100/100\n|move|p1a: cloverfield|Sunny Day|p1a: cloverfield\n|-weather|SunnyDay\n|move|p1b: the piano teacher|Triple Axel|p2a: Serperior\n|-supereffective|p2a: Serperior\n|-damage|p2a: Serperior|88/100\n|-supereffective|p2a: Serperior\n|-damage|p2a: Serperior|62/100\n|-supereffective|p2a: Serperior\n|-damage|p2a: Serperior|25/100\n|-enditem|p2a: Serperior|Sitrus Berry|[eat]\n|-heal|p2a: Serperior|50/100|[from] item: Sitrus Berry\n|-hitcount|p2a: Serperior|3\n|move|p2b: Sneasler|Dire Claw|p1b: the piano teacher\n|-supereffective|p1b: the piano teacher\n|-damage|p1b: the piano teacher|0 fnt\n|faint|p1b: the piano teacher\n|-damage|p2b: Sneasler|81/100|[from] item: Life Orb\n|\n|-weather|SunnyDay|[upkeep]\n|upkeep\n|\n|t:|1771193100\n|switch|p1b: the shining|Chi-Yu|100/100\n|-ability|p1b: the shining|Beads of Ruin\n|turn|3\n|\n|t:|1771193116\n|switch|p1a: american psycho|Raging Bolt|100/100\n|-activate|p1a: american psycho|ability: Protosynthesis\n|-start|p1a: american psycho|protosynthesisspa\n|switch|p2b: Tyranitar|Tyranitar, M|100/100\n|-weather|Sandstorm|[from] ability: Sand Stream|[of] p2b: Tyranitar\n|-end|p1a: american psycho|Protosynthesis\n|move|p1b: the shining|Heat Wave|p2a: Serperior|[spread] p2a,p2b\n|-supereffective|p2a: Serperior\n|-resisted|p2b: Tyranitar\n|-damage|p2a: Serperior|0 fnt\n|-damage|p2b: Tyranitar|78/100\n|faint|p2a: Serperior\n|\n|-weather|Sandstorm|[upkeep]\n|-damage|p1b: the shining|95/100|[from] Sandstorm\n|-damage|p1a: american psycho|94/100|[from] Sandstorm\n|upkeep\n|\n|t:|1771193131\n|switch|p2a: Sneasler|Sneasler, M, shiny|81/100\n|turn|4\n|\n|t:|1771193138\n|switch|p1b: zoolander|Torkoal, F|100/100\n|-weather|SunnyDay|[from] ability: Drought|[of] p1b: zoolander\n|-activate|p1a: american psycho|ability: Protosynthesis\n|-start|p1a: american psycho|protosynthesisspa\n|move|p2a: Sneasler|Fake Out|p1b: zoolander\n|-damage|p1b: zoolander|87/100\n|-damage|p2a: Sneasler|64/100|[from] item: Rocky Helmet|[of] p1b: zoolander\n|-status|p1b: zoolander|psn|[from] ability: Poison Touch|[of] p2a: Sneasler\n|-damage|p2a: Sneasler|54/100|[from] item: Life Orb\n|move|p1a: american psycho|Draco Meteor|p2b: Tyranitar|[miss]\n|-miss|p1a: american psycho|p2b: Tyranitar\n|move|p2b: Tyranitar|Rock Slide|p1a: american psycho|[spread] p1b\n|-miss|p2b: Tyranitar|p1a: american psycho\n|-supereffective|p1b: zoolander\n|-damage|p1b: zoolander|40/100 psn\n|\n|-weather|SunnyDay|[upkeep]\n|-damage|p1b: zoolander|27/100 psn|[from] psn\n|-sideend|p1: reminders|move: Tailwind\n|upkeep\n|turn|5\n|\n|t:|1771193165\n|move|p2b: Tyranitar|Protect|p2b: Tyranitar\n|-singleturn|p2b: Tyranitar|Protect\n|move|p2a: Sneasler|U-turn|p1a: american psycho\n|-damage|p1a: american psycho|64/100\n|-damage|p2a: Sneasler|44/100|[from] item: Life Orb\n|\n|t:|1771193172\n|switch|p2a: Cinderace|Cinderace, M|100/100|[from] U-turn\n|move|p1a: american psycho|Draco Meteor|p2b: Tyranitar\n|-activate|p2b: Tyranitar|move: Protect\n|move|p1b: zoolander|Will-O-Wisp|p2a: Cinderace\n|-immune|p2a: Cinderace\n|\n|-weather|SunnyDay|[upkeep]\n|-damage|p1b: zoolander|15/100 psn|[from] psn\n|upkeep\n|turn|6\n|\n|t:|1771193189\n|switch|p2b: Sneasler|Sneasler, M, shiny|44/100\n|switch|p1b: kamikaze girls|Walking Wake|100/100\n|-activate|p1b: kamikaze girls|ability: Protosynthesis\n|-start|p1b: kamikaze girls|protosynthesisspa\n|move|p2a: Cinderace|Pyro Ball|p1a: american psycho\n|-resisted|p1a: american psycho\n|-damage|p1a: american psycho|12/100\n|-damage|p2a: Cinderace|91/100|[from] item: Life Orb\n|move|p1a: american psycho|Draco Meteor|p2b: Sneasler\n|-crit|p2b: Sneasler\n|-damage|p2b: Sneasler|0 fnt\n|-unboost|p1a: american psycho|spa|2\n|faint|p2b: Sneasler\n|\n|-weather|SunnyDay|[upkeep]\n|upkeep\n|\n|t:|1771193206\n|switch|p2b: Latios|Latios, M|100/100\n|turn|7\n|\n|t:|1771193222\n|-terastallize|p2b: Latios|Steel\n|move|p2a: Cinderace|Sucker Punch|p1a: american psycho\n|-start|p2a: Cinderace|typechange|Dark|[from] ability: Libero\n|-damage|p1a: american psycho|0 fnt\n|faint|p1a: american psycho\n|-end|p1a: american psycho|Protosynthesis|[silent]\n|-damage|p2a: Cinderace|81/100|[from] item: Life Orb\n|move|p2b: Latios|Tailwind|p2b: Latios\n|-sidestart|p2: natana6l|move: Tailwind\n|move|p1b: kamikaze girls|Hydro Steam|p2a: Cinderace\n|-damage|p2a: Cinderace|0 fnt\n|faint|p2a: Cinderace\n|\n|-weather|SunnyDay|[upkeep]\n|upkeep\n|\n|t:|1771193238\n|switch|p2a: Raging Bolt|Raging Bolt|91/100\n|switch|p1a: cloverfield|Whimsicott, M|81/100\n|-activate|p2a: Raging Bolt|ability: Protosynthesis\n|-start|p2a: Raging Bolt|protosynthesisspa\n|turn|8\n|\n|t:|1771193248\n|move|p1a: cloverfield|Tailwind|p1a: cloverfield\n|-sidestart|p1: reminders|move: Tailwind\n|move|p2b: Latios|Draco Meteor|p1b: kamikaze girls\n|-supereffective|p1b: kamikaze girls\n|-damage|p1b: kamikaze girls|0 fnt\n|-unboost|p2b: Latios|spa|2\n|faint|p1b: kamikaze girls\n|-end|p1b: kamikaze girls|Protosynthesis|[silent]\n|move|p2a: Raging Bolt|Electroweb|p1a: cloverfield\n|-resisted|p1a: cloverfield\n|-damage|p1a: cloverfield|44/100\n|-unboost|p1a: cloverfield|spe|1\n|-damage|p2a: Raging Bolt|81/100|[from] item: Life Orb\n|\n|-weather|none\n|-end|p2a: Raging Bolt|Protosynthesis\n|upkeep\n|\n|t:|1771193261\n|switch|p1b: the shining|Chi-Yu|95/100\n|-ability|p1b: the shining|Beads of Ruin\n|turn|9\n|\n|t:|1771193269\n|switch|p2b: Tyranitar|Tyranitar, M|78/100\n|-weather|Sandstorm|[from] ability: Sand Stream|[of] p2b: Tyranitar\n|move|p1a: cloverfield|Sunny Day|p1a: cloverfield\n|-weather|SunnyDay\n|-activate|p2a: Raging Bolt|ability: Protosynthesis\n|-start|p2a: Raging Bolt|protosynthesisspa\n|move|p2a: Raging Bolt|Thunderclap|p1b: the shining\n|-damage|p1b: the shining|12/100\n|-damage|p2a: Raging Bolt|71/100|[from] item: Life Orb\n|move|p1b: the shining|Heat Wave|p2b: Tyranitar|[spread] p2a,p2b\n|-resisted|p2a: Raging Bolt\n|-resisted|p2b: Tyranitar\n|-damage|p2a: Raging Bolt|22/100\n|-damage|p2b: Tyranitar|32/100\n|\n|-weather|SunnyDay|[upkeep]\n|upkeep\n|turn|10\n|\n|t:|1771193288\n|switch|p1a: zoolander|Torkoal, F|15/100 psn\n|move|p2a: Raging Bolt|Thunderclap|p1b: the shining\n|-damage|p1b: the shining|0 fnt\n|faint|p1b: the shining\n|-damage|p2a: Raging Bolt|12/100|[from] item: Life Orb\n|move|p2b: Tyranitar|Rock Slide|p1a: zoolander\n|-supereffective|p1a: zoolander\n|-damage|p1a: zoolander|0 fnt\n|faint|p1a: zoolander\n|\n|-weather|SunnyDay|[upkeep]\n|-sideend|p2: natana6l|move: Tailwind\n|upkeep\n|\n|t:|1771193300\n|switch|p1b: cloverfield|Whimsicott, M|44/100\n|turn|11\n|\n|t:|1771193305\n|move|p1b: cloverfield|Tailwind||[still]\n|-fail|p1b: cloverfield\n|move|p2a: Raging Bolt|Thunderclap||[still]\n|-fail|p2a: Raging Bolt\n|move|p2b: Tyranitar|Rock Slide|p1b: cloverfield\n|-damage|p1b: cloverfield|0 fnt\n|faint|p1b: cloverfield\n|\n|win|natana6l\n|raw|reminders's rating: 1551 &rarr; <strong>1533</strong><br />(-18 for losing)\n|raw|natana6l's rating: 1586 &rarr; <strong>1604</strong><br />(+18 for winning)\n|l|☆natana6l\n|player|p2|\n|l|☆reminders\n|player|p1|\n", "uploadtime": 1771193638, "views": 15, "formatid": "gen9doublesou", "rating": 1533, "private": 0, "password": null}