{"id": "gen9doublesou-2540593666", "format": "[Gen 9] Doubles OU", "players": ["alllzz", "FlutteringMyMane"], "log": "|j|☆alllzz\n|j|☆FlutteringMyMane\n|t:|1771223655\n|gametype|doubles\n|player|p1|alllzz|169|1718\n|player|p2|FlutteringMyMane|bellelba|1688\n|gen|9\n|tier|[Gen 9] Doubles OU\n|rated|\n|rule|HP Percentage Mod: HP is shown in percentages\n|rule|Endless Battle Clause: Forcing endless battles is banned\n|rule|Species Clause: Limit one of each Pokémon\n|rule|OHKO Clause: OHKO moves are banned\n|rule|Evasion Moves Clause: Evasion moves are banned\n|rule|Gravity Sleep Clause: The combination of sleep-inducing moves with imperfect accuracy and Gravity or Gigantamax Orbeetle are banned\n|rule|Evasion Abilities Clause: Evasion abilities are banned\n|clearpoke\n|poke|p1|Torkoal, M|\n|poke|p1|Typhlosion-Hisui, M|\n|poke|p1|Rillaboom, F|\n|poke|p1|Roaring Moon|\n|poke|p1|Farigiraf, F|\n|poke|p1|Raging Bolt|\n|poke|p2|Incineroar, M|\n|poke|p2|Tornadus, M|\n|poke|p2|Rillaboom, M|\n|poke|p2|Ogerpon-Wellspring, F|\n|poke|p2|Raging Bolt|\n|poke|p2|Gholdengo|\n|teampreview\n|inactive|Battle timer is ON: inactive players will automatically lose when time's up. (requested by FlutteringMyMane)\n|\n|t:|1771223675\n|teamsize|p1|6\n|teamsize|p2|6\n|start\n|switch|p1a: Roaring Moon|Roaring Moon, shiny|100/100\n|switch|p1b: Rillaboom|Rillaboom, F, shiny|100/100\n|switch|p2a: The Big Cheese|Incineroar, M|100/100\n|switch|p2b: Le Bonk|Ogerpon-Wellspring, F|100/100\n|-fieldstart|move: Grassy Terrain|[from] ability: Grassy Surge|[of] p1b: Rillaboom\n|-ability|p2a: The Big Cheese|Intimidate|boost\n|-unboost|p1a: Roaring Moon|atk|1\n|-unboost|p1b: Rillaboom|atk|1\n|turn|1\n|\n|t:|1771223691\n|move|p2b: Le Bonk|Spiky Shield|p2b: Le Bonk\n|-singleturn|p2b: Le Bonk|move: Protect\n|move|p1a: Roaring Moon|Tailwind|p1a: Roaring Moon\n|-sidestart|p1: alllzz|move: Tailwind\n|move|p1b: Rillaboom|U-turn|p2b: Le Bonk\n|-activate|p2b: Le Bonk|move: Protect\n|-damage|p1b: Rillaboom|88/100|[from] Spiky Shield|[of] p2b: Le Bonk\n|move|p2a: The Big Cheese|Will-O-Wisp|p1a: Roaring Moon\n|-status|p1a: Roaring Moon|brn\n|\n|-heal|p1b: Rillaboom|94/100|[from] Grassy Terrain\n|-damage|p1a: Roaring Moon|95/100 brn|[from] brn\n|upkeep\n|turn|2\n|\n|t:|1771223717\n|-end|p1a: Roaring Moon|Protosynthesis|[silent]\n|switch|p1a: Raging Bolt|Raging Bolt|100/100\n|switch|p2b: Indra|Tornadus, M|100/100\n|move|p1b: Rillaboom|U-turn|p2a: The Big Cheese\n|-damage|p2a: The Big Cheese|86/100\n|\n|t:|1771223725\n|switch|p1b: Typhlosion|Typhlosion-Hisui, M, shiny|100/100|[from] U-turn\n|-item|p2a: The Big Cheese|Sitrus Berry|[from] ability: Frisk|[of] p1b: Typhlosion\n|-item|p2b: Indra|Focus Sash|[from] ability: Frisk|[of] p1b: Typhlosion\n|move|p2a: The Big Cheese|Knock Off|p1b: Typhlosion\n|-supereffective|p1b: Typhlosion\n|-damage|p1b: Typhlosion|0 fnt\n|-enditem|p1b: Typhlosion|Choice Scarf|[from] move: Knock Off|[of] p2a: The Big Cheese\n|faint|p1b: Typhlosion\n|\n|-heal|p2a: The Big Cheese|92/100|[from] Grassy Terrain\n|upkeep\n|\n|t:|1771223733\n|switch|p1b: Torkoal|Torkoal, M, shiny|100/100\n|-weather|SunnyDay|[from] ability: Drought|[of] p1b: Torkoal\n|-activate|p1a: Raging Bolt|ability: Protosynthesis\n|-start|p1a: Raging Bolt|protosynthesisspa\n|turn|3\n|\n|t:|1771223745\n|move|p2b: Indra|Protect|p2b: Indra\n|-singleturn|p2b: Indra|Protect\n|move|p1a: Raging Bolt|Thunderbolt|p2b: Indra\n|-activate|p2b: Indra|move: Protect\n|move|p2a: The Big Cheese|Parting Shot|p1a: Raging Bolt\n|-unboost|p1a: Raging Bolt|atk|1\n|-unboost|p1a: Raging Bolt|spa|1\n|\n|t:|1771223752\n|switch|p2a: Storm Eater|Raging Bolt|100/100|[from] Parting Shot\n|-activate|p2a: Storm Eater|ability: Protosynthesis\n|-start|p2a: Storm Eater|protosynthesisspa\n|move|p1b: Torkoal|Overheat|p2b: Indra\n|-activate|p2b: Indra|move: Protect\n|\n|-weather|SunnyDay|[upkeep]\n|upkeep\n|turn|4\n|\n|t:|1771223769\n|switch|p2b: The Big Cheese|Incineroar, M|92/100\n|-ability|p2b: The Big Cheese|Intimidate|boost\n|-unboost|p1a: Raging Bolt|atk|1\n|-unboost|p1b: Torkoal|atk|1\n|-enditem|p1b: Torkoal|Eject Pack\n|\n|t:|1771223778\n|switch|p1b: Farigiraf|Farigiraf, F, shiny|100/100\n|-terastallize|p1a: Raging Bolt|Electric\n|-terastallize|p2a: Storm Eater|Fairy\n|move|p1a: Raging Bolt|Thunderbolt|p2b: The Big Cheese\n|-damage|p2b: The Big Cheese|45/100\n|-enditem|p2b: The Big Cheese|Sitrus Berry|[eat]\n|-heal|p2b: The Big Cheese|70/100|[from] item: Sitrus Berry\n|move|p2a: Storm Eater|Calm Mind|p2a: Storm Eater\n|-boost|p2a: Storm Eater|spa|1\n|-boost|p2a: Storm Eater|spd|1\n|\n|-weather|SunnyDay|[upkeep]\n|-heal|p2b: The Big Cheese|76/100|[from] Grassy Terrain\n|-sideend|p1: alllzz|move: Tailwind\n|upkeep\n|turn|5\n|-message|alllzz forfeited.\n|\n|win|FlutteringMyMane\n|raw|alllzz's rating: 1718 &rarr; <strong>1696</strong><br />(-22 for losing)\n|raw|FlutteringMyMane's rating: 1688 &rarr; <strong>1710</strong><br />(+22 for winning)\n|l|☆alllzz\n|player|p1|\n|l|☆FlutteringMyMane\n|player|p2|\n", "uploadtime": 1771224063, "views": 14, "formatid": "gen9doublesou", "rating": 1696, "private": 0, "password": null}