{"id": "gen9doublesou-2540922702", "format": "[Gen 9] Doubles OU", "players": ["mobtitan", "Lemecano"], "log": "|j|☆mobtitan\n|j|☆Lemecano\n|t:|1771267471\n|gametype|doubles\n|player|p1|mobtitan|tate|1545\n|player|p2|Lemecano|265|1572\n|gen|9\n|tier|[Gen 9] Doubles OU\n|rated|\n|rule|HP Percentage Mod: HP is shown in percentages\n|rule|Endless Battle Clause: Forcing endless battles is banned\n|rule|Species Clause: Limit one of each Pokémon\n|rule|OHKO Clause: OHKO moves are banned\n|rule|Evasion Moves Clause: Evasion moves are banned\n|rule|Gravity Sleep Clause: The combination of sleep-inducing moves with imperfect accuracy and Gravity or Gigantamax Orbeetle are banned\n|rule|Evasion Abilities Clause: Evasion abilities are banned\n|clearpoke\n|poke|p1|Tyranitar, M|\n|poke|p1|Diancie|\n|poke|p1|Sudowoodo, L1, M|\n|poke|p1|Grimmsnarl, M|\n|poke|p1|Kleavor, F|\n|poke|p1|Tornadus, M|\n|poke|p2|Regidrago|\n|poke|p2|Incineroar, M|\n|poke|p2|Clefable, M|\n|poke|p2|Ogerpon-Wellspring, F|\n|poke|p2|Raging Bolt|\n|poke|p2|Sneasler, F|\n|teampreview\n|inactive|Battle timer is ON: inactive players will automatically lose when time's up. (requested by Lemecano)\n|inactive|mobtitan also wants the timer to be on.\n|\n|t:|1771267492\n|teamsize|p1|6\n|teamsize|p2|6\n|start\n|switch|p1a: Tyranitar|Tyranitar, M|100/100\n|switch|p1b: Sudowoodo|Sudowoodo, L1, M|100/100\n|switch|p2a: Incineroar|Incineroar, M|100/100\n|switch|p2b: Ogerpon|Ogerpon-Wellspring, F|100/100\n|-weather|Sandstorm|[from] ability: Sand Stream|[of] p1a: Tyranitar\n|-ability|p2a: Incineroar|Intimidate|boost\n|-unboost|p1a: Tyranitar|atk|1\n|-unboost|p1b: Sudowoodo|atk|1\n|turn|1\n|\n|t:|1771267513\n|switch|p1a: Grimmsnarl|Grimmsnarl, M|100/100\n|move|p1b: Sudowoodo|Protect|p1b: Sudowoodo\n|-singleturn|p1b: Sudowoodo|Protect\n|move|p2a: Incineroar|Fake Out|p1b: Sudowoodo\n|-activate|p1b: Sudowoodo|move: Protect\n|move|p2b: Ogerpon|Horn Leech|p1b: Sudowoodo\n|-activate|p1b: Sudowoodo|move: Protect\n|\n|-weather|Sandstorm|[upkeep]\n|-damage|p2b: Ogerpon|95/100|[from] Sandstorm\n|-damage|p2a: Incineroar|94/100|[from] Sandstorm\n|-damage|p1a: Grimmsnarl|94/100|[from] Sandstorm\n|upkeep\n|turn|2\n|\n|t:|1771267535\n|switch|p1b: Kleavor|Kleavor, F|100/100\n|move|p1a: Grimmsnarl|Reflect|p1a: Grimmsnarl\n|-sidestart|p1: mobtitan|Reflect\n|move|p2b: Ogerpon|Horn Leech|p1b: Kleavor\n|-damage|p1b: Kleavor|74/100\n|-heal|p2b: Ogerpon|100/100|[from] drain|[of] p1b: Kleavor\n|move|p2a: Incineroar|Knock Off|p1b: Kleavor\n|-damage|p1b: Kleavor|51/100\n|-enditem|p1b: Kleavor|Assault Vest|[from] move: Knock Off|[of] p2a: Incineroar\n|\n|-weather|Sandstorm|[upkeep]\n|-damage|p2b: Ogerpon|95/100|[from] Sandstorm\n|-damage|p2a: Incineroar|88/100|[from] Sandstorm\n|-damage|p1a: Grimmsnarl|88/100|[from] Sandstorm\n|upkeep\n|turn|3\n|\n|t:|1771267560\n|move|p2b: Ogerpon|Horn Leech|p1a: Grimmsnarl\n|-damage|p1a: Grimmsnarl|57/100\n|-heal|p2b: Ogerpon|100/100|[from] drain|[of] p1a: Grimmsnarl\n|move|p1b: Kleavor|Stone Axe|p2a: Incineroar|[miss]\n|-miss|p1b: Kleavor|p2a: Incineroar\n|move|p1a: Grimmsnarl|Play Rough|p2b: Ogerpon\n|-damage|p2b: Ogerpon|48/100\n|move|p2a: Incineroar|Flare Blitz|p1a: Grimmsnarl\n|-damage|p1a: Grimmsnarl|22/100\n|-damage|p2a: Incineroar|79/100|[from] Recoil\n|\n|-weather|Sandstorm|[upkeep]\n|-damage|p2b: Ogerpon|42/100|[from] Sandstorm\n|-damage|p2a: Incineroar|73/100|[from] Sandstorm\n|-damage|p1a: Grimmsnarl|16/100|[from] Sandstorm\n|upkeep\n|turn|4\n|\n|t:|1771267580\n|move|p1a: Grimmsnarl|Light Screen|p1a: Grimmsnarl\n|-sidestart|p1: mobtitan|move: Light Screen\n|move|p2b: Ogerpon|Horn Leech|p1b: Kleavor\n|-damage|p1b: Kleavor|25/100\n|-heal|p2b: Ogerpon|53/100|[from] drain|[of] p1b: Kleavor\n|move|p1b: Kleavor|Stone Axe|p2a: Incineroar\n|-supereffective|p2a: Incineroar\n|-damage|p2a: Incineroar|0 fnt\n|-sidestart|p2: Lemecano|move: Stealth Rock\n|faint|p2a: Incineroar\n|\n|-weather|Sandstorm|[upkeep]\n|-damage|p2b: Ogerpon|47/100|[from] Sandstorm\n|-damage|p1a: Grimmsnarl|10/100|[from] Sandstorm\n|upkeep\n|\n|t:|1771267595\n|switch|p2a: Sneasler|Sneasler, F|100/100\n|-damage|p2a: Sneasler|95/100|[from] Stealth Rock\n|turn|5\n|\n|t:|1771267611\n|move|p2a: Sneasler|Dire Claw|p1a: Grimmsnarl\n|-supereffective|p1a: Grimmsnarl\n|-damage|p1a: Grimmsnarl|0 fnt\n|faint|p1a: Grimmsnarl\n|-damage|p2a: Sneasler|85/100|[from] item: Life Orb\n|move|p2b: Ogerpon|Horn Leech|p1b: Kleavor\n|-damage|p1b: Kleavor|0 fnt\n|-heal|p2b: Ogerpon|57/100|[from] drain|[of] p1b: Kleavor\n|faint|p1b: Kleavor\n|\n|-weather|none\n|upkeep\n|\n|t:|1771267634\n|switch|p1b: Sudowoodo|Sudowoodo, L1, M|100/100\n|switch|p1a: Tyranitar|Tyranitar, M|100/100\n|-weather|Sandstorm|[from] ability: Sand Stream|[of] p1a: Tyranitar\n|turn|6\n|j| chase598\n|l| chase598\n|\n|t:|1771267650\n|switch|p1a: Diancie|Diancie|100/100\n|move|p2a: Sneasler|Close Combat|p1a: Diancie\n|-damage|p1a: Diancie|70/100\n|-unboost|p2a: Sneasler|def|1\n|-unboost|p2a: Sneasler|spd|1\n|-damage|p2a: Sneasler|75/100|[from] item: Life Orb\n|move|p2b: Ogerpon|Horn Leech|p1b: Sudowoodo\n|-supereffective|p1b: Sudowoodo\n|-crit|p1b: Sudowoodo\n|-ability|p1b: Sudowoodo|Sturdy\n|-damage|p1b: Sudowoodo|9/100\n|-heal|p2b: Ogerpon|59/100|[from] drain|[of] p1b: Sudowoodo\n|move|p1b: Sudowoodo|Endeavor|p2a: Sneasler\n|-damage|p2a: Sneasler|1/100\n|-heal|p1b: Sudowoodo|100/100|[from] item: Shell Bell|[of] p2a: Sneasler\n|\n|-weather|Sandstorm|[upkeep]\n|-damage|p2a: Sneasler|0 fnt|[from] Sandstorm\n|-damage|p2b: Ogerpon|53/100|[from] Sandstorm\n|faint|p2a: Sneasler\n|upkeep\n|\n|t:|1771267669\n|switch|p2a: Clefable|Clefable, M|100/100\n|-damage|p2a: Clefable|88/100|[from] Stealth Rock\n|turn|7\n|\n|t:|1771267684\n|move|p1b: Sudowoodo|Protect|p1b: Sudowoodo\n|-singleturn|p1b: Sudowoodo|Protect\n|move|p2b: Ogerpon|Horn Leech|p1a: Diancie\n|-supereffective|p1a: Diancie\n|-damage|p1a: Diancie|38/100\n|-heal|p2b: Ogerpon|67/100|[from] drain|[of] p1a: Diancie\n|move|p2a: Clefable|Moonblast|p1a: Diancie\n|-damage|p1a: Diancie|31/100\n|move|p1a: Diancie|Diamond Storm|p2b: Ogerpon|[spread] p2b\n|-miss|p1a: Diancie|p2a: Clefable\n|-damage|p2b: Ogerpon|39/100\n|\n|-weather|Sandstorm|[upkeep]\n|-damage|p2b: Ogerpon|33/100|[from] Sandstorm\n|-damage|p2a: Clefable|82/100|[from] Sandstorm\n|upkeep\n|turn|8\n|inactive|Lemecano has 120 seconds left.\n|\n|t:|1771267723\n|move|p2a: Clefable|Follow Me|p2a: Clefable\n|-singleturn|p2a: Clefable|move: Follow Me\n|move|p2b: Ogerpon|Horn Leech|p1b: Sudowoodo\n|-supereffective|p1b: Sudowoodo\n|-ability|p1b: Sudowoodo|Sturdy\n|-damage|p1b: Sudowoodo|9/100\n|-heal|p2b: Ogerpon|34/100|[from] drain|[of] p1b: Sudowoodo\n|move|p1a: Diancie|Diamond Storm|p2a: Clefable|[spread] p2a,p2b\n|-damage|p2a: Clefable|60/100\n|-damage|p2b: Ogerpon|4/100\n|move|p1b: Sudowoodo|Endeavor|p2a: Clefable\n|-damage|p2a: Clefable|1/100\n|-enditem|p2a: Clefable|Sitrus Berry|[eat]\n|-heal|p2a: Clefable|26/100|[from] item: Sitrus Berry\n|-heal|p1b: Sudowoodo|100/100|[from] item: Shell Bell|[of] p2a: Clefable\n|\n|-weather|Sandstorm|[upkeep]\n|-damage|p2b: Ogerpon|0 fnt|[from] Sandstorm\n|-damage|p2a: Clefable|20/100|[from] Sandstorm\n|faint|p2b: Ogerpon\n|upkeep\n|\n|t:|1771267733\n|switch|p2b: Raging Bolt|Raging Bolt|100/100\n|-damage|p2b: Raging Bolt|88/100|[from] Stealth Rock\n|-enditem|p2b: Raging Bolt|Booster Energy\n|-activate|p2b: Raging Bolt|ability: Protosynthesis|[fromitem]\n|-start|p2b: Raging Bolt|protosynthesisspa\n|turn|9\n|inactive|Lemecano has 120 seconds left.\n|\n|t:|1771267758\n|move|p1b: Sudowoodo|Protect|p1b: Sudowoodo\n|-singleturn|p1b: Sudowoodo|Protect\n|move|p2b: Raging Bolt|Thunderbolt|p1a: Diancie\n|-damage|p1a: Diancie|14/100\n|move|p2a: Clefable|Life Dew|p2a: Clefable|[spread] p2a,p2b\n|-heal|p2a: Clefable|45/100\n|-heal|p2b: Raging Bolt|100/100\n|move|p1a: Diancie|Dazzling Gleam|p2b: Raging Bolt|[spread] p2a,p2b\n|-supereffective|p2b: Raging Bolt\n|-damage|p2a: Clefable|29/100\n|-damage|p2b: Raging Bolt|67/100\n|\n|-weather|Sandstorm|[upkeep]\n|-damage|p2b: Raging Bolt|61/100|[from] Sandstorm\n|-damage|p2a: Clefable|23/100|[from] Sandstorm\n|-sideend|p1: mobtitan|Reflect\n|upkeep\n|turn|10\n|inactive|Lemecano has 120 seconds left.\n|\n|t:|1771267781\n|move|p2b: Raging Bolt|Thunderbolt|p1b: Sudowoodo\n|-ability|p1b: Sudowoodo|Sturdy\n|-damage|p1b: Sudowoodo|9/100\n|move|p2a: Clefable|Moonblast|p1b: Sudowoodo\n|-damage|p1b: Sudowoodo|0 fnt\n|faint|p1b: Sudowoodo\n|move|p1a: Diancie|Dazzling Gleam|p2b: Raging Bolt|[spread] p2a,p2b\n|-supereffective|p2b: Raging Bolt\n|-damage|p2a: Clefable|8/100\n|-damage|p2b: Raging Bolt|25/100\n|\n|-weather|none\n|upkeep\n|\n|t:|1771267793\n|switch|p1b: Tyranitar|Tyranitar, M|100/100\n|-weather|Sandstorm|[from] ability: Sand Stream|[of] p1b: Tyranitar\n|turn|11\n|\n|t:|1771267809\n|move|p2a: Clefable|Follow Me|p2a: Clefable\n|-singleturn|p2a: Clefable|move: Follow Me\n|move|p2b: Raging Bolt|Thunderbolt|p1a: Diancie\n|-damage|p1a: Diancie|0 fnt\n|faint|p1a: Diancie\n|move|p1b: Tyranitar|Rock Slide|p2b: Raging Bolt|[spread] p2a,p2b\n|-damage|p2a: Clefable|0 fnt\n|-damage|p2b: Raging Bolt|6/100\n|faint|p2a: Clefable\n|\n|-weather|Sandstorm|[upkeep]\n|-damage|p2b: Raging Bolt|0 fnt|[from] Sandstorm\n|faint|p2b: Raging Bolt\n|-end|p2b: Raging Bolt|Protosynthesis|[silent]\n|-sideend|p1: mobtitan|move: Light Screen\n|upkeep\n|\n|t:|1771267824\n|switch|p2b: Regidrago|Regidrago|100/100\n|switch|p1a: Tornadus|Tornadus, M|100/100\n|-damage|p2b: Regidrago|88/100|[from] Stealth Rock\n|turn|12\n|\n|t:|1771267850\n|-terastallize|p2b: Regidrago|Dragon\n|-terastallize|p1a: Tornadus|Normal\n|move|p2b: Regidrago|Dragon Energy|p1a: Tornadus|[spread] p1a,p1b\n|-damage|p1a: Tornadus|0 fnt\n|-damage|p1b: Tyranitar|64/100\n|faint|p1a: Tornadus\n|move|p1b: Tyranitar|Knock Off|p2b: Regidrago\n|-damage|p2b: Regidrago|44/100\n|-enditem|p2b: Regidrago|Draco Plate|[from] move: Knock Off|[of] p1b: Tyranitar\n|\n|-weather|Sandstorm|[upkeep]\n|-damage|p2b: Regidrago|38/100|[from] Sandstorm\n|upkeep\n|turn|13\n|\n|t:|1771267870\n|move|p2b: Regidrago|Draco Meteor|p1b: Tyranitar\n|-damage|p1b: Tyranitar|17/100\n|-unboost|p2b: Regidrago|spa|2\n|move|p1b: Tyranitar|Earthquake|p2b: Regidrago\n|-damage|p2b: Regidrago|9/100\n|\n|-weather|Sandstorm|[upkeep]\n|-damage|p2b: Regidrago|3/100|[from] Sandstorm\n|upkeep\n|turn|14\n|\n|t:|1771267887\n|move|p2b: Regidrago|Draco Meteor|p1b: Tyranitar\n|-crit|p1b: Tyranitar\n|-damage|p1b: Tyranitar|0 fnt\n|-unboost|p2b: Regidrago|spa|2\n|faint|p1b: Tyranitar\n|\n|win|Lemecano\n|raw|mobtitan's rating: 1545 &rarr; <strong>1527</strong><br />(-18 for losing)\n|raw|Lemecano's rating: 1572 &rarr; <strong>1590</strong><br />(+18 for winning)\n|l|☆Lemecano\n|player|p2|\n|l|☆mobtitan\n|player|p1|\n", "uploadtime": 1771268233, "views": 1, "formatid": "gen9doublesou", "rating": 1527, "private": 0, "password": null}