{"id": "gen9doublesou-2540672455", "format": "[Gen 9] Doubles OU", "players": ["Dr Sly", "GTG_95"], "log": "|j|☆Dr Sly\n|j|☆GTG_95\n|t:|1771237903\n|gametype|doubles\n|player|p1|Dr Sly|camper|1683\n|player|p2|GTG_95|eusine|1582\n|gen|9\n|tier|[Gen 9] Doubles OU\n|rated|\n|rule|HP Percentage Mod: HP is shown in percentages\n|rule|Endless Battle Clause: Forcing endless battles is banned\n|rule|Species Clause: Limit one of each Pokémon\n|rule|OHKO Clause: OHKO moves are banned\n|rule|Evasion Moves Clause: Evasion moves are banned\n|rule|Gravity Sleep Clause: The combination of sleep-inducing moves with imperfect accuracy and Gravity or Gigantamax Orbeetle are banned\n|rule|Evasion Abilities Clause: Evasion abilities are banned\n|clearpoke\n|poke|p1|Hitmonchan, M|\n|poke|p1|Volcanion|\n|poke|p1|Comfey, M|\n|poke|p1|Araquanid, F|\n|poke|p1|Moltres-Galar|\n|poke|p1|Thundurus, M|\n|poke|p2|Chien-Pao|\n|poke|p2|Walking Wake|\n|poke|p2|Landorus-Therian, M|\n|poke|p2|Dragonite, F|\n|poke|p2|Garchomp, M|\n|poke|p2|Tornadus, M|\n|teampreview\n|inactive|Battle timer is ON: inactive players will automatically lose when time's up. (requested by Dr Sly)\n|\n|t:|1771237952\n|teamsize|p1|6\n|teamsize|p2|6\n|start\n|switch|p1a: Hitmonchan|Hitmonchan, M|100/100\n|switch|p1b: Moltres|Moltres-Galar|100/100\n|switch|p2a: Tornadus|Tornadus, M|100/100\n|switch|p2b: Dragonite|Dragonite, F, shiny|100/100\n|turn|1\n|\n|t:|1771237968\n|move|p2a: Tornadus|Bleakwind Storm|p1a: Hitmonchan|[spread] p1b\n|-miss|p2a: Tornadus|p1a: Hitmonchan\n|-damage|p1b: Moltres|71/100\n|move|p2b: Dragonite|Ice Spinner|p1b: Moltres\n|-supereffective|p1b: Moltres\n|-damage|p1b: Moltres|0 fnt\n|faint|p1b: Moltres\n|move|p1a: Hitmonchan|Ice Punch|p2b: Dragonite\n|-supereffective|p2b: Dragonite\n|-damage|p2b: Dragonite|0 fnt\n|faint|p2b: Dragonite\n|\n|upkeep\n|\n|t:|1771237987\n|switch|p2b: Landorus|Landorus-Therian, M|100/100\n|switch|p1b: Araquanid|Araquanid, F, shiny|100/100\n|-ability|p2b: Landorus|Intimidate|boost\n|-unboost|p1a: Hitmonchan|atk|1\n|-unboost|p1b: Araquanid|atk|1\n|turn|2\n|\n|t:|1771237998\n|move|p1b: Araquanid|Wide Guard|p1b: Araquanid\n|-singleturn|p1b: Araquanid|Wide Guard\n|move|p2a: Tornadus|Bleakwind Storm|p1b: Araquanid|[spread] \n|-activate|p1a: Hitmonchan|move: Wide Guard\n|-activate|p1b: Araquanid|move: Wide Guard\n|move|p2b: Landorus|Earthquake|p1b: Araquanid|[spread] \n|-activate|p1a: Hitmonchan|move: Wide Guard\n|-activate|p1b: Araquanid|move: Wide Guard\n|-immune|p2a: Tornadus\n|move|p1a: Hitmonchan|Ice Punch|p2b: Landorus\n|-supereffective|p2b: Landorus\n|-damage|p2b: Landorus|16/100\n|\n|upkeep\n|turn|3\n|\n|t:|1771238023\n|move|p2b: Landorus|Protect|p2b: Landorus\n|-singleturn|p2b: Landorus|Protect\n|move|p1b: Araquanid|Wide Guard|p1b: Araquanid\n|-singleturn|p1b: Araquanid|Wide Guard\n|move|p2a: Tornadus|Taunt|p1b: Araquanid\n|-start|p1b: Araquanid|move: Taunt\n|move|p1a: Hitmonchan|Ice Punch|p2a: Tornadus\n|-supereffective|p2a: Tornadus\n|-damage|p2a: Tornadus|41/100\n|\n|upkeep\n|turn|4\n|\n|t:|1771238050\n|switch|p1a: Thundurus|Thundurus, M, shiny|100/100\n|move|p2a: Tornadus|Bleakwind Storm|p1b: Araquanid|[spread] p1a,p1b\n|-resisted|p1a: Thundurus\n|-supereffective|p1b: Araquanid\n|-damage|p1a: Thundurus|83/100\n|-damage|p1b: Araquanid|29/100\n|-unboost|p1b: Araquanid|spe|1\n|move|p2b: Landorus|Earthquake|p1b: Araquanid|[spread] p1b\n|-immune|p2a: Tornadus\n|-immune|p1a: Thundurus\n|-resisted|p1b: Araquanid\n|-crit|p1b: Araquanid\n|-damage|p1b: Araquanid|1/100\n|move|p1b: Araquanid|Liquidation|p2b: Landorus\n|-supereffective|p2b: Landorus\n|-damage|p2b: Landorus|0 fnt\n|faint|p2b: Landorus\n|\n|-heal|p1b: Araquanid|7/100|[from] item: Leftovers\n|upkeep\n|inactive|GTG_95 has 120 seconds left.\n|inactive|GTG_95 has 90 seconds left.\n|\n|t:|1771238096\n|switch|p2b: Chien-Pao|Chien-Pao|100/100\n|-ability|p2b: Chien-Pao|Sword of Ruin\n|turn|5\n|\n|t:|1771238117\n|switch|p1a: Volcanion|Volcanion|100/100\n|move|p2b: Chien-Pao|Ice Spinner|p1a: Volcanion\n|-resisted|p1a: Volcanion\n|-damage|p1a: Volcanion|90/100\n|move|p2a: Tornadus|Bleakwind Storm|p1a: Volcanion|[spread] p1a,p1b\n|-supereffective|p1b: Araquanid\n|-damage|p1a: Volcanion|59/100\n|-damage|p1b: Araquanid|0 fnt\n|-unboost|p1a: Volcanion|spe|1\n|faint|p1b: Araquanid\n|\n|upkeep\n|inactive|Dr Sly has 120 seconds left.\n|\n|t:|1771238132\n|switch|p1b: Hitmonchan|Hitmonchan, M|100/100\n|turn|6\n|\n|t:|1771238142\n|move|p1b: Hitmonchan|Fake Out|p2a: Tornadus\n|-damage|p2a: Tornadus|15/100\n|move|p2b: Chien-Pao|Throat Chop|p1a: Volcanion\n|-damage|p1a: Volcanion|16/100\n|-start|p1a: Volcanion|Throat Chop|[silent]\n|cant|p2a: Tornadus|flinch\n|move|p1a: Volcanion|Heat Wave|p2b: Chien-Pao|[spread] p2a,p2b\n|-supereffective|p2b: Chien-Pao\n|-damage|p2a: Tornadus|0 fnt\n|-enditem|p2b: Chien-Pao|Focus Sash\n|-damage|p2b: Chien-Pao|1/100\n|faint|p2a: Tornadus\n|\n|upkeep\n|\n|t:|1771238150\n|switch|p2a: Walking Wake|Walking Wake|100/100\n|-enditem|p2a: Walking Wake|Booster Energy\n|-activate|p2a: Walking Wake|ability: Protosynthesis|[fromitem]\n|-start|p2a: Walking Wake|protosynthesisspa\n|turn|7\n|\n|t:|1771238170\n|switch|p1a: Comfey|Comfey, M|100/100\n|move|p2b: Chien-Pao|Throat Chop|p1a: Comfey\n|-resisted|p1a: Comfey\n|-damage|p1a: Comfey|74/100\n|-start|p1a: Comfey|Throat Chop|[silent]\n|move|p2a: Walking Wake|Hydro Steam|p1b: Hitmonchan\n|-damage|p1b: Hitmonchan|60/100\n|move|p1b: Hitmonchan|Drain Punch|p2a: Walking Wake\n|-damage|p2a: Walking Wake|39/100\n|-heal|p1b: Hitmonchan|95/100|[from] drain|[of] p2a: Walking Wake\n|\n|upkeep\n|turn|8\n|inactive|GTG_95 has 120 seconds left.\n|\n|t:|1771238210\n|-terastallize|p2a: Walking Wake|Steel\n|move|p2b: Chien-Pao|Protect|p2b: Chien-Pao\n|-singleturn|p2b: Chien-Pao|Protect\n|move|p1a: Comfey|Draining Kiss|p2a: Walking Wake\n|-resisted|p2a: Walking Wake\n|-damage|p2a: Walking Wake|30/100\n|-heal|p1a: Comfey|84/100|[from] drain|[of] p2a: Walking Wake\n|move|p1b: Hitmonchan|Mach Punch|p2b: Chien-Pao\n|-activate|p2b: Chien-Pao|move: Protect\n|move|p2a: Walking Wake|Tera Blast|p1a: Comfey|[anim] Tera Blast Steel\n|-supereffective|p1a: Comfey\n|-damage|p1a: Comfey|0 fnt\n|faint|p1a: Comfey\n|\n|upkeep\n|\n|t:|1771238224\n|switch|p1a: Thundurus|Thundurus, M, shiny|83/100\n|turn|9\n|\n|t:|1771238233\n|switch|p2b: Garchomp|Garchomp, M|100/100\n|move|p1b: Hitmonchan|Mach Punch|p2b: Garchomp\n|-damage|p2b: Garchomp|87/100\n|-damage|p1b: Hitmonchan|83/100|[from] ability: Rough Skin|[of] p2b: Garchomp\n|-damage|p1b: Hitmonchan|66/100|[from] item: Rocky Helmet|[of] p2b: Garchomp\n|move|p2a: Walking Wake|Draco Meteor|p1b: Hitmonchan\n|-damage|p1b: Hitmonchan|0 fnt\n|-unboost|p2a: Walking Wake|spa|2\n|faint|p1b: Hitmonchan\n|move|p1a: Thundurus|Thunderbolt|p2a: Walking Wake\n|-damage|p2a: Walking Wake|0 fnt\n|faint|p2a: Walking Wake\n|-end|p2a: Walking Wake|Protosynthesis|[silent]\n|\n|upkeep\n|\n|t:|1771238249\n|switch|p2a: Chien-Pao|Chien-Pao|1/100\n|switch|p1b: Volcanion|Volcanion|16/100\n|-ability|p2a: Chien-Pao|Sword of Ruin\n|turn|10\n|c|☆Dr Sly|gg\n|\n|t:|1771238259\n|move|p2a: Chien-Pao|Ice Spinner|p1a: Thundurus\n|-supereffective|p1a: Thundurus\n|-damage|p1a: Thundurus|0 fnt\n|faint|p1a: Thundurus\n|move|p2b: Garchomp|Dragon Claw|p1b: Volcanion\n|-damage|p1b: Volcanion|0 fnt\n|faint|p1b: Volcanion\n|\n|win|GTG_95\n|raw|Dr Sly's rating: 1683 &rarr; <strong>1657</strong><br />(-26 for losing)\n|raw|GTG_95's rating: 1582 &rarr; <strong>1608</strong><br />(+26 for winning)\n|l|☆Dr Sly\n|player|p1|\n|l|☆GTG_95\n|player|p2|\n", "uploadtime": 1771238538, "views": 9, "formatid": "gen9doublesou", "rating": 1608, "private": 0, "password": null}