{"id": "gen9doublesou-2540905043", "format": "[Gen 9] Doubles OU", "players": ["Jslo32193", "natana6l"], "log": "|j|☆Jslo32193\n|j|☆natana6l\n|t:|1771265782\n|gametype|doubles\n|player|p1|Jslo32193|lance|1491\n|player|p2|natana6l|flannery|1576\n|gen|9\n|tier|[Gen 9] Doubles OU\n|rated|\n|rule|HP Percentage Mod: HP is shown in percentages\n|rule|Endless Battle Clause: Forcing endless battles is banned\n|rule|Species Clause: Limit one of each Pokémon\n|rule|OHKO Clause: OHKO moves are banned\n|rule|Evasion Moves Clause: Evasion moves are banned\n|rule|Gravity Sleep Clause: The combination of sleep-inducing moves with imperfect accuracy and Gravity or Gigantamax Orbeetle are banned\n|rule|Evasion Abilities Clause: Evasion abilities are banned\n|clearpoke\n|poke|p1|Tyranitar, F|\n|poke|p1|Excadrill, M|\n|poke|p1|Ogerpon-Cornerstone, F|\n|poke|p1|Dragonite, F|\n|poke|p1|Landorus, M|\n|poke|p1|Zapdos|\n|poke|p2|Tyranitar, M|\n|poke|p2|Latios, M|\n|poke|p2|Cinderace, M|\n|poke|p2|Sneasler, M|\n|poke|p2|Raging Bolt|\n|poke|p2|Serperior, F|\n|teampreview\n|inactive|Battle timer is ON: inactive players will automatically lose when time's up. (requested by Jslo32193)\n|\n|t:|1771265797\n|teamsize|p1|6\n|teamsize|p2|6\n|start\n|switch|p1a: Tyranitar|Tyranitar, F, shiny|100/100\n|switch|p1b: Ogerpon|Ogerpon-Cornerstone, F|100/100\n|switch|p2a: Sneasler|Sneasler, M, shiny|100/100\n|switch|p2b: Latios|Latios, M|100/100\n|-weather|Sandstorm|[from] ability: Sand Stream|[of] p1a: Tyranitar\n|turn|1\n|\n|t:|1771265817\n|-terastallize|p1a: Tyranitar|Ghost\n|move|p2a: Sneasler|Close Combat|p1a: Tyranitar\n|-immune|p1a: Tyranitar\n|move|p1b: Ogerpon|U-turn|p2b: Latios\n|-supereffective|p2b: Latios\n|-damage|p2b: Latios|37/100\n|\n|t:|1771265826\n|switch|p1b: Dragonite|Dragonite, F, shiny|100/100|[from] U-turn\n|move|p2b: Latios|Tailwind|p2b: Latios\n|-sidestart|p2: natana6l|move: Tailwind\n|move|p1a: Tyranitar|Knock Off|p2b: Latios\n|-supereffective|p2b: Latios\n|-crit|p2b: Latios\n|-damage|p2b: Latios|0 fnt\n|-enditem|p2b: Latios|Soul Dew|[from] move: Knock Off|[of] p1a: Tyranitar\n|faint|p2b: Latios\n|\n|-weather|Sandstorm|[upkeep]\n|-damage|p2a: Sneasler|95/100|[from] Sandstorm\n|-damage|p1a: Tyranitar|94/100|[from] Sandstorm\n|upkeep\n|\n|t:|1771265841\n|switch|p2b: Raging Bolt|Raging Bolt|100/100\n|turn|2\n|\n|t:|1771265863\n|switch|p1b: Landorus|Landorus, M, shiny|100/100\n|-terastallize|p2b: Raging Bolt|Electric\n|move|p2a: Sneasler|U-turn|p1b: Landorus\n|-resisted|p1b: Landorus\n|-damage|p1b: Landorus|89/100\n|-status|p1b: Landorus|psn|[from] ability: Poison Touch|[of] p2a: Sneasler\n|\n|t:|1771265872\n|switch|p2a: Tyranitar|Tyranitar, M|100/100|[from] U-turn\n|move|p2b: Raging Bolt|Weather Ball|p1b: Landorus\n|-damage|p1b: Landorus|30/100 psn\n|-damage|p2b: Raging Bolt|91/100|[from] item: Life Orb\n|move|p1a: Tyranitar|Knock Off|p2b: Raging Bolt\n|-damage|p2b: Raging Bolt|43/100\n|-enditem|p2b: Raging Bolt|Life Orb|[from] move: Knock Off|[of] p1a: Tyranitar\n|\n|-weather|Sandstorm|[upkeep]\n|-damage|p2b: Raging Bolt|37/100|[from] Sandstorm\n|-damage|p1a: Tyranitar|88/100|[from] Sandstorm\n|-damage|p1b: Landorus|18/100 psn|[from] psn\n|upkeep\n|turn|3\n|\n|t:|1771265890\n|-end|p2b: Raging Bolt|Protosynthesis|[silent]\n|switch|p2b: Serperior|Serperior, F, shiny|100/100\n|move|p2a: Tyranitar|Rock Slide|p1b: Landorus|[spread] p1a,p1b\n|-damage|p1a: Tyranitar|64/100\n|-damage|p1b: Landorus|0 fnt\n|faint|p1b: Landorus\n|move|p1a: Tyranitar|Brick Break|p2a: Tyranitar\n|-supereffective|p2a: Tyranitar\n|-damage|p2a: Tyranitar|14/100\n|-enditem|p2a: Tyranitar|Weakness Policy\n|-boost|p2a: Tyranitar|atk|2|[from] item: Weakness Policy\n|-boost|p2a: Tyranitar|spa|2|[from] item: Weakness Policy\n|\n|-weather|Sandstorm|[upkeep]\n|-damage|p2b: Serperior|94/100|[from] Sandstorm\n|-damage|p1a: Tyranitar|57/100|[from] Sandstorm\n|upkeep\n|\n|t:|1771265906\n|switch|p1b: Ogerpon|Ogerpon-Cornerstone, F|100/100\n|turn|4\n|\n|t:|1771265912\n|move|p1b: Ogerpon|Spiky Shield|p1b: Ogerpon\n|-singleturn|p1b: Ogerpon|move: Protect\n|move|p1a: Tyranitar|Protect|p1a: Tyranitar\n|-singleturn|p1a: Tyranitar|Protect\n|move|p2b: Serperior|Leaf Storm|p1b: Ogerpon\n|-activate|p1b: Ogerpon|move: Protect\n|move|p2a: Tyranitar|Rock Slide|p1b: Ogerpon|[spread] \n|-activate|p1a: Tyranitar|move: Protect\n|-activate|p1b: Ogerpon|move: Protect\n|\n|-weather|Sandstorm|[upkeep]\n|-damage|p2b: Serperior|88/100|[from] Sandstorm\n|-damage|p1a: Tyranitar|51/100|[from] Sandstorm\n|-sideend|p2: natana6l|move: Tailwind\n|upkeep\n|turn|5\n|\n|t:|1771265927\n|move|p1b: Ogerpon|U-turn|p2b: Serperior\n|-supereffective|p2b: Serperior\n|-crit|p2b: Serperior\n|-damage|p2b: Serperior|0 fnt\n|faint|p2b: Serperior\n|\n|t:|1771265933\n|switch|p1b: Zapdos|Zapdos|100/100|[from] U-turn\n|move|p2a: Tyranitar|Knock Off|p1a: Tyranitar\n|-supereffective|p1a: Tyranitar\n|-damage|p1a: Tyranitar|0 fnt\n|-enditem|p1a: Tyranitar|Smooth Rock|[from] move: Knock Off|[of] p2a: Tyranitar\n|faint|p1a: Tyranitar\n|\n|-weather|Sandstorm|[upkeep]\n|upkeep\n|\n|t:|1771265944\n|switch|p2b: Sneasler|Sneasler, M, shiny|95/100\n|switch|p1a: Excadrill|Excadrill, M, shiny|100/100\n|turn|6\n|\n|t:|1771265962\n|move|p1a: Excadrill|Protect|p1a: Excadrill\n|-singleturn|p1a: Excadrill|Protect\n|move|p2b: Sneasler|Fake Out|p1a: Excadrill\n|-activate|p1a: Excadrill|move: Protect\n|move|p1b: Zapdos|Thunderbolt|p2a: Tyranitar\n|-damage|p2a: Tyranitar|0 fnt\n|faint|p2a: Tyranitar\n|\n|-weather|Sandstorm|[upkeep]\n|-damage|p2b: Sneasler|89/100|[from] Sandstorm\n|upkeep\n|\n|t:|1771265967\n|switch|p2a: Raging Bolt|Raging Bolt, tera:Electric|37/100\n|turn|7\n|\n|t:|1771265983\n|move|p1a: Excadrill|Earthquake|p2a: Raging Bolt|[spread] p2a,p2b\n|-immune|p1b: Zapdos\n|-supereffective|p2a: Raging Bolt\n|-supereffective|p2b: Sneasler\n|-damage|p2a: Raging Bolt|0 fnt\n|-damage|p2b: Sneasler|0 fnt\n|faint|p2a: Raging Bolt\n|-end|p2a: Raging Bolt|Protosynthesis|[silent]\n|faint|p2b: Sneasler\n|move|p1b: Zapdos|Thunderbolt|p2: Raging Bolt|[notarget]\n|-fail|p1b: Zapdos\n|\n|-weather|Sandstorm|[upkeep]\n|upkeep\n|\n|t:|1771265986\n|switch|p2b: Cinderace|Cinderace, M|100/100\n|turn|8\n|\n|t:|1771265994\n|move|p1a: Excadrill|Earthquake|p2b: Cinderace|[spread] p2b\n|-immune|p1b: Zapdos\n|-supereffective|p2b: Cinderace\n|-damage|p2b: Cinderace|0 fnt\n|faint|p2b: Cinderace\n|\n|win|Jslo32193\n|raw|Jslo32193's rating: 1491 &rarr; <strong>1516</strong><br />(+25 for winning)\n|raw|natana6l's rating: 1576 &rarr; <strong>1551</strong><br />(-25 for losing)\n|l|☆natana6l\n|player|p2|\n|l|☆Jslo32193\n|player|p1|\n", "uploadtime": 1771266307, "views": 2, "formatid": "gen9doublesou", "rating": 1516, "private": 0, "password": null}