{"id": "gen9doublesou-2540612164", "format": "[Gen 9] Doubles OU", "players": ["dobou", "redpkmntrainer14"], "log": "|j|☆dobou\n|j|☆redpkmntrainer14\n|t:|1771227142\n|gametype|doubles\n|player|p1|dobou|clown|1572\n|player|p2|redpkmntrainer14|2|1628\n|gen|9\n|tier|[Gen 9] Doubles OU\n|rated|\n|rule|HP Percentage Mod: HP is shown in percentages\n|rule|Endless Battle Clause: Forcing endless battles is banned\n|rule|Species Clause: Limit one of each Pokémon\n|rule|OHKO Clause: OHKO moves are banned\n|rule|Evasion Moves Clause: Evasion moves are banned\n|rule|Gravity Sleep Clause: The combination of sleep-inducing moves with imperfect accuracy and Gravity or Gigantamax Orbeetle are banned\n|rule|Evasion Abilities Clause: Evasion abilities are banned\n|clearpoke\n|poke|p1|Ninetales-Alola, M|\n|poke|p1|Kingambit, M|\n|poke|p1|Incineroar, F|\n|poke|p1|Ogerpon-Wellspring, F|\n|poke|p1|Landorus, M|\n|poke|p1|Kyurem|\n|poke|p2|Lycanroc-Midnight, F|\n|poke|p2|Gouging Fire|\n|poke|p2|Gholdengo|\n|poke|p2|Incineroar, M|\n|poke|p2|Tornadus, M|\n|poke|p2|Chien-Pao|\n|teampreview\n|\n|t:|1771227180\n|teamsize|p1|6\n|teamsize|p2|6\n|start\n|switch|p1a: Ninetales|Ninetales-Alola, M|100/100\n|switch|p1b: Ogerpon|Ogerpon-Wellspring, F|100/100\n|switch|p2a: Gouging Fire|Gouging Fire|100/100\n|switch|p2b: Lycanroc|Lycanroc-Midnight, F|100/100\n|-weather|Snowscape|[from] ability: Snow Warning|[of] p1a: Ninetales\n|-enditem|p2a: Gouging Fire|Booster Energy\n|-activate|p2a: Gouging Fire|ability: Protosynthesis|[fromitem]\n|-start|p2a: Gouging Fire|protosynthesisatk\n|turn|1\n|\n|t:|1771227215\n|move|p2b: Lycanroc|Protect|p2b: Lycanroc\n|-singleturn|p2b: Lycanroc|Protect\n|move|p1a: Ninetales|Aurora Veil|p1a: Ninetales\n|-sidestart|p1: dobou|move: Aurora Veil\n|move|p1b: Ogerpon|Ivy Cudgel|p2b: Lycanroc|[anim] Ivy Cudgel Water\n|-activate|p2b: Lycanroc|move: Protect\n|move|p2a: Gouging Fire|Howl|p2a: Gouging Fire|[spread] p2a,p2b\n|-boost|p2a: Gouging Fire|atk|1\n|-boost|p2b: Lycanroc|atk|1\n|\n|-weather|Snowscape|[upkeep]\n|upkeep\n|turn|2\n|\n|t:|1771227256\n|move|p1a: Ninetales|Encore|p2b: Lycanroc\n|-start|p2b: Lycanroc|Encore\n|move|p1b: Ogerpon|Ivy Cudgel|p2b: Lycanroc|[anim] Ivy Cudgel Water\n|-supereffective|p2b: Lycanroc\n|-crit|p2b: Lycanroc\n|-damage|p2b: Lycanroc|0 fnt\n|faint|p2b: Lycanroc\n|move|p2a: Gouging Fire|Breaking Swipe|p1b: Ogerpon|[spread] p1b\n|-immune|p1a: Ninetales\n|-damage|p1b: Ogerpon|73/100\n|-unboost|p1b: Ogerpon|atk|1\n|\n|-weather|Snowscape|[upkeep]\n|upkeep\n|\n|t:|1771227266\n|switch|p2b: Gholdengo|Gholdengo, shiny|100/100\n|turn|3\n|\n|t:|1771227286\n|move|p1a: Ninetales|Encore|p2a: Gouging Fire\n|-start|p2a: Gouging Fire|Encore\n|move|p1b: Ogerpon|Ivy Cudgel|p2b: Gholdengo|[anim] Ivy Cudgel Water\n|-damage|p2b: Gholdengo|64/100\n|move|p2a: Gouging Fire|Breaking Swipe|p1a: Ninetales|[spread] p1b\n|-immune|p1a: Ninetales\n|-damage|p1b: Ogerpon|46/100\n|-unboost|p1b: Ogerpon|atk|1\n|move|p2b: Gholdengo|Make It Rain|p1b: Ogerpon|[spread] p1a,p1b\n|-supereffective|p1a: Ninetales\n|-resisted|p1b: Ogerpon\n|-damage|p1a: Ninetales|0 fnt\n|-damage|p1b: Ogerpon|17/100\n|-unboost|p2b: Gholdengo|spa|1\n|faint|p1a: Ninetales\n|\n|-weather|Snowscape|[upkeep]\n|upkeep\n|\n|t:|1771227289\n|switch|p1a: Kingambit|Kingambit, M|100/100\n|turn|4\n|inactive|Battle timer is ON: inactive players will automatically lose when time's up. (requested by redpkmntrainer14)\n|\n|t:|1771227324\n|switch|p1b: Kyurem|Kyurem|100/100\n|-ability|p1b: Kyurem|Pressure\n|-end|p2a: Gouging Fire|Protosynthesis|[silent]\n|switch|p2a: Chien-Pao|Chien-Pao|100/100\n|-ability|p2a: Chien-Pao|Sword of Ruin\n|switch|p2b: torn|Tornadus, M|100/100\n|move|p1a: Kingambit|Kowtow Cleave|p2b: torn\n|-damage|p2b: torn|8/100\n|\n|-weather|Snowscape|[upkeep]\n|upkeep\n|turn|5\n|\n|t:|1771227351\n|switch|p2b: Gholdengo|Gholdengo, shiny|64/100\n|move|p1a: Kingambit|Protect|p1a: Kingambit\n|-singleturn|p1a: Kingambit|Protect\n|move|p2a: Chien-Pao|Sacred Sword|p1a: Kingambit\n|-activate|p1a: Kingambit|move: Protect\n|move|p1b: Kyurem|Flash Cannon|p2a: Chien-Pao\n|-supereffective|p2a: Chien-Pao\n|-damage|p2a: Chien-Pao|21/100\n|\n|-weather|none\n|upkeep\n|turn|6\n|inactive|dobou has 120 seconds left.\n|\n|t:|1771227395\n|switch|p2a: Gouging Fire|Gouging Fire|100/100\n|switch|p1b: Incineroar|Incineroar, F|100/100\n|-ability|p1b: Incineroar|Intimidate|boost\n|-unboost|p2a: Gouging Fire|atk|1\n|-unboost|p2b: Gholdengo|atk|1\n|move|p1a: Kingambit|Sucker Punch||[still]\n|-fail|p1a: Kingambit\n|move|p2b: Gholdengo|Make It Rain|p1a: Kingambit|[spread] p1a,p1b\n|-resisted|p1a: Kingambit\n|-resisted|p1b: Incineroar\n|-damage|p1a: Kingambit|76/100\n|-damage|p1b: Incineroar|77/100\n|-unboost|p2b: Gholdengo|spa|1\n|\n|-heal|p1a: Kingambit|83/100|[from] item: Leftovers\n|upkeep\n|turn|7\n|inactive|dobou has 120 seconds left.\n|\n|t:|1771227423\n|switch|p2b: torn|Tornadus, M|8/100\n|move|p1b: Incineroar|Fake Out|p2a: Gouging Fire\n|-damage|p2a: Gouging Fire|91/100\n|cant|p2a: Gouging Fire|flinch\n|move|p1a: Kingambit|Swords Dance|p1a: Kingambit\n|-boost|p1a: Kingambit|atk|2\n|\n|-heal|p1a: Kingambit|89/100|[from] item: Leftovers\n|upkeep\n|turn|8\n|\n|t:|1771227444\n|move|p1a: Kingambit|Protect|p1a: Kingambit\n|-singleturn|p1a: Kingambit|Protect\n|move|p2b: torn|Bleakwind Storm|p1b: Incineroar|[spread] p1b\n|-activate|p1a: Kingambit|move: Protect\n|-damage|p1b: Incineroar|54/100\n|move|p2a: Gouging Fire|Heat Crash|p1a: Kingambit\n|-activate|p1a: Kingambit|move: Protect\n|move|p1b: Incineroar|Parting Shot|p2a: Gouging Fire\n|-unboost|p2a: Gouging Fire|atk|1\n|-unboost|p2a: Gouging Fire|spa|1\n|inactive|dobou has 120 seconds left.\n|\n|t:|1771227466\n|switch|p1b: Ogerpon|Ogerpon-Wellspring, F|17/100|[from] Parting Shot\n|\n|-heal|p1a: Kingambit|95/100|[from] item: Leftovers\n|-sideend|p1: dobou|move: Aurora Veil\n|upkeep\n|turn|9\n|inactive|dobou has 120 seconds left.\n|\n|t:|1771227496\n|move|p2a: Gouging Fire|Burning Bulwark|p2a: Gouging Fire\n|-singleturn|p2a: Gouging Fire|move: Protect\n|move|p2b: torn|Tailwind|p2b: torn\n|-sidestart|p2: redpkmntrainer14|move: Tailwind\n|move|p1b: Ogerpon|Ivy Cudgel|p2a: Gouging Fire|[anim] Ivy Cudgel Water\n|-activate|p2a: Gouging Fire|move: Protect\n|move|p1a: Kingambit|Kowtow Cleave|p2b: torn\n|-damage|p2b: torn|0 fnt\n|faint|p2b: torn\n|\n|-heal|p1a: Kingambit|100/100|[from] item: Leftovers\n|upkeep\n|\n|t:|1771227520\n|switch|p2b: Gholdengo|Gholdengo, shiny|64/100\n|turn|10\n|\n|t:|1771227538\n|move|p1b: Ogerpon|Follow Me|p1b: Ogerpon\n|-singleturn|p1b: Ogerpon|move: Follow Me\n|move|p1a: Kingambit|Sucker Punch|p2b: Gholdengo\n|-supereffective|p2b: Gholdengo\n|-damage|p2b: Gholdengo|0 fnt\n|faint|p2b: Gholdengo\n|move|p2a: Gouging Fire|Heat Crash|p1b: Ogerpon\n|-damage|p1b: Ogerpon|0 fnt\n|faint|p1b: Ogerpon\n|\n|upkeep\n|\n|t:|1771227557\n|switch|p1b: Incineroar|Incineroar, F|54/100\n|switch|p2b: Chien-Pao|Chien-Pao|21/100\n|-ability|p2b: Chien-Pao|Sword of Ruin\n|-ability|p1b: Incineroar|Intimidate|boost\n|-unboost|p2a: Gouging Fire|atk|1\n|-unboost|p2b: Chien-Pao|atk|1\n|turn|11\n|\n|t:|1771227566\n|-end|p2a: Gouging Fire|Protosynthesis|[silent]\n|switch|p2a: Incineroar|Incineroar, M|100/100\n|-ability|p2a: Incineroar|Intimidate|boost\n|-unboost|p1a: Kingambit|atk|1\n|-ability|p1a: Kingambit|Defiant|boost\n|-boost|p1a: Kingambit|atk|2\n|-unboost|p1b: Incineroar|atk|1\n|move|p2b: Chien-Pao|Protect|p2b: Chien-Pao\n|-singleturn|p2b: Chien-Pao|Protect\n|move|p1b: Incineroar|Fake Out|p2a: Incineroar\n|-damage|p2a: Incineroar|91/100\n|-damage|p1b: Incineroar|37/100|[from] item: Rocky Helmet|[of] p2a: Incineroar\n|-enditem|p1b: Incineroar|Sitrus Berry|[eat]\n|-heal|p1b: Incineroar|62/100|[from] item: Sitrus Berry\n|move|p1a: Kingambit|Kowtow Cleave|p2b: Chien-Pao\n|-activate|p2b: Chien-Pao|move: Protect\n|\n|upkeep\n|turn|12\n|\n|t:|1771227589\n|move|p1a: Kingambit|Protect|p1a: Kingambit\n|-singleturn|p1a: Kingambit|Protect\n|move|p2b: Chien-Pao|Sacred Sword|p1b: Incineroar\n|-supereffective|p1b: Incineroar\n|-damage|p1b: Incineroar|17/100\n|move|p2a: Incineroar|Flare Blitz|p1a: Kingambit\n|-activate|p1a: Kingambit|move: Protect\n|move|p1b: Incineroar|Will-O-Wisp|p2b: Chien-Pao\n|-status|p2b: Chien-Pao|brn\n|\n|-damage|p2b: Chien-Pao|15/100 brn|[from] brn\n|-sideend|p2: redpkmntrainer14|move: Tailwind\n|upkeep\n|turn|13\n|\n|t:|1771227608\n|-terastallize|p1a: Kingambit|Dragon\n|move|p1a: Kingambit|Sucker Punch|p2b: Chien-Pao\n|-resisted|p2b: Chien-Pao\n|-damage|p2b: Chien-Pao|0 fnt\n|faint|p2b: Chien-Pao\n|move|p2a: Incineroar|Flare Blitz|p1a: Kingambit\n|-resisted|p1a: Kingambit\n|-damage|p1a: Kingambit|78/100\n|-status|p1a: Kingambit|brn\n|-damage|p2a: Incineroar|82/100|[from] Recoil\n|move|p1b: Incineroar|Parting Shot|p2a: Incineroar\n|-unboost|p2a: Incineroar|atk|1\n|-unboost|p2a: Incineroar|spa|1\n|\n|t:|1771227617\n|switch|p1b: Landorus|Landorus, M|100/100|[from] Parting Shot\n|\n|-heal|p1a: Kingambit|85/100 brn|[from] item: Leftovers\n|-damage|p1a: Kingambit|78/100 brn|[from] brn\n|upkeep\n|\n|t:|1771227619\n|switch|p2b: Gouging Fire|Gouging Fire|91/100\n|turn|14\n|\n|t:|1771227637\n|move|p1a: Kingambit|Sucker Punch|p2b: Gouging Fire\n|-damage|p2b: Gouging Fire|50/100\n|move|p1b: Landorus|Sludge Bomb|p2b: Gouging Fire\n|-crit|p2b: Gouging Fire\n|-damage|p2b: Gouging Fire|0 fnt\n|faint|p2b: Gouging Fire\n|-end|p2b: Gouging Fire|Protosynthesis|[silent]\n|move|p2a: Incineroar|Knock Off|p1b: Landorus\n|-damage|p1b: Landorus|62/100\n|-enditem|p1b: Landorus|Life Orb|[from] move: Knock Off|[of] p2a: Incineroar\n|\n|-heal|p1a: Kingambit|85/100 brn|[from] item: Leftovers\n|-damage|p1a: Kingambit|78/100 brn|[from] brn\n|upkeep\n|turn|15\n|-message|redpkmntrainer14 forfeited.\n|\n|win|dobou\n|raw|dobou's rating: 1572 &rarr; <strong>1595</strong><br />(+23 for winning)\n|raw|redpkmntrainer14's rating: 1628 &rarr; <strong>1605</strong><br />(-23 for losing)\n|l|☆redpkmntrainer14\n|player|p2|\n|l|☆dobou\n|player|p1|\n|j| no1unovafand\n|l| no1unovafand\n", "uploadtime": 1771227927, "views": 14, "formatid": "gen9doublesou", "rating": 1595, "private": 0, "password": null}