{"id": "gen9doublesou-2540250203", "format": "[Gen 9] Doubles OU", "players": ["Ritual Awakening", "jondiiii"], "log": "|j|☆Ritual Awakening\n|j|☆jondiiii\n|t:|1771180693\n|gametype|doubles\n|player|p1|Ritual Awakening|scientist-gen4dp|1507\n|player|p2|jondiiii|roxie|1555\n|gen|9\n|tier|[Gen 9] Doubles OU\n|rated|\n|rule|HP Percentage Mod: HP is shown in percentages\n|rule|Endless Battle Clause: Forcing endless battles is banned\n|rule|Species Clause: Limit one of each Pokémon\n|rule|OHKO Clause: OHKO moves are banned\n|rule|Evasion Moves Clause: Evasion moves are banned\n|rule|Gravity Sleep Clause: The combination of sleep-inducing moves with imperfect accuracy and Gravity or Gigantamax Orbeetle are banned\n|rule|Evasion Abilities Clause: Evasion abilities are banned\n|clearpoke\n|poke|p1|Tyranitar, F|\n|poke|p1|Ursaluna-Bloodmoon, M|\n|poke|p1|Ogerpon-Wellspring, F|\n|poke|p1|Indeedee-F, F|\n|poke|p1|Hatterene, F|\n|poke|p1|Arcanine-Hisui, F|\n|poke|p2|Krookodile, F|\n|poke|p2|Talonflame, M|\n|poke|p2|Gouging Fire|\n|poke|p2|Dragonite, M|\n|poke|p2|Sinistcha|\n|poke|p2|Incineroar, M|\n|teampreview\n|inactive|Battle timer is ON: inactive players will automatically lose when time's up. (requested by jondiiii)\n|\n|t:|1771180721\n|teamsize|p1|6\n|teamsize|p2|6\n|start\n|switch|p1a: Tyranitar|Tyranitar, F|100/100\n|switch|p1b: Arcanine|Arcanine-Hisui, F|100/100\n|switch|p2a: Susan Deltarune|Krookodile, F|100/100\n|switch|p2b: Princesita|Gouging Fire|100/100\n|-ability|p1b: Arcanine|Intimidate|boost\n|-unboost|p2a: Susan Deltarune|atk|1\n|-unboost|p2b: Princesita|atk|1\n|-weather|Sandstorm|[from] ability: Sand Stream|[of] p1a: Tyranitar\n|-enditem|p2b: Princesita|Booster Energy\n|-activate|p2b: Princesita|ability: Protosynthesis|[fromitem]\n|-start|p2b: Princesita|protosynthesisspe\n|turn|1\n|inactive|Ritual Awakening has 120 seconds left.\n|\n|t:|1771180764\n|switch|p2a: Michi-Man|Incineroar, M|100/100\n|-ability|p2a: Michi-Man|Intimidate|boost\n|-unboost|p1a: Tyranitar|atk|1\n|-unboost|p1b: Arcanine|atk|1\n|-terastallize|p1b: Arcanine|Grass\n|move|p2b: Princesita|Burning Bulwark|p2b: Princesita\n|-singleturn|p2b: Princesita|move: Protect\n|move|p1b: Arcanine|Tera Blast|p2a: Michi-Man|[anim] Tera Blast Grass\n|-resisted|p2a: Michi-Man\n|-damage|p2a: Michi-Man|91/100\n|move|p1a: Tyranitar|Rock Slide|p2b: Princesita|[spread] p2a\n|-activate|p2b: Princesita|move: Protect\n|-supereffective|p2a: Michi-Man\n|-damage|p2a: Michi-Man|50/100\n|-enditem|p2a: Michi-Man|Sitrus Berry|[eat]\n|-heal|p2a: Michi-Man|75/100|[from] item: Sitrus Berry\n|\n|-weather|Sandstorm|[upkeep]\n|-damage|p2b: Princesita|94/100|[from] Sandstorm\n|-damage|p1b: Arcanine|94/100|[from] Sandstorm\n|-damage|p2a: Michi-Man|69/100|[from] Sandstorm\n|upkeep\n|turn|2\n|j| Sylinteri\n|inactive|Ritual Awakening has 120 seconds left.\n|\n|t:|1771180789\n|switch|p1b: Ogerpon|Ogerpon-Wellspring, F|100/100\n|move|p2a: Michi-Man|Fake Out|p1b: Ogerpon\n|-damage|p1b: Ogerpon|87/100\n|move|p2b: Princesita|Breaking Swipe|p1a: Tyranitar|[spread] p1a,p1b\n|-damage|p1a: Tyranitar|89/100\n|-damage|p1b: Ogerpon|68/100\n|-unboost|p1a: Tyranitar|atk|1\n|-unboost|p1b: Ogerpon|atk|1\n|move|p1a: Tyranitar|Rock Slide|p2a: Michi-Man|[spread] p2a\n|-miss|p1a: Tyranitar|p2b: Princesita\n|-supereffective|p2a: Michi-Man\n|-damage|p2a: Michi-Man|42/100\n|\n|-weather|Sandstorm|[upkeep]\n|-damage|p2b: Princesita|88/100|[from] Sandstorm\n|-damage|p1b: Ogerpon|62/100|[from] Sandstorm\n|-damage|p2a: Michi-Man|36/100|[from] Sandstorm\n|upkeep\n|turn|3\n|inactive|Ritual Awakening has 120 seconds left.\n|\n|t:|1771180810\n|switch|p1a: Arcanine|Arcanine-Hisui, F, tera:Grass|94/100\n|-ability|p1a: Arcanine|Intimidate|boost\n|-unboost|p2a: Michi-Man|atk|1\n|-unboost|p2b: Princesita|atk|1\n|move|p2b: Princesita|Burning Bulwark|p2b: Princesita\n|-singleturn|p2b: Princesita|move: Protect\n|move|p1b: Ogerpon|Ivy Cudgel|p2a: Michi-Man|[anim] Ivy Cudgel Water\n|-supereffective|p2a: Michi-Man\n|-damage|p2a: Michi-Man|0 fnt\n|faint|p2a: Michi-Man\n|\n|-weather|Sandstorm|[upkeep]\n|-damage|p2b: Princesita|82/100|[from] Sandstorm\n|-damage|p1b: Ogerpon|56/100|[from] Sandstorm\n|-damage|p1a: Arcanine|88/100|[from] Sandstorm\n|upkeep\n|inactive|jondiiii has 120 seconds left.\n|inactive|jondiiii has 90 seconds left.\n|\n|t:|1771180867\n|switch|p2a: Alfonso|Dragonite, M|100/100\n|turn|4\n|\n|t:|1771180879\n|move|p2b: Princesita|Breaking Swipe|p1b: Ogerpon|[spread] p1a,p1b\n|-damage|p1a: Arcanine|79/100\n|-damage|p1b: Ogerpon|42/100\n|-unboost|p1a: Arcanine|atk|1\n|-unboost|p1b: Ogerpon|atk|1\n|move|p1b: Ogerpon|U-turn|p2a: Alfonso\n|-resisted|p2a: Alfonso\n|-damage|p2a: Alfonso|97/100\n|\n|t:|1771180899\n|switch|p1b: Ursaluna|Ursaluna-Bloodmoon, M|100/100|[from] U-turn\n|move|p1a: Arcanine|Rock Slide|p2b: Princesita|[spread] p2a,p2b\n|-supereffective|p2a: Alfonso\n|-supereffective|p2b: Princesita\n|-damage|p2a: Alfonso|63/100\n|-damage|p2b: Princesita|55/100\n|move|p2a: Alfonso|Scale Shot|p1b: Ursaluna\n|-damage|p1b: Ursaluna|91/100\n|-damage|p1b: Ursaluna|81/100\n|-damage|p1b: Ursaluna|71/100\n|-damage|p1b: Ursaluna|62/100\n|-hitcount|p1b: Ursaluna|4\n|-unboost|p2a: Alfonso|def|1\n|-boost|p2a: Alfonso|spe|1\n|\n|-weather|Sandstorm|[upkeep]\n|-damage|p2b: Princesita|48/100|[from] Sandstorm\n|-damage|p2a: Alfonso|56/100|[from] Sandstorm\n|-damage|p1a: Arcanine|73/100|[from] Sandstorm\n|upkeep\n|turn|5\n|inactive|jondiiii has 120 seconds left.\n|inactive|jondiiii has 90 seconds left.\n|\n|t:|1771180940\n|move|p2b: Princesita|Howl|p2b: Princesita|[spread] p2a,p2b\n|-boost|p2a: Alfonso|atk|1\n|-boost|p2b: Princesita|atk|1\n|move|p2a: Alfonso|Scale Shot|p1b: Ursaluna|[miss]\n|-miss|p2a: Alfonso|p1b: Ursaluna\n|move|p1a: Arcanine|Rock Slide|p2b: Princesita|[spread] p2a,p2b\n|-supereffective|p2a: Alfonso\n|-supereffective|p2b: Princesita\n|-crit|p2b: Princesita\n|-damage|p2a: Alfonso|7/100\n|-damage|p2b: Princesita|0 fnt\n|faint|p2b: Princesita\n|-end|p2b: Princesita|Protosynthesis|[silent]\n|move|p1b: Ursaluna|Hyper Voice|p2a: Alfonso\n|-damage|p2a: Alfonso|0 fnt\n|faint|p2a: Alfonso\n|-enditem|p1b: Ursaluna|Throat Spray\n|-boost|p1b: Ursaluna|spa|1|[from] item: Throat Spray\n|\n|-weather|none\n|upkeep\n|inactive|jondiiii has 90 seconds left.\n|\n|t:|1771180956\n|switch|p2b: Susan Deltarune|Krookodile, F|100/100\n|switch|p2a: Pablo 🏍️|Talonflame, M|100/100\n|turn|6\n|inactive|jondiiii has 90 seconds left.\n|\n|t:|1771180975\n|switch|p1a: Tyranitar|Tyranitar, F|89/100\n|-weather|Sandstorm|[from] ability: Sand Stream|[of] p1a: Tyranitar\n|move|p2b: Susan Deltarune|Protect|p2b: Susan Deltarune\n|-singleturn|p2b: Susan Deltarune|Protect\n|move|p2a: Pablo 🏍️|Brave Bird|p1a: Tyranitar\n|-resisted|p1a: Tyranitar\n|-damage|p1a: Tyranitar|68/100\n|-damage|p2a: Pablo 🏍️|92/100|[from] Recoil\n|move|p1b: Ursaluna|Blood Moon|p2b: Susan Deltarune\n|-activate|p2b: Susan Deltarune|move: Protect\n|\n|-weather|Sandstorm|[upkeep]\n|-damage|p2a: Pablo 🏍️|86/100|[from] Sandstorm\n|upkeep\n|turn|7\n|inactive|jondiiii has 90 seconds left.\n|\n|t:|1771181006\n|move|p2a: Pablo 🏍️|Tailwind|p2a: Pablo 🏍️\n|-sidestart|p2: jondiiii|move: Tailwind\n|move|p2b: Susan Deltarune|Earthquake|p1b: Ursaluna|[spread] p1a,p1b\n|-immune|p2a: Pablo 🏍️\n|-supereffective|p1a: Tyranitar\n|-damage|p1a: Tyranitar|0 fnt\n|-damage|p1b: Ursaluna|26/100\n|faint|p1a: Tyranitar\n|-ability|p2b: Susan Deltarune|Moxie|boost\n|-boost|p2b: Susan Deltarune|atk|1\n|-damage|p2b: Susan Deltarune|91/100|[from] item: Life Orb\n|move|p1b: Ursaluna|Hyper Voice|p2b: Susan Deltarune|[spread] p2a,p2b\n|-damage|p2a: Pablo 🏍️|0 fnt\n|-damage|p2b: Susan Deltarune|30/100\n|faint|p2a: Pablo 🏍️\n|\n|-weather|Sandstorm|[upkeep]\n|upkeep\n|inactive|jondiiii has 90 seconds left.\n|inactive|Ritual Awakening has 120 seconds left.\n|\n|t:|1771181029\n|switch|p2a: Arigameplays|Sinistcha|100/100\n|switch|p1a: Indeedee|Indeedee-F, F|100/100\n|-fieldstart|move: Psychic Terrain|[from] ability: Psychic Surge|[of] p1a: Indeedee\n|-enditem|p1a: Indeedee|Psychic Seed\n|-boost|p1a: Indeedee|spd|1|[from] item: Psychic Seed\n|-heal|p2b: Susan Deltarune|55/100|[from] ability: Hospitality|[of] p2a: Arigameplays\n|turn|8\n|j| punyakoko\n|\n|t:|1771181049\n|move|p1b: Ursaluna|Protect|p1b: Ursaluna\n|-singleturn|p1b: Ursaluna|Protect\n|move|p2b: Susan Deltarune|Knock Off|p1a: Indeedee\n|-supereffective|p1a: Indeedee\n|-damage|p1a: Indeedee|0 fnt\n|faint|p1a: Indeedee\n|-ability|p2b: Susan Deltarune|Moxie|boost\n|-boost|p2b: Susan Deltarune|atk|1\n|-damage|p2b: Susan Deltarune|46/100|[from] item: Life Orb\n|move|p2a: Arigameplays|Matcha Gotcha|p1b: Ursaluna\n|-activate|p1b: Ursaluna|move: Protect\n|\n|-weather|Sandstorm|[upkeep]\n|-damage|p2a: Arigameplays|94/100|[from] Sandstorm\n|upkeep\n|inactive|Ritual Awakening has 120 seconds left.\n|\n|t:|1771181062\n|switch|p1a: Arcanine|Arcanine-Hisui, F, tera:Grass|73/100\n|-ability|p1a: Arcanine|Intimidate|boost\n|-unboost|p2a: Arigameplays|atk|1\n|-unboost|p2b: Susan Deltarune|atk|1\n|turn|9\n|inactive|jondiiii has 120 seconds left.\n|inactive|Ritual Awakening has 120 seconds left.\n|\n|t:|1771181093\n|move|p2b: Susan Deltarune|Knock Off|p1a: Arcanine\n|-damage|p1a: Arcanine|0 fnt\n|-enditem|p1a: Arcanine|Assault Vest|[from] move: Knock Off|[of] p2b: Susan Deltarune\n|faint|p1a: Arcanine\n|-ability|p2b: Susan Deltarune|Moxie|boost\n|-boost|p2b: Susan Deltarune|atk|1\n|-damage|p2b: Susan Deltarune|36/100|[from] item: Life Orb\n|move|p2a: Arigameplays|Matcha Gotcha|p1b: Ursaluna|[miss]\n|-miss|p2a: Arigameplays|p1b: Ursaluna\n|move|p1b: Ursaluna|Blood Moon|p2a: Arigameplays\n|-damage|p2a: Arigameplays|0 fnt\n|faint|p2a: Arigameplays\n|\n|-weather|Sandstorm|[upkeep]\n|upkeep\n|l| Sylinteri\n|\n|t:|1771181113\n|switch|p1a: Ogerpon|Ogerpon-Wellspring, F|42/100\n|turn|10\n|\n|t:|1771181118\n|move|p1a: Ogerpon|Spiky Shield|p1a: Ogerpon\n|-singleturn|p1a: Ogerpon|move: Protect\n|move|p1b: Ursaluna|Protect|p1b: Ursaluna\n|-singleturn|p1b: Ursaluna|Protect\n|move|p2b: Susan Deltarune|Earthquake|p1b: Ursaluna|[spread] \n|-activate|p1a: Ogerpon|move: Protect\n|-activate|p1b: Ursaluna|move: Protect\n|\n|-weather|none\n|-sideend|p2: jondiiii|move: Tailwind\n|upkeep\n|turn|11\n|\n|t:|1771181133\n|-terastallize|p2b: Susan Deltarune|Water\n|move|p1a: Ogerpon|Ivy Cudgel|p2b: Susan Deltarune|[anim] Ivy Cudgel Water\n|-resisted|p2b: Susan Deltarune\n|-crit|p2b: Susan Deltarune\n|-damage|p2b: Susan Deltarune|0 fnt\n|faint|p2b: Susan Deltarune\n|\n|win|Ritual Awakening\n|raw|Ritual Awakening's rating: 1507 &rarr; <strong>1530</strong><br />(+23 for winning)\n|raw|jondiiii's rating: 1555 &rarr; <strong>1532</strong><br />(-23 for losing)\n|l|☆jondiiii\n|player|p2|\n|l|☆Ritual Awakening\n|player|p1|\n|l| punyakoko\n", "uploadtime": 1771181495, "views": 14, "formatid": "gen9doublesou", "rating": 1530, "private": 0, "password": null}