{"id": "gen9doublesou-2540685660", "format": "[Gen 9] Doubles OU", "players": ["dracarysbow", "enexis"], "log": "|j|☆dracarysbow\n|j|☆enexis\n|t:|1771240061\n|gametype|doubles\n|player|p1|dracarysbow|101|1540\n|player|p2|enexis|2|1715\n|gen|9\n|tier|[Gen 9] Doubles OU\n|rated|\n|rule|HP Percentage Mod: HP is shown in percentages\n|rule|Endless Battle Clause: Forcing endless battles is banned\n|rule|Species Clause: Limit one of each Pokémon\n|rule|OHKO Clause: OHKO moves are banned\n|rule|Evasion Moves Clause: Evasion moves are banned\n|rule|Gravity Sleep Clause: The combination of sleep-inducing moves with imperfect accuracy and Gravity or Gigantamax Orbeetle are banned\n|rule|Evasion Abilities Clause: Evasion abilities are banned\n|clearpoke\n|poke|p1|Zapdos-Galar|\n|poke|p1|Sneasler, F|\n|poke|p1|Murkrow, M|\n|poke|p1|Primarina, M|\n|poke|p1|Pelipper, F|\n|poke|p1|Walking Wake|\n|poke|p2|Grimmsnarl, M|\n|poke|p2|Sneasler, F|\n|poke|p2|Milotic, M|\n|poke|p2|Pelipper, F|\n|poke|p2|Bruxish, M|\n|poke|p2|Kilowattrel, F|\n|teampreview\n|inactive|Battle timer is ON: inactive players will automatically lose when time's up. (requested by enexis)\n|c|☆enexis|gl\n|\n|t:|1771240096\n|teamsize|p1|6\n|teamsize|p2|6\n|start\n|switch|p1a: Sneasler|Sneasler, F|100/100\n|switch|p1b: Primarina|Primarina, M|100/100\n|switch|p2a: Sneasler|Sneasler, F|100/100\n|switch|p2b: Grimmsnarl|Grimmsnarl, M|100/100\n|turn|1\n|\n|t:|1771240116\n|-terastallize|p1b: Primarina|Water\n|move|p1a: Sneasler|Fake Out|p2b: Grimmsnarl\n|-enditem|p1a: Sneasler|Normal Gem|[from] gem\n|-damage|p2b: Grimmsnarl|74/100\n|cant|p2b: Grimmsnarl|flinch\n|move|p2a: Sneasler|Acrobatics|p1a: Sneasler\n|-supereffective|p1a: Sneasler\n|-damage|p1a: Sneasler|33/100\n|move|p1b: Primarina|Psychic|p2a: Sneasler\n|-supereffective|p2a: Sneasler\n|-damage|p2a: Sneasler|0 fnt\n|faint|p2a: Sneasler\n|\n|upkeep\n|\n|t:|1771240133\n|switch|p2a: Pelipper|Pelipper, F|100/100\n|-weather|RainDance|[from] ability: Drizzle|[of] p2a: Pelipper\n|turn|2\n|\n|t:|1771240143\n|move|p2b: Grimmsnarl|Sucker Punch|p1a: Sneasler\n|-resisted|p1a: Sneasler\n|-damage|p1a: Sneasler|2/100\n|move|p1a: Sneasler|Dire Claw|p2b: Grimmsnarl\n|-supereffective|p2b: Grimmsnarl\n|-damage|p2b: Grimmsnarl|0 fnt\n|faint|p2b: Grimmsnarl\n|move|p2a: Pelipper|Tailwind|p2a: Pelipper\n|-sidestart|p2: enexis|move: Tailwind\n|move|p1b: Primarina|Hyper Voice|p2a: Pelipper\n|-resisted|p2a: Pelipper\n|-crit|p2a: Pelipper\n|-damage|p2a: Pelipper|0 fnt\n|faint|p2a: Pelipper\n|\n|-weather|RainDance|[upkeep]\n|upkeep\n|\n|t:|1771240148\n|switch|p2a: Kilowattrel|Kilowattrel, F|100/100\n|switch|p2b: Milotic|Milotic, M|100/100\n|turn|3\n|inactive|dracarysbow has 120 seconds left.\n|\n|t:|1771240183\n|switch|p1b: Pelipper|Pelipper, F|100/100\n|move|p1a: Sneasler|Protect|p1a: Sneasler\n|-singleturn|p1a: Sneasler|Protect\n|move|p2a: Kilowattrel|Electroweb|p1a: Sneasler|[spread] p1b\n|-activate|p1a: Sneasler|move: Protect\n|-supereffective|p1b: Pelipper\n|-damage|p1b: Pelipper|0 fnt\n|faint|p1b: Pelipper\n|move|p2b: Milotic|Muddy Water|p1a: Sneasler\n|-activate|p1a: Sneasler|move: Protect\n|\n|-weather|RainDance|[upkeep]\n|upkeep\n|\n|t:|1771240198\n|switch|p1b: Murkrow|Murkrow, M|100/100\n|turn|4\n|inactive|dracarysbow has 120 seconds left.\n|\n|t:|1771240211\n|move|p1b: Murkrow|Tailwind|p1b: Murkrow\n|-sidestart|p1: dracarysbow|move: Tailwind\n|move|p1a: Sneasler|Dire Claw|p2a: Kilowattrel\n|-damage|p2a: Kilowattrel|20/100\n|move|p2a: Kilowattrel|Electroweb|p1b: Murkrow|[spread] p1a,p1b\n|-supereffective|p1b: Murkrow\n|-damage|p1a: Sneasler|0 fnt\n|-damage|p1b: Murkrow|72/100\n|-unboost|p1b: Murkrow|spe|1\n|faint|p1a: Sneasler\n|move|p2b: Milotic|Muddy Water|p1b: Murkrow\n|-damage|p1b: Murkrow|26/100\n|\n|-weather|RainDance|[upkeep]\n|upkeep\n|inactive|dracarysbow has 120 seconds left.\n|\n|t:|1771240232\n|switch|p1a: Zapdos|Zapdos-Galar|100/100\n|turn|5\n|\n|t:|1771240242\n|move|p1a: Zapdos|Protect|p1a: Zapdos\n|-singleturn|p1a: Zapdos|Protect\n|move|p1b: Murkrow|Sucker Punch|p2a: Kilowattrel\n|-damage|p2a: Kilowattrel|0 fnt\n|faint|p2a: Kilowattrel\n|move|p2b: Milotic|Muddy Water|p1b: Murkrow|[spread] p1b\n|-activate|p1a: Zapdos|move: Protect\n|-crit|p1b: Murkrow\n|-damage|p1b: Murkrow|0 fnt\n|faint|p1b: Murkrow\n|\n|-weather|RainDance|[upkeep]\n|-sideend|p2: enexis|move: Tailwind\n|upkeep\n|inactive|dracarysbow has 120 seconds left.\n|\n|t:|1771240260\n|switch|p2a: Bruxish|Bruxish, M|100/100\n|switch|p1b: Primarina|Primarina, M, tera:Water|100/100\n|turn|6\n|\n|t:|1771240274\n|move|p1a: Zapdos|Throat Chop|p2a: Bruxish\n|-supereffective|p2a: Bruxish\n|-damage|p2a: Bruxish|12/100\n|-start|p2a: Bruxish|Throat Chop|[silent]\n|move|p1b: Primarina|Dazzling Gleam|p2a: Bruxish|[spread] p2a,p2b\n|-damage|p2a: Bruxish|0 fnt\n|-damage|p2b: Milotic|73/100\n|faint|p2a: Bruxish\n|move|p2b: Milotic|Muddy Water|p1a: Zapdos|[spread] p1a,p1b\n|-resisted|p1b: Primarina\n|-damage|p1a: Zapdos|48/100\n|-damage|p1b: Primarina|88/100\n|\n|-weather|RainDance|[upkeep]\n|upkeep\n|turn|7\n|\n|t:|1771240293\n|move|p2b: Milotic|Protect|p2b: Milotic\n|-singleturn|p2b: Milotic|Protect\n|move|p1a: Zapdos|Throat Chop|p2b: Milotic\n|-activate|p2b: Milotic|move: Protect\n|move|p1b: Primarina|Draining Kiss|p2b: Milotic\n|-activate|p2b: Milotic|move: Protect\n|\n|-weather|RainDance|[upkeep]\n|-sideend|p1: dracarysbow|move: Tailwind\n|upkeep\n|turn|8\n|\n|t:|1771240304\n|-terastallize|p2b: Milotic|Water\n|move|p1a: Zapdos|Throat Chop|p2b: Milotic\n|-damage|p2b: Milotic|39/100\n|move|p2b: Milotic|Muddy Water|p1b: Primarina|[spread] p1a,p1b\n|-resisted|p1b: Primarina\n|-damage|p1a: Zapdos|0 fnt\n|-damage|p1b: Primarina|73/100\n|faint|p1a: Zapdos\n|move|p1b: Primarina|Draining Kiss|p2b: Milotic\n|-damage|p2b: Milotic|15/100\n|-heal|p1b: Primarina|90/100|[from] drain|[of] p2b: Milotic\n|\n|-weather|RainDance|[upkeep]\n|upkeep\n|\n|t:|1771240315\n|switch|p1a: Walking Wake|Walking Wake|100/100\n|turn|9\n|\n|t:|1771240321\n|move|p1a: Walking Wake|Dragon Pulse|p2b: Milotic\n|-damage|p2b: Milotic|0 fnt\n|faint|p2b: Milotic\n|\n|win|dracarysbow\n|raw|dracarysbow's rating: 1540 &rarr; <strong>1569</strong><br />(+29 for winning)\n|raw|enexis's rating: 1715 &rarr; <strong>1686</strong><br />(-29 for losing)\n|l|☆enexis\n|player|p2|\n|l|☆dracarysbow\n|player|p1|\n", "uploadtime": 1771240716, "views": 9, "formatid": "gen9doublesou", "rating": 1569, "private": 0, "password": null}