{"id": "gen9doublesou-2540265064", "format": "[Gen 9] Doubles OU", "players": ["pingnoin", "Pieflavor97"], "log": "|j|☆pingnoin\n|j|☆Pieflavor97\n|t:|1771182385\n|gametype|doubles\n|player|p1|pingnoin|nate|1542\n|player|p2|Pieflavor97|169|1653\n|gen|9\n|tier|[Gen 9] Doubles OU\n|rated|\n|rule|HP Percentage Mod: HP is shown in percentages\n|rule|Endless Battle Clause: Forcing endless battles is banned\n|rule|Species Clause: Limit one of each Pokémon\n|rule|OHKO Clause: OHKO moves are banned\n|rule|Evasion Moves Clause: Evasion moves are banned\n|rule|Gravity Sleep Clause: The combination of sleep-inducing moves with imperfect accuracy and Gravity or Gigantamax Orbeetle are banned\n|rule|Evasion Abilities Clause: Evasion abilities are banned\n|clearpoke\n|poke|p1|Landorus, M|\n|poke|p1|Chi-Yu|\n|poke|p1|Ogerpon-Wellspring, F|\n|poke|p1|Farigiraf, M|\n|poke|p1|Rillaboom, F|\n|poke|p1|Tornadus, M|\n|poke|p2|Cresselia, F|\n|poke|p2|Ursaluna, F|\n|poke|p2|Torkoal, F|\n|poke|p2|Indeedee-F, F|\n|poke|p2|Hatterene, F|\n|poke|p2|Enamorus-Therian, F|\n|teampreview\n|inactive|Battle timer is ON: inactive players will automatically lose when time's up. (requested by Pieflavor97)\n|l|☆pingnoin\n|inactive|pingnoin disconnected and has a minute to reconnect!\n|player|p1|\n|j|☆pingnoin\n|inactive|pingnoin reconnected and has 110 seconds left.\n|player|p1|pingnoin|nate|\n|inactive|pingnoin has 90 seconds left.\n|\n|t:|1771182449\n|teamsize|p1|6\n|teamsize|p2|6\n|start\n|switch|p1a: Chi-Yu|Chi-Yu|100/100\n|switch|p1b: Landorus|Landorus, M|100/100\n|switch|p2a: Indeedee|Indeedee-F, F|100/100\n|switch|p2b: Hatterene|Hatterene, F|100/100\n|-ability|p1a: Chi-Yu|Beads of Ruin\n|-fieldstart|move: Psychic Terrain|[from] ability: Psychic Surge|[of] p2a: Indeedee\n|-enditem|p2a: Indeedee|Psychic Seed\n|-boost|p2a: Indeedee|spd|1|[from] item: Psychic Seed\n|turn|1\n|j| choicebanditsgxp\n|\n|t:|1771182475\n|-terastallize|p2a: Indeedee|Fairy\n|move|p2b: Hatterene|Protect|p2b: Hatterene\n|-singleturn|p2b: Hatterene|Protect\n|move|p1b: Landorus|Sandsear Storm|p2b: Hatterene|[spread] p2a\n|-activate|p2b: Hatterene|move: Protect\n|-damage|p2a: Indeedee|63/100\n|move|p1a: Chi-Yu|Heat Wave|p2b: Hatterene|[spread] p2a\n|-activate|p2b: Hatterene|move: Protect\n|-damage|p2a: Indeedee|28/100\n|move|p2a: Indeedee|Trick Room|p2a: Indeedee\n|-fieldstart|move: Trick Room|[of] p2a: Indeedee\n|\n|upkeep\n|turn|2\n|\n|t:|1771182498\n|switch|p1a: Rillaboom|Rillaboom, F|100/100\n|-fieldstart|move: Grassy Terrain|[from] ability: Grassy Surge|[of] p1a: Rillaboom\n|move|p2a: Indeedee|Helping Hand|p2b: Hatterene\n|-singleturn|p2b: Hatterene|Helping Hand|[of] p2a: Indeedee\n|move|p2b: Hatterene|Dazzling Gleam|p1b: Landorus|[spread] p1a,p1b\n|-damage|p1a: Rillaboom|39/100\n|-damage|p1b: Landorus|0 fnt\n|faint|p1b: Landorus\n|-damage|p2b: Hatterene|91/100|[from] item: Life Orb\n|\n|-heal|p2b: Hatterene|97/100|[from] Grassy Terrain\n|-heal|p2a: Indeedee|34/100|[from] Grassy Terrain\n|-heal|p1a: Rillaboom|45/100|[from] Grassy Terrain\n|upkeep\n|\n|t:|1771182516\n|switch|p1b: Ogerpon|Ogerpon-Wellspring, F|100/100\n|turn|3\n|\n|t:|1771182528\n|switch|p2a: Cresselia|Cresselia, F|100/100\n|move|p2b: Hatterene|Protect|p2b: Hatterene\n|-singleturn|p2b: Hatterene|Protect\n|move|p1a: Rillaboom|Fake Out|p2b: Hatterene\n|-activate|p2b: Hatterene|move: Protect\n|move|p1b: Ogerpon|Horn Leech|p2a: Cresselia\n|-damage|p2a: Cresselia|69/100\n|\n|-heal|p2b: Hatterene|100/100|[from] Grassy Terrain\n|-heal|p1a: Rillaboom|51/100|[from] Grassy Terrain\n|upkeep\n|turn|4\n|\n|t:|1771182547\n|switch|p2a: Indeedee|Indeedee-F, F, tera:Fairy|34/100\n|-fieldstart|move: Psychic Terrain|[from] ability: Psychic Surge|[of] p2a: Indeedee\n|-terastallize|p1b: Ogerpon|Water\n|detailschange|p1b: Ogerpon|Ogerpon-Wellspring-Tera, F, tera:Water\n|-ability|p1b: Ogerpon|Embody Aspect (Wellspring)|boost\n|-boost|p1b: Ogerpon|spd|1\n|move|p2b: Hatterene|Expanding Force|p1a: Rillaboom|[spread] p1a,p1b\n|-damage|p1a: Rillaboom|0 fnt\n|-damage|p1b: Ogerpon|41/100\n|faint|p1a: Rillaboom\n|-damage|p2b: Hatterene|91/100|[from] item: Life Orb\n|move|p1b: Ogerpon|Ivy Cudgel|p2b: Hatterene|[anim] Ivy Cudgel Water\n|-damage|p2b: Hatterene|8/100\n|\n|upkeep\n|inactive|pingnoin has 120 seconds left.\n|\n|t:|1771182573\n|switch|p1a: Chi-Yu|Chi-Yu|100/100\n|-ability|p1a: Chi-Yu|Beads of Ruin\n|turn|5\n|\n|t:|1771182577\n|move|p2a: Indeedee|Helping Hand|p2b: Hatterene\n|-singleturn|p2b: Hatterene|Helping Hand|[of] p2a: Indeedee\n|move|p1a: Chi-Yu|Protect|p1a: Chi-Yu\n|-singleturn|p1a: Chi-Yu|Protect\n|move|p1b: Ogerpon|Spiky Shield|p1b: Ogerpon\n|-singleturn|p1b: Ogerpon|move: Protect\n|move|p2b: Hatterene|Dazzling Gleam|p1a: Chi-Yu|[spread] \n|-activate|p1a: Chi-Yu|move: Protect\n|-activate|p1b: Ogerpon|move: Protect\n|\n|-fieldend|move: Trick Room\n|upkeep\n|turn|6\n|\n|t:|1771182601\n|move|p1b: Ogerpon|Ivy Cudgel|p2a: Indeedee|[anim] Ivy Cudgel Water\n|-damage|p2a: Indeedee|0 fnt\n|faint|p2a: Indeedee\n|move|p1a: Chi-Yu|Dark Pulse|p2b: Hatterene\n|-damage|p2b: Hatterene|0 fnt\n|faint|p2b: Hatterene\n|\n|upkeep\n|\n|t:|1771182610\n|switch|p2a: Cresselia|Cresselia, F|69/100\n|switch|p2b: Enamorus|Enamorus-Therian, F|100/100\n|turn|7\n|l| choicebanditsgxp\n|\n|t:|1771182621\n|move|p1b: Ogerpon|Ivy Cudgel|p2b: Enamorus|[anim] Ivy Cudgel Water\n|-damage|p2b: Enamorus|42/100\n|move|p1a: Chi-Yu|Dark Pulse|p2a: Cresselia\n|-supereffective|p2a: Cresselia\n|-damage|p2a: Cresselia|4/100\n|-enditem|p2a: Cresselia|Sitrus Berry|[eat]\n|-heal|p2a: Cresselia|29/100|[from] item: Sitrus Berry\n|move|p2b: Enamorus|Moonblast|p1a: Chi-Yu\n|-damage|p1a: Chi-Yu|23/100\n|-damage|p2b: Enamorus|32/100|[from] item: Life Orb\n|move|p2a: Cresselia|Trick Room|p2a: Cresselia\n|-fieldstart|move: Trick Room|[of] p2a: Cresselia\n|\n|upkeep\n|turn|8\n|\n|t:|1771182641\n|move|p1b: Ogerpon|Follow Me|p1b: Ogerpon\n|-singleturn|p1b: Ogerpon|move: Follow Me\n|move|p2b: Enamorus|Moonblast|p1b: Ogerpon\n|-damage|p1b: Ogerpon|0 fnt\n|faint|p1b: Ogerpon\n|detailschange|p1: Ogerpon|Ogerpon-Wellspring, F|[silent]\n|-damage|p2b: Enamorus|22/100|[from] item: Life Orb\n|move|p2a: Cresselia|Lunar Blessing|p2a: Cresselia|[spread] p2a,p2b\n|-heal|p2a: Cresselia|54/100\n|-heal|p2b: Enamorus|47/100\n|move|p1a: Chi-Yu|Heat Wave|p2a: Cresselia|[spread] p2a,p2b\n|-damage|p2a: Cresselia|25/100\n|-damage|p2b: Enamorus|1/100\n|-status|p2a: Cresselia|brn\n|\n|-damage|p2a: Cresselia|19/100 brn|[from] brn\n|-fieldend|move: Psychic Terrain\n|upkeep\n|j| choicebanditsgxp\n|l| choicebanditsgxp\n|\n|t:|1771182656\n|switch|p1b: Farigiraf|Farigiraf, M|100/100\n|turn|9\n|\n|t:|1771182662\n|move|p1a: Chi-Yu|Protect|p1a: Chi-Yu\n|-singleturn|p1a: Chi-Yu|Protect\n|move|p2b: Enamorus|Moonblast|p1a: Chi-Yu\n|-activate|p1a: Chi-Yu|move: Protect\n|move|p2a: Cresselia|Lunar Blessing|p2a: Cresselia|[spread] p2a,p2b\n|-heal|p2a: Cresselia|44/100 brn\n|-curestatus|p2a: Cresselia|brn|[msg]\n|-heal|p2b: Enamorus|26/100\n|move|p1b: Farigiraf|Trick Room|p1b: Farigiraf\n|-fieldend|move: Trick Room\n|\n|upkeep\n|turn|10\n|\n|t:|1771182679\n|move|p1b: Farigiraf|Helping Hand|p1a: Chi-Yu\n|-singleturn|p1a: Chi-Yu|Helping Hand|[of] p1b: Farigiraf\n|move|p2a: Cresselia|Ally Switch|p2a: Cresselia\n|swap|p2a: Cresselia|1|[from] move: Ally Switch\n|move|p1a: Chi-Yu|Heat Wave|p2b: Cresselia|[spread] p2a,p2b\n|-damage|p2a: Enamorus|0 fnt\n|-damage|p2b: Cresselia|2/100\n|faint|p2a: Enamorus\n|\n|upkeep\n|\n|t:|1771182688\n|switch|p2a: Ursaluna|Ursaluna, F|100/100\n|turn|11\n|\n|t:|1771182698\n|move|p1a: Chi-Yu|Heat Wave|p2a: Ursaluna|[spread] p2a,p2b\n|-crit|p2a: Ursaluna\n|-damage|p2a: Ursaluna|44/100\n|-damage|p2b: Cresselia|0 fnt\n|faint|p2b: Cresselia\n|move|p1b: Farigiraf|Foul Play|p2a: Ursaluna\n|-damage|p2a: Ursaluna|15/100\n|move|p2a: Ursaluna|Drain Punch|p1a: Chi-Yu\n|-supereffective|p1a: Chi-Yu\n|-damage|p1a: Chi-Yu|0 fnt\n|-heal|p2a: Ursaluna|22/100|[from] drain|[of] p1a: Chi-Yu\n|faint|p1a: Chi-Yu\n|\n|-status|p2a: Ursaluna|brn|[from] item: Flame Orb\n|upkeep\n|\n|t:|1771182710\n|switch|p1a: Tornadus|Tornadus, M|100/100\n|switch|p2b: Torkoal|Torkoal, F|100/100\n|-weather|SunnyDay|[from] ability: Drought|[of] p2b: Torkoal\n|turn|12\n|\n|t:|1771182725\n|move|p1a: Tornadus|Tailwind|p1a: Tornadus\n|-sidestart|p1: pingnoin|move: Tailwind\n|move|p1b: Farigiraf|Psychic|p2b: Torkoal\n|-damage|p2b: Torkoal|50/100\n|move|p2a: Ursaluna|Facade|p1b: Farigiraf\n|-damage|p1b: Farigiraf|0 fnt\n|faint|p1b: Farigiraf\n|move|p2b: Torkoal|Heat Wave|p1a: Tornadus\n|-damage|p1a: Tornadus|40/100\n|\n|-weather|SunnyDay|[upkeep]\n|-damage|p2a: Ursaluna|15/100 brn|[from] brn\n|upkeep\n|turn|13\n|\n|t:|1771182740\n|move|p1a: Tornadus|Bleakwind Storm|p2b: Torkoal|[spread] \n|-miss|p1a: Tornadus|p2a: Ursaluna\n|-miss|p1a: Tornadus|p2b: Torkoal\n|move|p2a: Ursaluna|Facade|p1a: Tornadus\n|-damage|p1a: Tornadus|0 fnt\n|faint|p1a: Tornadus\n|\n|win|Pieflavor97\n|raw|pingnoin's rating: 1542 &rarr; <strong>1528</strong><br />(-14 for losing)\n|raw|Pieflavor97's rating: 1653 &rarr; <strong>1667</strong><br />(+14 for winning)\n|l|☆pingnoin\n|player|p1|\n|l|☆Pieflavor97\n|player|p2|\n", "uploadtime": 1771183134, "views": 13, "formatid": "gen9doublesou", "rating": 1528, "private": 0, "password": null}