{"id": "gen9doublesou-2540739112", "format": "[Gen 9] Doubles OU", "players": ["lift with kyogre", "muob"], "log": "|j|☆lift with kyogre\n|j|☆muob\n|t:|1771248151\n|gametype|doubles\n|player|p1|lift with kyogre|dahlia|1533\n|player|p2|muob|265|1517\n|gen|9\n|tier|[Gen 9] Doubles OU\n|rated|\n|rule|HP Percentage Mod: HP is shown in percentages\n|rule|Endless Battle Clause: Forcing endless battles is banned\n|rule|Species Clause: Limit one of each Pokémon\n|rule|OHKO Clause: OHKO moves are banned\n|rule|Evasion Moves Clause: Evasion moves are banned\n|rule|Gravity Sleep Clause: The combination of sleep-inducing moves with imperfect accuracy and Gravity or Gigantamax Orbeetle are banned\n|rule|Evasion Abilities Clause: Evasion abilities are banned\n|clearpoke\n|poke|p1|Bronzong|\n|poke|p1|Walking Wake|\n|poke|p1|Torkoal, F|\n|poke|p1|Great Tusk|\n|poke|p1|Tornadus, M|\n|poke|p1|Chi-Yu|\n|poke|p2|Baxcalibur, M|\n|poke|p2|Ninetales-Alola, M|\n|poke|p2|Iron Bundle|\n|poke|p2|Gastrodon, M|\n|poke|p2|Garganacl, M|\n|poke|p2|Farigiraf, F|\n|teampreview\n|inactive|Battle timer is ON: inactive players will automatically lose when time's up. (requested by lift with kyogre)\n|inactive|lift with kyogre has 120 seconds left.\n|\n|t:|1771248203\n|teamsize|p1|6\n|teamsize|p2|6\n|start\n|switch|p1a: Walking Wake|Walking Wake|100/100\n|switch|p1b: Tornadus|Tornadus, M|100/100\n|switch|p2a: Iron Bundle|Iron Bundle|100/100\n|switch|p2b: Garganacl|Garganacl, M|100/100\n|-enditem|p2a: Iron Bundle|Booster Energy\n|-activate|p2a: Iron Bundle|ability: Quark Drive|[fromitem]\n|-start|p2a: Iron Bundle|quarkdrivespe\n|turn|1\n|inactive|lift with kyogre has 120 seconds left.\n|\n|t:|1771248254\n|move|p1a: Walking Wake|Protect|p1a: Walking Wake\n|-singleturn|p1a: Walking Wake|Protect\n|move|p1b: Tornadus|Tailwind|p1b: Tornadus\n|-sidestart|p1: lift with kyogre|move: Tailwind\n|move|p2a: Iron Bundle|Freeze-Dry|p1a: Walking Wake\n|-activate|p1a: Walking Wake|move: Protect\n|move|p2b: Garganacl|Salt Cure|p1b: Tornadus\n|-supereffective|p1b: Tornadus\n|-damage|p1b: Tornadus|58/100\n|-start|p1b: Tornadus|Salt Cure\n|\n|-damage|p1b: Tornadus|46/100|[from] Salt Cure\n|upkeep\n|turn|2\n|inactive|lift with kyogre has 120 seconds left.\n|inactive|muob has 120 seconds left.\n|\n|t:|1771248290\n|switch|p1b: Torkoal|Torkoal, F|100/100\n|-weather|SunnyDay|[from] ability: Drought|[of] p1b: Torkoal\n|-activate|p1a: Walking Wake|ability: Protosynthesis\n|-start|p1a: Walking Wake|protosynthesisspe\n|move|p1a: Walking Wake|Flamethrower|p2a: Iron Bundle\n|-damage|p2a: Iron Bundle|10/100\n|move|p2a: Iron Bundle|Freeze-Dry|p1a: Walking Wake\n|-supereffective|p1a: Walking Wake\n|-damage|p1a: Walking Wake|0 fnt\n|faint|p1a: Walking Wake\n|-end|p1a: Walking Wake|Protosynthesis|[silent]\n|move|p2b: Garganacl|Salt Cure|p1b: Torkoal\n|-supereffective|p1b: Torkoal\n|-damage|p1b: Torkoal|81/100\n|-start|p1b: Torkoal|Salt Cure\n|\n|-weather|SunnyDay|[upkeep]\n|-damage|p1b: Torkoal|68/100|[from] Salt Cure\n|upkeep\n|inactive|lift with kyogre has 120 seconds left.\n|\n|t:|1771248307\n|switch|p1a: Great Tusk|Great Tusk|100/100\n|-activate|p1a: Great Tusk|ability: Protosynthesis\n|-start|p1a: Great Tusk|protosynthesisatk\n|turn|3\n|\n|t:|1771248327\n|switch|p1b: Bronzong|Bronzong|100/100\n|move|p1a: Great Tusk|Earthquake|p2a: Iron Bundle|[spread] p2a,p2b\n|-immune|p1b: Bronzong|[from] ability: Levitate\n|-supereffective|p2b: Garganacl\n|-damage|p2a: Iron Bundle|0 fnt\n|-damage|p2b: Garganacl|37/100\n|faint|p2a: Iron Bundle\n|-end|p2a: Iron Bundle|Quark Drive|[silent]\n|move|p2b: Garganacl|Iron Defense|p2b: Garganacl\n|-boost|p2b: Garganacl|def|2\n|\n|-weather|SunnyDay|[upkeep]\n|-heal|p2b: Garganacl|43/100|[from] item: Leftovers\n|upkeep\n|inactive|muob has 120 seconds left.\n|\n|t:|1771248344\n|switch|p2a: Ninetales|Ninetales-Alola, M|100/100\n|-weather|Snowscape|[from] ability: Snow Warning|[of] p2a: Ninetales\n|-end|p1a: Great Tusk|Protosynthesis\n|turn|4\n|\n|t:|1771248356\n|switch|p2a: Gastrodon|Gastrodon, M|100/100\n|-terastallize|p1a: Great Tusk|Rock\n|move|p1b: Bronzong|Helping Hand|p1a: Great Tusk\n|-singleturn|p1a: Great Tusk|Helping Hand|[of] p1b: Bronzong\n|move|p1a: Great Tusk|Earthquake|p2b: Garganacl|[spread] p2a,p2b\n|-immune|p1b: Bronzong|[from] ability: Levitate\n|-supereffective|p2b: Garganacl\n|-damage|p2a: Gastrodon|55/100\n|-damage|p2b: Garganacl|9/100\n|move|p2b: Garganacl|Recover|p2b: Garganacl\n|-heal|p2b: Garganacl|59/100\n|\n|-weather|Snowscape|[upkeep]\n|-heal|p2a: Gastrodon|61/100|[from] item: Leftovers\n|-heal|p2b: Garganacl|65/100|[from] item: Leftovers\n|-sideend|p1: lift with kyogre|move: Tailwind\n|upkeep\n|turn|5\n|inactive|lift with kyogre has 120 seconds left.\n|\n|t:|1771248391\n|move|p1b: Bronzong|Helping Hand|p1a: Great Tusk\n|-singleturn|p1a: Great Tusk|Helping Hand|[of] p1b: Bronzong\n|move|p2b: Garganacl|Wide Guard|p2b: Garganacl\n|-singleturn|p2b: Garganacl|Wide Guard\n|move|p1a: Great Tusk|Earthquake|p2a: Gastrodon|[spread] \n|-activate|p2a: Gastrodon|move: Wide Guard\n|-activate|p2b: Garganacl|move: Wide Guard\n|-immune|p1b: Bronzong|[from] ability: Levitate\n|move|p2a: Gastrodon|Stealth Rock|p1a: Great Tusk\n|-sidestart|p1: lift with kyogre|move: Stealth Rock\n|\n|-weather|Snowscape|[upkeep]\n|-heal|p2a: Gastrodon|67/100|[from] item: Leftovers\n|-heal|p2b: Garganacl|71/100|[from] item: Leftovers\n|upkeep\n|turn|6\n|-message|lift with kyogre forfeited.\n|\n|win|muob\n|raw|lift with kyogre's rating: 1533 &rarr; <strong>1512</strong><br />(-21 for losing)\n|raw|muob's rating: 1517 &rarr; <strong>1538</strong><br />(+21 for winning)\n|l|☆lift with kyogre\n|player|p1|\n", "uploadtime": 1771248732, "views": 5, "formatid": "gen9doublesou", "rating": 1512, "private": 0, "password": null}