{"id": "gen9doublesou-2540589925", "format": "[Gen 9] Doubles OU", "players": ["Sanskiller55", "prithalt67"], "log": "|j|☆Sanskiller55\n|j|‽prithalt67\n|t:|1771222989\n|gametype|doubles\n|player|p1|Sanskiller55|acerola-masters|1525\n|player|p2|prithalt67|n|1598\n|gen|9\n|tier|[Gen 9] Doubles OU\n|rated|\n|rule|HP Percentage Mod: HP is shown in percentages\n|rule|Endless Battle Clause: Forcing endless battles is banned\n|rule|Species Clause: Limit one of each Pokémon\n|rule|OHKO Clause: OHKO moves are banned\n|rule|Evasion Moves Clause: Evasion moves are banned\n|rule|Gravity Sleep Clause: The combination of sleep-inducing moves with imperfect accuracy and Gravity or Gigantamax Orbeetle are banned\n|rule|Evasion Abilities Clause: Evasion abilities are banned\n|clearpoke\n|poke|p1|Torkoal, F|\n|poke|p1|Raging Bolt|\n|poke|p1|Incineroar, F|\n|poke|p1|Indeedee-F, F|\n|poke|p1|Ursaluna, M|\n|poke|p1|Hoopa-Unbound|\n|poke|p2|Gholdengo|\n|poke|p2|Okidogi, M|\n|poke|p2|Rillaboom, F|\n|poke|p2|Dragonite, M|\n|poke|p2|Farigiraf, F|\n|poke|p2|Chien-Pao|\n|teampreview\n|inactive|Battle timer is ON: inactive players will automatically lose when time's up. (requested by prithalt67)\n|inactive|Sanskiller55 also wants the timer to be on.\n|\n|t:|1771223006\n|teamsize|p1|6\n|teamsize|p2|6\n|start\n|switch|p1a: Indeedee|Indeedee-F, F|100/100\n|switch|p1b: Hoopa|Hoopa-Unbound|100/100\n|switch|p2a: Farigiraf|Farigiraf, F|100/100\n|switch|p2b: Okidogi|Okidogi, M|100/100\n|-fieldstart|move: Psychic Terrain|[from] ability: Psychic Surge|[of] p1a: Indeedee\n|turn|1\n|\n|t:|1771223015\n|-terastallize|p2b: Okidogi|Dark\n|move|p1a: Indeedee|Follow Me|p1a: Indeedee\n|-singleturn|p1a: Indeedee|move: Follow Me\n|move|p2b: Okidogi|Knock Off|p1a: Indeedee\n|-supereffective|p1a: Indeedee\n|-enditem|p1a: Indeedee|Focus Sash\n|-damage|p1a: Indeedee|1/100\n|move|p1b: Hoopa|Expanding Force|p2a: Farigiraf|[spread] p2a\n|-immune|p2b: Okidogi\n|-resisted|p2a: Farigiraf\n|-damage|p2a: Farigiraf|62/100\n|move|p2a: Farigiraf|Trick Room|p2a: Farigiraf\n|-fieldstart|move: Trick Room|[of] p2a: Farigiraf\n|-enditem|p1b: Hoopa|Room Service\n|-unboost|p1b: Hoopa|spe|1|[from] item: Room Service\n|\n|upkeep\n|turn|2\n|\n|t:|1771223036\n|move|p1a: Indeedee|Helping Hand|p1b: Hoopa\n|-singleturn|p1b: Hoopa|Helping Hand|[of] p1a: Indeedee\n|move|p1b: Hoopa|Dark Pulse|p2a: Farigiraf\n|-supereffective|p2a: Farigiraf\n|-damage|p2a: Farigiraf|0 fnt\n|faint|p2a: Farigiraf\n|-item|p1b: Hoopa|Sitrus Berry|[from] ability: Magician|[of] p2: Farigiraf\n|move|p2b: Okidogi|Knock Off|p1b: Hoopa\n|-damage|p1b: Hoopa|26/100\n|-enditem|p1b: Hoopa|Sitrus Berry|[from] move: Knock Off|[of] p2b: Okidogi\n|\n|upkeep\n|\n|t:|1771223049\n|switch|p2a: Rillaboom|Rillaboom, F|100/100\n|-fieldstart|move: Grassy Terrain|[from] ability: Grassy Surge|[of] p2a: Rillaboom\n|turn|3\n|\n|t:|1771223058\n|move|p1a: Indeedee|Follow Me|p1a: Indeedee\n|-singleturn|p1a: Indeedee|move: Follow Me\n|move|p2a: Rillaboom|Grassy Glide|p1a: Indeedee\n|-damage|p1a: Indeedee|0 fnt\n|faint|p1a: Indeedee\n|move|p1b: Hoopa|Dark Pulse|p2a: Rillaboom\n|-damage|p2a: Rillaboom|67/100\n|-item|p1b: Hoopa|Assault Vest|[from] ability: Magician|[of] p2a: Rillaboom\n|move|p2b: Okidogi|Knock Off|p1b: Hoopa\n|-damage|p1b: Hoopa|0 fnt\n|-enditem|p1b: Hoopa|Assault Vest|[from] move: Knock Off|[of] p2b: Okidogi\n|faint|p1b: Hoopa\n|\n|-heal|p2a: Rillaboom|73/100|[from] Grassy Terrain\n|upkeep\n|\n|t:|1771223068\n|switch|p1a: Torkoal|Torkoal, F|100/100\n|switch|p1b: Ursaluna|Ursaluna, M|100/100\n|-weather|SunnyDay|[from] ability: Drought|[of] p1a: Torkoal\n|turn|4\n|\n|t:|1771223078\n|switch|p2a: Dragonite|Dragonite, M|100/100\n|move|p1b: Ursaluna|Protect|p1b: Ursaluna\n|-singleturn|p1b: Ursaluna|Protect\n|move|p1a: Torkoal|Eruption|p2b: Okidogi|[spread] p2a,p2b\n|-resisted|p2a: Dragonite\n|-damage|p2a: Dragonite|76/100\n|-damage|p2b: Okidogi|33/100\n|move|p2b: Okidogi|Knock Off|p1a: Torkoal\n|-damage|p1a: Torkoal|62/100\n|-enditem|p1a: Torkoal|Choice Specs|[from] move: Knock Off|[of] p2b: Okidogi\n|\n|-weather|SunnyDay|[upkeep]\n|-heal|p1a: Torkoal|68/100|[from] Grassy Terrain\n|-heal|p2b: Okidogi|39/100|[from] Grassy Terrain\n|-status|p1b: Ursaluna|brn|[from] item: Flame Orb\n|upkeep\n|turn|5\n|inactive|prithalt67 has 120 seconds left.\n|\n|t:|1771223109\n|switch|p2a: Rillaboom|Rillaboom, F|73/100\n|move|p1a: Torkoal|Heat Wave|p2a: Rillaboom|[spread] p2a,p2b\n|-supereffective|p2a: Rillaboom\n|-damage|p2a: Rillaboom|0 fnt\n|-damage|p2b: Okidogi|6/100\n|-status|p2b: Okidogi|brn\n|faint|p2a: Rillaboom\n|move|p1b: Ursaluna|Facade|p2b: Okidogi\n|-damage|p2b: Okidogi|0 fnt\n|faint|p2b: Okidogi\n|\n|-weather|SunnyDay|[upkeep]\n|-heal|p1a: Torkoal|74/100|[from] Grassy Terrain\n|-damage|p1b: Ursaluna|94/100 brn|[from] brn\n|-fieldend|move: Trick Room\n|upkeep\n|inactive|prithalt67 has 120 seconds left.\n|\n|t:|1771223118\n|switch|p2a: Chien-Pao|Chien-Pao|100/100\n|switch|p2b: Gholdengo|Gholdengo|100/100\n|-ability|p2a: Chien-Pao|Sword of Ruin\n|turn|6\n|\n|t:|1771223127\n|move|p2a: Chien-Pao|Icicle Crash|p1b: Ursaluna\n|-supereffective|p1b: Ursaluna\n|-damage|p1b: Ursaluna|2/100 brn\n|move|p2b: Gholdengo|Shadow Ball|p1a: Torkoal\n|-damage|p1a: Torkoal|1/100\n|-damage|p2b: Gholdengo|91/100|[from] item: Life Orb\n|move|p1b: Ursaluna|Headlong Rush|p2b: Gholdengo\n|-supereffective|p2b: Gholdengo\n|-damage|p2b: Gholdengo|0 fnt\n|-unboost|p1b: Ursaluna|def|1\n|-unboost|p1b: Ursaluna|spd|1\n|faint|p2b: Gholdengo\n|move|p1a: Torkoal|Heat Wave|p2a: Chien-Pao\n|-supereffective|p2a: Chien-Pao\n|-enditem|p2a: Chien-Pao|Focus Sash\n|-damage|p2a: Chien-Pao|1/100\n|\n|-weather|SunnyDay|[upkeep]\n|-heal|p2a: Chien-Pao|7/100|[from] Grassy Terrain\n|-heal|p1b: Ursaluna|8/100 brn|[from] Grassy Terrain\n|-heal|p1a: Torkoal|7/100|[from] Grassy Terrain\n|-damage|p1b: Ursaluna|2/100 brn|[from] brn\n|upkeep\n|\n|t:|1771223136\n|switch|p2b: Dragonite|Dragonite, M|76/100\n|turn|7\n|c|☆Sanskiller55|Damn\n|\n|t:|1771223150\n|move|p2b: Dragonite|Extreme Speed|p1b: Ursaluna\n|-damage|p1b: Ursaluna|0 fnt\n|faint|p1b: Ursaluna\n|move|p2a: Chien-Pao|Sacred Sword|p1a: Torkoal\n|-damage|p1a: Torkoal|0 fnt\n|faint|p1a: Torkoal\n|\n|-weather|SunnyDay|[upkeep]\n|-heal|p2a: Chien-Pao|13/100|[from] Grassy Terrain\n|-fieldend|move: Grassy Terrain\n|upkeep\n|\n|t:|1771223157\n|switch|p1b: Reg F Satan|Raging Bolt|100/100\n|switch|p1a: Incineroar|Incineroar, F|100/100\n|-ability|p1a: Incineroar|Intimidate|boost\n|-unboost|p2a: Chien-Pao|atk|1\n|-unboost|p2b: Dragonite|atk|1\n|-activate|p1b: Reg F Satan|ability: Protosynthesis\n|-start|p1b: Reg F Satan|protosynthesisspa\n|turn|8\n|\n|t:|1771223174\n|move|p2a: Chien-Pao|Protect|p2a: Chien-Pao\n|-singleturn|p2a: Chien-Pao|Protect\n|move|p1a: Incineroar|Fake Out|p2a: Chien-Pao\n|-activate|p2a: Chien-Pao|move: Protect\n|move|p2b: Dragonite|Haze|p2b: Dragonite\n|-clearallboost\n|move|p1b: Reg F Satan|Draco Meteor|p2b: Dragonite\n|-supereffective|p2b: Dragonite\n|-damage|p2b: Dragonite|0 fnt\n|-unboost|p1b: Reg F Satan|spa|2\n|faint|p2b: Dragonite\n|\n|-weather|none\n|-end|p1b: Reg F Satan|Protosynthesis\n|upkeep\n|turn|9\n|\n|t:|1771223187\n|move|p1b: Reg F Satan|Thunderclap|p2a: Chien-Pao\n|-damage|p2a: Chien-Pao|0 fnt\n|faint|p2a: Chien-Pao\n|\n|win|Sanskiller55\n|raw|Sanskiller55's rating: 1525 &rarr; <strong>1549</strong><br />(+24 for winning)\n|raw|prithalt67's rating: 1598 &rarr; <strong>1574</strong><br />(-24 for losing)\n|l|‽prithalt67\n|player|p2|\n|l|☆Sanskiller55\n|player|p1|\n|j|☆Sanskiller55\n|player|p1|Sanskiller55|acerola-masters|\n|l|☆Sanskiller55\n|player|p1|\n", "uploadtime": 1771223513, "views": 16, "formatid": "gen9doublesou", "rating": 1549, "private": 0, "password": null}