{"id": "gen9doublesou-2540829062", "format": "[Gen 9] Doubles OU", "players": ["alllzz", "thetired"], "log": "|badge|p1|bronze|gen9doublesou|100-8\n|uhtml|medal-msg|<div class=\"broadcast-blue\">Curious what those medals under the avatar are? PS now has Ladder Seasons! For more information, check out the <a href=\"https://www.smogon.com/forums/threads/3740067/\">thread on Smogon.</a></div>\n|j|☆alllzz\n|j|☆thetired\n|t:|1771258344\n|gametype|doubles\n|player|p1|alllzz|1|1782\n|player|p2|thetired|caitlin|1639\n|gen|9\n|tier|[Gen 9] Doubles OU\n|rated|\n|rule|HP Percentage Mod: HP is shown in percentages\n|rule|Endless Battle Clause: Forcing endless battles is banned\n|rule|Species Clause: Limit one of each Pokémon\n|rule|OHKO Clause: OHKO moves are banned\n|rule|Evasion Moves Clause: Evasion moves are banned\n|rule|Gravity Sleep Clause: The combination of sleep-inducing moves with imperfect accuracy and Gravity or Gigantamax Orbeetle are banned\n|rule|Evasion Abilities Clause: Evasion abilities are banned\n|clearpoke\n|poke|p1|Ursaluna, M|\n|poke|p1|Oranguru, M|\n|poke|p1|Torkoal, F|\n|poke|p1|Incineroar, M|\n|poke|p1|Iron Hands|\n|poke|p1|Hoopa-Unbound|\n|poke|p2|Diancie|\n|poke|p2|Indeedee-F, F|\n|poke|p2|Smeargle, M|\n|poke|p2|Hatterene, F|\n|poke|p2|Torkoal, F|\n|poke|p2|Hoopa-Unbound|\n|teampreview\n|\n|t:|1771258384\n|teamsize|p1|6\n|teamsize|p2|6\n|start\n|switch|p1a: Incineroar|Incineroar, M, shiny|100/100\n|switch|p1b: Ursaluna|Ursaluna, M, shiny|100/100\n|switch|p2a: Diancie|Diancie|100/100\n|switch|p2b: Smeargle|Smeargle, M|100/100\n|-ability|p1a: Incineroar|Intimidate|boost\n|-fail|p2a: Diancie|unboost|[from] ability: Clear Body|[of] p2a: Diancie\n|-unboost|p2b: Smeargle|atk|1\n|turn|1\n|\n|t:|1771258415\n|-terastallize|p2b: Smeargle|Ghost\n|-terastallize|p1b: Ursaluna|Grass\n|move|p1a: Incineroar|Fake Out|p2b: Smeargle\n|-immune|p2b: Smeargle\n|move|p2b: Smeargle|Spore|p1b: Ursaluna\n|-immune|p1b: Ursaluna\n|move|p2a: Diancie|Diamond Storm|p1a: Incineroar|[spread] p1a,p1b\n|-supereffective|p1a: Incineroar\n|-damage|p1a: Incineroar|44/100\n|-damage|p1b: Ursaluna|77/100\n|-boost|p2a: Diancie|def|2\n|-enditem|p1a: Incineroar|Sitrus Berry|[eat]\n|-heal|p1a: Incineroar|69/100|[from] item: Sitrus Berry\n|move|p1b: Ursaluna|Headlong Rush|p2a: Diancie\n|-supereffective|p2a: Diancie\n|-damage|p2a: Diancie|41/100\n|-unboost|p1b: Ursaluna|def|1\n|-unboost|p1b: Ursaluna|spd|1\n|\n|-ability|p2b: Smeargle|Moody|boost\n|-boost|p2b: Smeargle|spd|2\n|-unboost|p2b: Smeargle|spa|1\n|-status|p1b: Ursaluna|brn|[from] item: Flame Orb\n|upkeep\n|turn|2\n|\n|t:|1771258455\n|move|p2b: Smeargle|Decorate|p2a: Diancie\n|-boost|p2a: Diancie|atk|2\n|-boost|p2a: Diancie|spa|2\n|move|p1a: Incineroar|Parting Shot|p2a: Diancie\n|-fail|p2a: Diancie|unboost|[from] ability: Clear Body|[of] p2a: Diancie\n|move|p1b: Ursaluna|Headlong Rush|p2a: Diancie\n|-supereffective|p2a: Diancie\n|-damage|p2a: Diancie|0 fnt\n|-unboost|p1b: Ursaluna|def|1\n|-unboost|p1b: Ursaluna|spd|1\n|faint|p2a: Diancie\n|\n|-damage|p1b: Ursaluna|70/100 brn|[from] brn\n|-ability|p2b: Smeargle|Moody|boost\n|-boost|p2b: Smeargle|spd|2\n|-unboost|p2b: Smeargle|spa|1\n|upkeep\n|\n|t:|1771258465\n|switch|p2a: Indeedee|Indeedee-F, F|100/100\n|-fieldstart|move: Psychic Terrain|[from] ability: Psychic Surge|[of] p2a: Indeedee\n|turn|3\n|\n|t:|1771258496\n|switch|p1b: Hoopa|Hoopa-Unbound|100/100\n|move|p2b: Smeargle|Decorate|p2a: Indeedee\n|-boost|p2a: Indeedee|atk|2\n|-boost|p2a: Indeedee|spa|2\n|move|p2a: Indeedee|Psychic|p1b: Hoopa\n|-immune|p1b: Hoopa\n|move|p1a: Incineroar|Knock Off|p2b: Smeargle\n|-supereffective|p2b: Smeargle\n|-enditem|p2b: Smeargle|Focus Sash\n|-damage|p2b: Smeargle|1/100\n|\n|-ability|p2b: Smeargle|Moody|boost\n|-boost|p2b: Smeargle|spa|2\n|-unboost|p2b: Smeargle|spe|1\n|upkeep\n|turn|4\n|\n|t:|1771258539\n|move|p2b: Smeargle|Follow Me|p2b: Smeargle\n|-singleturn|p2b: Smeargle|move: Follow Me\n|move|p1b: Hoopa|Hyperspace Fury|p2b: Smeargle\n|-supereffective|p2b: Smeargle\n|-damage|p2b: Smeargle|0 fnt\n|-unboost|p1b: Hoopa|def|1\n|faint|p2b: Smeargle\n|move|p1a: Incineroar|Flare Blitz|p2a: Indeedee\n|-damage|p2a: Indeedee|53/100\n|-damage|p1a: Incineroar|56/100|[from] Recoil\n|move|p2a: Indeedee|Trick Room|p2a: Indeedee\n|-fieldstart|move: Trick Room|[of] p2a: Indeedee\n|\n|upkeep\n|\n|t:|1771258551\n|switch|p2b: Torkoal|Torkoal, F|100/100\n|-weather|SunnyDay|[from] ability: Drought|[of] p2b: Torkoal\n|turn|5\n|\n|t:|1771258568\n|move|p2a: Indeedee|Helping Hand|p2b: Torkoal\n|-singleturn|p2b: Torkoal|Helping Hand|[of] p2a: Indeedee\n|move|p2b: Torkoal|Eruption|p1b: Hoopa|[spread] p1a,p1b\n|-resisted|p1a: Incineroar\n|-damage|p1a: Incineroar|0 fnt\n|-enditem|p1b: Hoopa|Focus Sash\n|-damage|p1b: Hoopa|1/100\n|faint|p1a: Incineroar\n|move|p1b: Hoopa|Hyperspace Fury|p2a: Indeedee\n|-supereffective|p2a: Indeedee\n|-damage|p2a: Indeedee|0 fnt\n|-unboost|p1b: Hoopa|def|1\n|faint|p2a: Indeedee\n|-item|p1b: Hoopa|Safety Goggles|[from] ability: Magician|[of] p2: Indeedee\n|\n|-weather|SunnyDay|[upkeep]\n|upkeep\n|\n|t:|1771258581\n|switch|p1a: Torkoal|Torkoal, F, shiny|100/100\n|switch|p2a: Hoopa|Hoopa-Unbound|100/100\n|-enditem|p2a: Hoopa|Psychic Seed\n|-boost|p2a: Hoopa|spd|1|[from] item: Psychic Seed\n|turn|6\n|\n|t:|1771258652\n|move|p1a: Torkoal|Eruption|p2a: Hoopa|[spread] p2a,p2b\n|-resisted|p2b: Torkoal\n|-damage|p2a: Hoopa|57/100\n|-damage|p2b: Torkoal|41/100\n|move|p2b: Torkoal|Eruption|p1a: Torkoal|[spread] p1a,p1b\n|-resisted|p1a: Torkoal\n|-damage|p1a: Torkoal|70/100\n|-damage|p1b: Hoopa|0 fnt\n|faint|p1b: Hoopa\n|move|p2a: Hoopa|Expanding Force|p1a: Torkoal\n|-damage|p1a: Torkoal|0 fnt\n|faint|p1a: Torkoal\n|-item|p2a: Hoopa|Charcoal|[from] ability: Magician|[of] p1: Torkoal\n|\n|-weather|SunnyDay|[upkeep]\n|upkeep\n|\n|t:|1771258661\n|switch|p1a: Oranguru|Oranguru, M, shiny|100/100\n|switch|p1b: Iron Hands|Iron Hands, shiny|100/100\n|turn|7\n|\n|t:|1771258672\n|move|p2a: Hoopa|Protect|p2a: Hoopa\n|-singleturn|p2a: Hoopa|Protect\n|move|p2b: Torkoal|Eruption|p1a: Oranguru|[spread] p1a,p1b\n|-damage|p1a: Oranguru|66/100\n|-damage|p1b: Iron Hands|76/100\n|move|p1b: Iron Hands|Close Combat|p2a: Hoopa\n|-activate|p2a: Hoopa|move: Protect\n|move|p1a: Oranguru|Instruct|p1b: Iron Hands\n|-singleturn|p1b: Iron Hands|move: Instruct|[of] p1a: Oranguru\n|move|p1b: Iron Hands|Close Combat|p2a: Hoopa\n|-activate|p2a: Hoopa|move: Protect\n|\n|-weather|SunnyDay|[upkeep]\n|-fieldend|move: Psychic Terrain\n|upkeep\n|turn|8\n|\n|t:|1771258687\n|switch|p2a: Hatterene|Hatterene, F|100/100\n|move|p2b: Torkoal|Eruption|p1b: Iron Hands|[spread] p1a,p1b\n|-damage|p1a: Oranguru|32/100\n|-damage|p1b: Iron Hands|50/100\n|move|p1b: Iron Hands|Close Combat|p2b: Torkoal\n|-damage|p2b: Torkoal|0 fnt\n|-unboost|p1b: Iron Hands|def|1\n|-unboost|p1b: Iron Hands|spd|1\n|faint|p2b: Torkoal\n|move|p1a: Oranguru|Encore|p2a: Hatterene\n|move|p2a: Hatterene|Encore||[from] ability: Magic Bounce|[still]\n|-fail|p2a: Hatterene\n|\n|-weather|SunnyDay|[upkeep]\n|-fieldend|move: Trick Room\n|upkeep\n|\n|t:|1771258698\n|switch|p2b: Hoopa|Hoopa-Unbound|57/100\n|turn|9\n|\n|t:|1771258721\n|move|p2b: Hoopa|Dark Pulse|p1a: Oranguru\n|-supereffective|p1a: Oranguru\n|-damage|p1a: Oranguru|0 fnt\n|faint|p1a: Oranguru\n|move|p1b: Iron Hands|Close Combat|p2b: Hoopa\n|-damage|p2b: Hoopa|0 fnt\n|-unboost|p1b: Iron Hands|def|1\n|-unboost|p1b: Iron Hands|spd|1\n|faint|p2b: Hoopa\n|move|p2a: Hatterene|Expanding Force|p1b: Iron Hands\n|-supereffective|p1b: Iron Hands\n|-damage|p1b: Iron Hands|0 fnt\n|faint|p1b: Iron Hands\n|-end|p1b: Iron Hands|Quark Drive|[silent]\n|\n|-weather|none\n|upkeep\n|\n|t:|1771258727\n|switch|p1b: Ursaluna|Ursaluna, M, shiny, tera:Grass|70/100 brn\n|turn|10\n|c|☆thetired|damn gg\n|\n|t:|1771258760\n|move|p1b: Ursaluna|Facade|p2a: Hatterene\n|-damage|p2a: Hatterene|0 fnt\n|faint|p2a: Hatterene\n|\n|win|alllzz\n|raw|alllzz's rating: 1782 &rarr; <strong>1794</strong><br />(+12 for winning)\n|raw|thetired's rating: 1639 &rarr; <strong>1627</strong><br />(-12 for losing)\n|l|☆thetired\n|player|p2|\n|l|☆alllzz\n|player|p1|\n", "uploadtime": 1771259032, "views": 6, "formatid": "gen9doublesou", "rating": 1627, "private": 0, "password": null}