{"id": "gen9doublesou-2539974567", "format": "[Gen 9] Doubles OU", "players": ["NotDogeMaterial", "vala21"], "log": "|j|☆NotDogeMaterial\n|j|☆vala21\n|t:|1771136501\n|gametype|doubles\n|player|p1|NotDogeMaterial|2|1526\n|player|p2|vala21|101|1693\n|gen|9\n|tier|[Gen 9] Doubles OU\n|rated|\n|rule|HP Percentage Mod: HP is shown in percentages\n|rule|Endless Battle Clause: Forcing endless battles is banned\n|rule|Species Clause: Limit one of each Pokémon\n|rule|OHKO Clause: OHKO moves are banned\n|rule|Evasion Moves Clause: Evasion moves are banned\n|rule|Gravity Sleep Clause: The combination of sleep-inducing moves with imperfect accuracy and Gravity or Gigantamax Orbeetle are banned\n|rule|Evasion Abilities Clause: Evasion abilities are banned\n|clearpoke\n|poke|p1|Dragonite, M|\n|poke|p1|Chien-Pao|\n|poke|p1|Bronzong|\n|poke|p1|Incineroar, F|\n|poke|p1|Sylveon, F|\n|poke|p1|Amoonguss, M|\n|poke|p2|Hoopa-Unbound|\n|poke|p2|Indeedee-F, F|\n|poke|p2|Torkoal, M|\n|poke|p2|Diancie|\n|poke|p2|Hatterene, F|\n|poke|p2|Ursaluna, F|\n|teampreview\n|c|☆NotDogeMaterial|Bro\n|c|☆NotDogeMaterial|4 special attackers\n|c|☆NotDogeMaterial|1 physical and 1 multirole\n|inactive|Battle timer is ON: inactive players will automatically lose when time's up. (requested by NotDogeMaterial)\n|c|☆vala21|uh\n|c|☆vala21|yeah\n|c|☆NotDogeMaterial|and all this in trick room\n|\n|t:|1771136549\n|teamsize|p1|6\n|teamsize|p2|6\n|start\n|switch|p1a: Bronzong|Bronzong|100/100\n|switch|p1b: Incineroar|Incineroar, F|100/100\n|switch|p2a: Diancie|Diancie|100/100\n|switch|p2b: Hatterene|Hatterene, F|100/100\n|-ability|p1b: Incineroar|Intimidate|boost\n|-fail|p2a: Diancie|unboost|[from] ability: Clear Body|[of] p2a: Diancie\n|-unboost|p2b: Hatterene|atk|1\n|turn|1\n|inactive|NotDogeMaterial has 120 seconds left.\n|\n|t:|1771136584\n|switch|p2a: Indeedee|Indeedee-F, F|100/100\n|-fieldstart|move: Psychic Terrain|[from] ability: Psychic Surge|[of] p2a: Indeedee\n|-terastallize|p2b: Hatterene|Water\n|move|p1b: Incineroar|Fake Out|p2b: Hatterene\n|-activate|p2b: Hatterene|move: Psychic Terrain\n|move|p1a: Bronzong|Gyro Ball|p2b: Hatterene\n|-resisted|p2b: Hatterene\n|-damage|p2b: Hatterene|98/100\n|move|p2b: Hatterene|Trick Room|p2b: Hatterene\n|-fieldstart|move: Trick Room|[of] p2b: Hatterene\n|\n|upkeep\n|turn|2\n|\n|t:|1771136606\n|switch|p2a: Torkoal|Torkoal, M|100/100\n|-weather|SunnyDay|[from] ability: Drought|[of] p2a: Torkoal\n|move|p2b: Hatterene|Dazzling Gleam|p1a: Bronzong|[spread] p1a,p1b\n|-resisted|p1a: Bronzong\n|-damage|p1a: Bronzong|85/100\n|-damage|p1b: Incineroar|80/100\n|move|p1b: Incineroar|U-turn|p2a: Torkoal\n|-resisted|p2a: Torkoal\n|-damage|p2a: Torkoal|94/100\n|\n|t:|1771136625\n|switch|p1b: Sylveon|Sylveon, F|100/100|[from] U-turn\n|move|p1a: Bronzong|Trick Room|p1a: Bronzong\n|-fieldend|move: Trick Room\n|\n|-weather|SunnyDay|[upkeep]\n|upkeep\n|turn|3\n|\n|t:|1771136643\n|move|p1a: Bronzong|Protect|p1a: Bronzong\n|-singleturn|p1a: Bronzong|Protect\n|move|p2a: Torkoal|Protect|p2a: Torkoal\n|-singleturn|p2a: Torkoal|Protect\n|move|p1b: Sylveon|Hyper Voice|p2b: Hatterene|[spread] p2b\n|-activate|p2a: Torkoal|move: Protect\n|-damage|p2b: Hatterene|49/100\n|move|p2b: Hatterene|Expanding Force|p1b: Sylveon|[spread] p1b\n|-activate|p1a: Bronzong|move: Protect\n|-damage|p1b: Sylveon|37/100\n|\n|-weather|SunnyDay|[upkeep]\n|upkeep\n|turn|4\n|\n|t:|1771136665\n|switch|p1a: Incineroar|Incineroar, F|80/100\n|-ability|p1a: Incineroar|Intimidate|boost\n|-unboost|p2a: Torkoal|atk|1\n|-unboost|p2b: Hatterene|atk|1\n|move|p1b: Sylveon|Hyper Voice|p2a: Torkoal|[spread] p2a,p2b\n|-resisted|p2a: Torkoal\n|-damage|p2a: Torkoal|62/100\n|-damage|p2b: Hatterene|1/100\n|move|p2a: Torkoal|Heat Wave|p1a: Incineroar|[spread] p1b\n|-miss|p2a: Torkoal|p1a: Incineroar\n|-damage|p1b: Sylveon|0 fnt\n|faint|p1b: Sylveon\n|move|p2b: Hatterene|Trick Room|p2b: Hatterene\n|-fieldstart|move: Trick Room|[of] p2b: Hatterene\n|\n|-weather|SunnyDay|[upkeep]\n|upkeep\n|inactive|NotDogeMaterial has 120 seconds left.\n|\n|t:|1771136683\n|switch|p1b: Bronzong|Bronzong|85/100\n|turn|5\n|\n|t:|1771136692\n|switch|p2b: Diancie|Diancie|100/100\n|move|p1b: Bronzong|Protect|p1b: Bronzong\n|-singleturn|p1b: Bronzong|Protect\n|move|p2a: Torkoal|Eruption|p1a: Incineroar|[spread] p1a\n|-activate|p1b: Bronzong|move: Protect\n|-resisted|p1a: Incineroar\n|-damage|p1a: Incineroar|66/100\n|move|p1a: Incineroar|U-turn|p2b: Diancie\n|-resisted|p2b: Diancie\n|-damage|p2b: Diancie|93/100\n|inactive|NotDogeMaterial has 120 seconds left.\n|\n|t:|1771136727\n|switch|p1a: Amoonguss|Amoonguss, M|100/100|[from] U-turn\n|\n|-weather|SunnyDay|[upkeep]\n|upkeep\n|turn|6\n|\n|t:|1771136743\n|-terastallize|p1a: Amoonguss|Water\n|move|p2a: Torkoal|Heat Wave|p1a: Amoonguss|[spread] p1a,p1b\n|-resisted|p1a: Amoonguss\n|-supereffective|p1b: Bronzong\n|-damage|p1a: Amoonguss|77/100\n|-damage|p1b: Bronzong|1/100\n|move|p1a: Amoonguss|Spore|p2a: Torkoal\n|-status|p2a: Torkoal|slp|[from] move: Spore\n|move|p2b: Diancie|Body Press|p1b: Bronzong\n|-damage|p1b: Bronzong|0 fnt\n|faint|p1b: Bronzong\n|\n|-weather|none\n|upkeep\n|inactive|NotDogeMaterial has 120 seconds left.\n|\n|t:|1771136763\n|switch|p1b: Dragonite|Dragonite, M|100/100\n|turn|7\n|\n|t:|1771136780\n|switch|p2a: Ursaluna|Ursaluna, F|100/100\n|move|p1a: Amoonguss|Spore|p2b: Diancie\n|-status|p2b: Diancie|slp|[from] move: Spore\n|cant|p2b: Diancie|slp\n|move|p1b: Dragonite|Rock Slide|p2a: Ursaluna|[spread] p2a,p2b\n|-resisted|p2a: Ursaluna\n|-damage|p2a: Ursaluna|89/100\n|-damage|p2b: Diancie|69/100 slp\n|\n|-status|p2a: Ursaluna|brn|[from] item: Flame Orb\n|upkeep\n|turn|8\n|\n|t:|1771136805\n|switch|p1a: Incineroar|Incineroar, F|66/100\n|-ability|p1a: Incineroar|Intimidate|boost\n|-unboost|p2a: Ursaluna|atk|1\n|-fail|p2b: Diancie|unboost|[from] ability: Clear Body|[of] p2b: Diancie\n|cant|p2b: Diancie|slp\n|move|p2a: Ursaluna|Facade|p1a: Incineroar\n|-damage|p1a: Incineroar|0 fnt\n|faint|p1a: Incineroar\n|move|p1b: Dragonite|Rock Slide|p2b: Diancie|[spread] p2a,p2b\n|-resisted|p2a: Ursaluna\n|-damage|p2a: Ursaluna|76/100 brn\n|-damage|p2b: Diancie|41/100 slp\n|\n|-damage|p2a: Ursaluna|70/100 brn|[from] brn\n|-fieldend|move: Trick Room\n|-fieldend|move: Psychic Terrain\n|upkeep\n|\n|t:|1771136818\n|switch|p1a: Chien-Pao|Chien-Pao|100/100\n|-ability|p1a: Chien-Pao|Sword of Ruin\n|turn|9\n|\n|t:|1771136824\n|move|p1a: Chien-Pao|Icicle Crash|p2a: Ursaluna\n|-supereffective|p2a: Ursaluna\n|-damage|p2a: Ursaluna|0 fnt\n|faint|p2a: Ursaluna\n|move|p1b: Dragonite|Rock Slide|p2b: Diancie\n|-damage|p2b: Diancie|0 fnt\n|faint|p2b: Diancie\n|\n|upkeep\n|\n|t:|1771136841\n|switch|p2b: Hoopa|Hoopa-Unbound|100/100\n|switch|p2a: Indeedee|Indeedee-F, F|100/100\n|-fieldstart|move: Psychic Terrain|[from] ability: Psychic Surge|[of] p2a: Indeedee\n|-enditem|p2b: Hoopa|Psychic Seed\n|-boost|p2b: Hoopa|spd|1|[from] item: Psychic Seed\n|turn|10\n|\n|t:|1771136856\n|move|p2a: Indeedee|Follow Me|p2a: Indeedee\n|-singleturn|p2a: Indeedee|move: Follow Me\n|move|p1a: Chien-Pao|Icicle Crash|p2a: Indeedee\n|-damage|p2a: Indeedee|37/100\n|move|p1b: Dragonite|Rock Slide|p2a: Indeedee|[spread] p2a,p2b\n|-damage|p2a: Indeedee|0 fnt\n|-damage|p2b: Hoopa|34/100\n|faint|p2a: Indeedee\n|move|p2b: Hoopa|Trick Room|p2b: Hoopa\n|-fieldstart|move: Trick Room|[of] p2b: Hoopa\n|\n|upkeep\n|\n|t:|1771136864\n|switch|p2a: Hatterene|Hatterene, F, tera:Water|1/100\n|turn|11\n|\n|t:|1771136879\n|switch|p1b: Amoonguss|Amoonguss, M, tera:Water|100/100\n|move|p2a: Hatterene|Dazzling Gleam|p1a: Chien-Pao|[spread] p1a,p1b\n|-supereffective|p1a: Chien-Pao\n|-enditem|p1a: Chien-Pao|Focus Sash\n|-damage|p1a: Chien-Pao|1/100\n|-damage|p1b: Amoonguss|70/100\n|move|p2b: Hoopa|Dark Pulse|p1a: Chien-Pao\n|-resisted|p1a: Chien-Pao\n|-damage|p1a: Chien-Pao|0 fnt\n|faint|p1a: Chien-Pao\n|\n|upkeep\n|\n|t:|1771136890\n|switch|p1a: Dragonite|Dragonite, M|100/100\n|turn|12\n|\n|t:|1771136899\n|move|p1a: Dragonite|Extreme Speed|p2a: Hatterene\n|-activate|p2a: Hatterene|move: Psychic Terrain\n|move|p2a: Hatterene|Expanding Force|p1a: Dragonite|[spread] p1a,p1b\n|-damage|p1a: Dragonite|31/100\n|-damage|p1b: Amoonguss|0 fnt\n|faint|p1b: Amoonguss\n|move|p2b: Hoopa|Expanding Force|p1a: Dragonite\n|-damage|p1a: Dragonite|0 fnt\n|faint|p1a: Dragonite\n|-item|p2b: Hoopa|Choice Band|[from] ability: Magician|[of] p1: Dragonite\n|\n|win|vala21\n|raw|NotDogeMaterial's rating: 1526 &rarr; <strong>1515</strong><br />(-11 for losing)\n|raw|vala21's rating: 1693 &rarr; <strong>1704</strong><br />(+11 for winning)\n|l|☆vala21\n|player|p2|\n|c|☆NotDogeMaterial|oh shoot right\n|l|☆NotDogeMaterial\n|player|p1|\n", "uploadtime": 1771137221, "views": 16, "formatid": "gen9doublesou", "rating": 1515, "private": 0, "password": null}