{"id": "gen9doublesou-2540663431", "format": "[Gen 9] Doubles OU", "players": ["redpkmntrainer14", "morolltach"], "log": "|j|☆redpkmntrainer14\n|j|‽morolltach\n|t:|1771236406\n|gametype|doubles\n|player|p1|redpkmntrainer14|2|1482\n|player|p2|morolltach|101|1627\n|gen|9\n|tier|[Gen 9] Doubles OU\n|rated|\n|rule|HP Percentage Mod: HP is shown in percentages\n|rule|Endless Battle Clause: Forcing endless battles is banned\n|rule|Species Clause: Limit one of each Pokémon\n|rule|OHKO Clause: OHKO moves are banned\n|rule|Evasion Moves Clause: Evasion moves are banned\n|rule|Gravity Sleep Clause: The combination of sleep-inducing moves with imperfect accuracy and Gravity or Gigantamax Orbeetle are banned\n|rule|Evasion Abilities Clause: Evasion abilities are banned\n|clearpoke\n|poke|p1|Gastrodon-East, M|\n|poke|p1|Bruxish, F|\n|poke|p1|Scizor, M|\n|poke|p1|Pelipper, M|\n|poke|p1|Chien-Pao|\n|poke|p1|Sneasler, M|\n|poke|p2|Mew|\n|poke|p2|Dragonite, M|\n|poke|p2|Chien-Pao|\n|poke|p2|Okidogi, M|\n|poke|p2|Gholdengo|\n|poke|p2|Ogerpon-Wellspring, F|\n|teampreview\n|\n|t:|1771236444\n|teamsize|p1|6\n|teamsize|p2|6\n|start\n|switch|p1a: Bruxish|Bruxish, F, shiny|100/100\n|switch|p1b: Scizor|Scizor, M, shiny|100/100\n|switch|p2a: Mew|Mew|100/100\n|switch|p2b: Gholdengo|Gholdengo|100/100\n|turn|1\n|\n|t:|1771236460\n|move|p2b: Gholdengo|Protect|p2b: Gholdengo\n|-singleturn|p2b: Gholdengo|Protect\n|move|p2a: Mew|Stealth Rock|p1b: Scizor\n|-sidestart|p1: redpkmntrainer14|move: Stealth Rock\n|move|p1b: Scizor|X-Scissor|p2a: Mew\n|-supereffective|p2a: Mew\n|-damage|p2a: Mew|5/100\n|-damage|p1b: Scizor|91/100|[from] item: Life Orb\n|move|p1a: Bruxish|Trick Room|p1a: Bruxish\n|-fieldstart|move: Trick Room|[of] p1a: Bruxish\n|\n|upkeep\n|turn|2\n|\n|t:|1771236475\n|-terastallize|p1b: Scizor|Ground\n|move|p1a: Bruxish|Aqua Jet|p2a: Mew\n|-damage|p2a: Mew|0 fnt\n|faint|p2a: Mew\n|move|p1b: Scizor|Tera Blast|p2b: Gholdengo|[anim] Tera Blast Ground\n|-supereffective|p2b: Gholdengo\n|-damage|p2b: Gholdengo|0 fnt\n|faint|p2b: Gholdengo\n|-damage|p1b: Scizor|81/100|[from] item: Life Orb\n|\n|upkeep\n|\n|t:|1771236503\n|switch|p2b: Okidogi|Okidogi, M|100/100\n|switch|p2a: Dragonite|Dragonite, M|100/100\n|turn|3\n|\n|t:|1771236522\n|move|p1b: Scizor|Tera Blast|p2b: Okidogi|[anim] Tera Blast Ground\n|-supereffective|p2b: Okidogi\n|-damage|p2b: Okidogi|0 fnt\n|faint|p2b: Okidogi\n|-damage|p1b: Scizor|71/100|[from] item: Life Orb\n|move|p2a: Dragonite|Ice Spinner|p1b: Scizor\n|-supereffective|p1b: Scizor\n|-damage|p1b: Scizor|7/100\n|move|p1a: Bruxish|Ice Fang|p2a: Dragonite\n|-supereffective|p2a: Dragonite\n|-damage|p2a: Dragonite|58/100\n|\n|upkeep\n|\n|t:|1771236534\n|switch|p2b: Ogerpon|Ogerpon-Wellspring, F|100/100\n|turn|4\n|\n|t:|1771236543\n|move|p2a: Dragonite|Protect|p2a: Dragonite\n|-singleturn|p2a: Dragonite|Protect\n|move|p2b: Ogerpon|Spiky Shield|p2b: Ogerpon\n|-singleturn|p2b: Ogerpon|move: Protect\n|move|p1b: Scizor|X-Scissor|p2b: Ogerpon\n|-activate|p2b: Ogerpon|move: Protect\n|-damage|p1b: Scizor|0 fnt|[from] Spiky Shield|[of] p2b: Ogerpon\n|faint|p1b: Scizor\n|move|p1a: Bruxish|Ice Fang|p2a: Dragonite\n|-activate|p2a: Dragonite|move: Protect\n|\n|upkeep\n|\n|t:|1771236549\n|switch|p1b: Gastrodon|Gastrodon-East, M|100/100\n|-damage|p1b: Gastrodon|94/100|[from] Stealth Rock\n|turn|5\n|\n|t:|1771236561\n|switch|p2a: Chien-Pao|Chien-Pao|100/100\n|-ability|p2a: Chien-Pao|Sword of Ruin\n|move|p1b: Gastrodon|Sludge Bomb|p2b: Ogerpon\n|-supereffective|p2b: Ogerpon\n|-damage|p2b: Ogerpon|39/100\n|-status|p2b: Ogerpon|psn\n|move|p1a: Bruxish|Ice Fang|p2a: Chien-Pao\n|-resisted|p2a: Chien-Pao\n|-damage|p2a: Chien-Pao|87/100\n|move|p2b: Ogerpon|Wood Hammer|p1b: Gastrodon\n|-supereffective|p1b: Gastrodon\n|-damage|p1b: Gastrodon|0 fnt\n|faint|p1b: Gastrodon\n|-damage|p2b: Ogerpon|5/100 psn|[from] Recoil\n|\n|-damage|p2b: Ogerpon|0 fnt|[from] psn\n|faint|p2b: Ogerpon\n|-fieldend|move: Trick Room\n|upkeep\n|\n|t:|1771236580\n|switch|p2b: Dragonite|Dragonite, M|58/100\n|switch|p1b: Pelipper|Pelipper, M, shiny|100/100\n|-damage|p1b: Pelipper|76/100|[from] Stealth Rock\n|-weather|RainDance|[from] ability: Drizzle|[of] p1b: Pelipper\n|turn|6\n|\n|t:|1771236593\n|move|p2b: Dragonite|Protect|p2b: Dragonite\n|-singleturn|p2b: Dragonite|Protect\n|move|p2a: Chien-Pao|Crunch|p1a: Bruxish\n|-supereffective|p1a: Bruxish\n|-damage|p1a: Bruxish|0 fnt\n|faint|p1a: Bruxish\n|move|p1b: Pelipper|Icy Wind|p2b: Dragonite|[spread] p2a\n|-activate|p2b: Dragonite|move: Protect\n|-resisted|p2a: Chien-Pao\n|-damage|p2a: Chien-Pao|76/100\n|-unboost|p2a: Chien-Pao|spe|1\n|\n|-weather|RainDance|[upkeep]\n|upkeep\n|\n|t:|1771236596\n|switch|p1a: Sneasler|Sneasler, M|100/100\n|-damage|p1a: Sneasler|95/100|[from] Stealth Rock\n|turn|7\n|\n|t:|1771236617\n|-terastallize|p2b: Dragonite|Normal\n|move|p1a: Sneasler|Fake Out|p2a: Chien-Pao\n|-damage|p2a: Chien-Pao|51/100\n|-status|p2a: Chien-Pao|psn|[from] ability: Poison Touch|[of] p1a: Sneasler\n|-damage|p1a: Sneasler|85/100|[from] item: Life Orb\n|move|p2b: Dragonite|Extreme Speed|p1a: Sneasler\n|-damage|p1a: Sneasler|0 fnt\n|faint|p1a: Sneasler\n|cant|p2a: Chien-Pao|flinch\n|move|p1b: Pelipper|Icy Wind|p2b: Dragonite|[spread] p2a,p2b\n|-resisted|p2a: Chien-Pao\n|-damage|p2a: Chien-Pao|41/100 psn\n|-damage|p2b: Dragonite|44/100\n|-unboost|p2a: Chien-Pao|spe|1\n|-unboost|p2b: Dragonite|spe|1\n|\n|-weather|RainDance|[upkeep]\n|-damage|p2a: Chien-Pao|28/100 psn|[from] psn\n|upkeep\n|\n|t:|1771236622\n|switch|p1a: Chien-Pao|Chien-Pao|100/100\n|-damage|p1a: Chien-Pao|76/100|[from] Stealth Rock\n|-ability|p1a: Chien-Pao|Sword of Ruin\n|turn|8\n|\n|t:|1771236641\n|move|p2b: Dragonite|Extreme Speed|p1a: Chien-Pao\n|-damage|p1a: Chien-Pao|7/100\n|move|p1a: Chien-Pao|Sucker Punch||[still]\n|-fail|p1a: Chien-Pao\n|move|p2a: Chien-Pao|Crunch|p1b: Pelipper\n|-damage|p1b: Pelipper|25/100\n|move|p1b: Pelipper|Hurricane|p2a: Chien-Pao\n|-damage|p2a: Chien-Pao|0 fnt\n|faint|p2a: Chien-Pao\n|\n|-weather|RainDance|[upkeep]\n|upkeep\n|turn|9\n|\n|t:|1771236658\n|move|p2b: Dragonite|Protect|p2b: Dragonite\n|-singleturn|p2b: Dragonite|Protect\n|move|p1a: Chien-Pao|Sacred Sword|p2b: Dragonite\n|-activate|p2b: Dragonite|move: Protect\n|move|p1b: Pelipper|Hurricane|p2b: Dragonite\n|-activate|p2b: Dragonite|move: Protect\n|\n|-weather|RainDance|[upkeep]\n|upkeep\n|turn|10\n|\n|t:|1771236668\n|move|p2b: Dragonite|Extreme Speed|p1a: Chien-Pao\n|-damage|p1a: Chien-Pao|0 fnt\n|faint|p1a: Chien-Pao\n|move|p1b: Pelipper|Hurricane|p2b: Dragonite\n|-damage|p2b: Dragonite|0 fnt\n|faint|p2b: Dragonite\n|\n|win|redpkmntrainer14\n|raw|redpkmntrainer14's rating: 1482 &rarr; <strong>1510</strong><br />(+28 for winning)\n|raw|morolltach's rating: 1627 &rarr; <strong>1599</strong><br />(-28 for losing)\n|l|‽morolltach\n|player|p2|\n|l|☆redpkmntrainer14\n|player|p1|\n", "uploadtime": 1771237041, "views": 10, "formatid": "gen9doublesou", "rating": 1510, "private": 0, "password": null}