{"id": "gen9doublesou-2540867640", "format": "[Gen 9] Doubles OU", "players": ["qwqwwqqwwq", "silverledragon2"], "log": "|j|☆qwqwwqqwwq\n|j|☆silverledragon2\n|t:|1771262164\n|gametype|doubles\n|player|p1|qwqwwqqwwq|hiker-gen4|1596\n|player|p2|silverledragon2|266|1547\n|gen|9\n|tier|[Gen 9] Doubles OU\n|rated|\n|rule|HP Percentage Mod: HP is shown in percentages\n|rule|Endless Battle Clause: Forcing endless battles is banned\n|rule|Species Clause: Limit one of each Pokémon\n|rule|OHKO Clause: OHKO moves are banned\n|rule|Evasion Moves Clause: Evasion moves are banned\n|rule|Gravity Sleep Clause: The combination of sleep-inducing moves with imperfect accuracy and Gravity or Gigantamax Orbeetle are banned\n|rule|Evasion Abilities Clause: Evasion abilities are banned\n|clearpoke\n|poke|p1|Scizor, F|\n|poke|p1|Dragonite, F|\n|poke|p1|Tornadus, M|\n|poke|p1|Chandelure, M|\n|poke|p1|Golem, F|\n|poke|p1|Articuno-Galar|\n|poke|p2|Deoxys|\n|poke|p2|Indeedee-F, F|\n|poke|p2|Chi-Yu|\n|poke|p2|Regidrago|\n|poke|p2|Sneasler, M|\n|poke|p2|Whimsicott, F|\n|teampreview\n|\n|t:|1771262218\n|teamsize|p1|6\n|teamsize|p2|6\n|start\n|switch|p1a: Golem|Golem, F|100/100\n|switch|p1b: Dragonite|Dragonite, F|100/100\n|switch|p2a: Deoxys|Deoxys|100/100\n|switch|p2b: Regidrago|Regidrago|100/100\n|-ability|p2a: Deoxys|Pressure\n|turn|1\n|\n|t:|1771262228\n|switch|p2b: Indeedee|Indeedee-F, F|100/100\n|-fieldstart|move: Psychic Terrain|[from] ability: Psychic Surge|[of] p2b: Indeedee\n|-terastallize|p2a: Deoxys|Psychic\n|-terastallize|p1b: Dragonite|Ground\n|move|p1a: Golem|Wide Guard|p1a: Golem\n|-singleturn|p1a: Golem|Wide Guard\n|move|p2a: Deoxys|Expanding Force|p1b: Dragonite|[spread] \n|-activate|p1a: Golem|move: Wide Guard\n|-activate|p1b: Dragonite|move: Wide Guard\n|move|p1b: Dragonite|Earthquake|p2b: Indeedee|[spread] p2a,p2b\n|-activate|p1a: Golem|move: Wide Guard\n|-crit|p2b: Indeedee\n|-damage|p2a: Deoxys|0 fnt\n|-damage|p2b: Indeedee|40/100\n|faint|p2a: Deoxys\n|\n|upkeep\n|\n|t:|1771262241\n|switch|p2a: Sneasler|Sneasler, M|100/100\n|-enditem|p2a: Sneasler|Psychic Seed\n|-boost|p2a: Sneasler|spd|1|[from] item: Psychic Seed\n|turn|2\n|\n|t:|1771262249\n|move|p2b: Indeedee|Helping Hand|p2a: Sneasler\n|-singleturn|p2a: Sneasler|Helping Hand|[of] p2b: Indeedee\n|move|p1a: Golem|Wide Guard|p1a: Golem\n|-singleturn|p1a: Golem|Wide Guard\n|move|p2a: Sneasler|Close Combat|p1a: Golem\n|-supereffective|p1a: Golem\n|-ability|p1a: Golem|Sturdy\n|-damage|p1a: Golem|1/100\n|-unboost|p2a: Sneasler|def|1\n|-unboost|p2a: Sneasler|spd|1\n|-enditem|p1a: Golem|Weakness Policy\n|-boost|p1a: Golem|atk|2|[from] item: Weakness Policy\n|-boost|p1a: Golem|spa|2|[from] item: Weakness Policy\n|move|p1b: Dragonite|Earthquake|p2b: Indeedee|[spread] p2a,p2b\n|-activate|p1a: Golem|move: Wide Guard\n|-supereffective|p2a: Sneasler\n|-damage|p2a: Sneasler|0 fnt\n|-damage|p2b: Indeedee|0 fnt\n|faint|p2a: Sneasler\n|faint|p2b: Indeedee\n|\n|upkeep\n|\n|t:|1771262260\n|switch|p2a: Whimsicott|Whimsicott, F|100/100\n|switch|p2b: Chi-Yu|Chi-Yu|100/100\n|-ability|p2b: Chi-Yu|Beads of Ruin\n|turn|3\n|\n|t:|1771262272\n|move|p2b: Chi-Yu|Protect|p2b: Chi-Yu\n|-singleturn|p2b: Chi-Yu|Protect\n|move|p1a: Golem|Wide Guard|p1a: Golem\n|-singleturn|p1a: Golem|Wide Guard\n|move|p2a: Whimsicott|Moonblast|p1a: Golem\n|-crit|p1a: Golem\n|-damage|p1a: Golem|0 fnt\n|faint|p1a: Golem\n|move|p1b: Dragonite|Earthquake|p2a: Whimsicott|[spread] p2a\n|-activate|p2b: Chi-Yu|move: Protect\n|-resisted|p2a: Whimsicott\n|-damage|p2a: Whimsicott|76/100\n|\n|upkeep\n|\n|t:|1771262283\n|switch|p1a: Tornadus|Tornadus, M|100/100\n|turn|4\n|\n|t:|1771262307\n|move|p1a: Tornadus|Taunt|p2a: Whimsicott\n|-activate|p2a: Whimsicott|move: Psychic Terrain\n|move|p2a: Whimsicott|Moonblast|p1b: Dragonite\n|-damage|p1b: Dragonite|69/100\n|move|p2b: Chi-Yu|Heat Wave|p1a: Tornadus|[spread] p1a,p1b\n|-damage|p1a: Tornadus|2/100\n|-damage|p1b: Dragonite|16/100\n|-damage|p2b: Chi-Yu|91/100|[from] item: Life Orb\n|move|p1b: Dragonite|Earthquake|p2a: Whimsicott|[spread] p2a,p2b\n|-immune|p1a: Tornadus\n|-resisted|p2a: Whimsicott\n|-supereffective|p2b: Chi-Yu\n|-damage|p2a: Whimsicott|50/100\n|-damage|p2b: Chi-Yu|0 fnt\n|faint|p2b: Chi-Yu\n|\n|upkeep\n|\n|t:|1771262318\n|switch|p2b: Regidrago|Regidrago|100/100\n|turn|5\n|\n|t:|1771262331\n|move|p1b: Dragonite|Protect|p1b: Dragonite\n|-singleturn|p1b: Dragonite|Protect\n|move|p1a: Tornadus|Tailwind|p1a: Tornadus\n|-sidestart|p1: qwqwwqqwwq|move: Tailwind\n|move|p2b: Regidrago|Dragon Energy|p1a: Tornadus|[spread] p1a\n|-activate|p1b: Dragonite|move: Protect\n|-damage|p1a: Tornadus|0 fnt\n|faint|p1a: Tornadus\n|move|p2a: Whimsicott|Moonblast|p1b: Dragonite\n|-activate|p1b: Dragonite|move: Protect\n|\n|upkeep\n|\n|t:|1771262342\n|switch|p1a: Articuno|Articuno-Galar|100/100\n|turn|6\n|\n|t:|1771262347\n|move|p1a: Articuno|Protect|p1a: Articuno\n|-singleturn|p1a: Articuno|Protect\n|move|p2a: Whimsicott|Tailwind|p2a: Whimsicott\n|-sidestart|p2: silverledragon2|move: Tailwind\n|move|p2b: Regidrago|Dragon Energy|p1b: Dragonite|[spread] p1b\n|-activate|p1a: Articuno|move: Protect\n|-damage|p1b: Dragonite|0 fnt\n|faint|p1b: Dragonite\n|\n|upkeep\n|\n|t:|1771262358\n|switch|p1b: Scizor|Scizor, F|100/100\n|turn|7\n|\n|t:|1771262365\n|move|p2b: Regidrago|Dragon Energy|p1a: Articuno|[spread] p1a,p1b\n|-resisted|p1b: Scizor\n|-damage|p1a: Articuno|21/100\n|-damage|p1b: Scizor|47/100\n|move|p2a: Whimsicott|Moonblast|p1b: Scizor\n|-resisted|p1b: Scizor\n|-damage|p1b: Scizor|29/100\n|move|p1a: Articuno|Hyper Voice|p2b: Regidrago|[spread] p2a,p2b\n|-damage|p2a: Whimsicott|13/100\n|-damage|p2b: Regidrago|72/100\n|move|p1b: Scizor|Bug Bite|p2a: Whimsicott\n|-damage|p2a: Whimsicott|0 fnt\n|faint|p2a: Whimsicott\n|\n|upkeep\n|turn|8\n|\n|t:|1771262376\n|move|p1a: Articuno|Protect|p1a: Articuno\n|-singleturn|p1a: Articuno|Protect\n|move|p1b: Scizor|Protect|p1b: Scizor\n|-singleturn|p1b: Scizor|Protect\n|move|p2b: Regidrago|Dragon Energy|p1a: Articuno|[spread] \n|-activate|p1a: Articuno|move: Protect\n|-activate|p1b: Scizor|move: Protect\n|\n|-sideend|p1: qwqwwqqwwq|move: Tailwind\n|-fieldend|move: Psychic Terrain\n|upkeep\n|turn|9\n|\n|t:|1771262387\n|move|p1b: Scizor|Bullet Punch|p2b: Regidrago\n|-damage|p2b: Regidrago|35/100\n|move|p2b: Regidrago|Dragon Energy|p1b: Scizor|[spread] p1a,p1b\n|-resisted|p1b: Scizor\n|-damage|p1a: Articuno|0 fnt\n|-damage|p1b: Scizor|11/100\n|faint|p1a: Articuno\n|\n|-sideend|p2: silverledragon2|move: Tailwind\n|upkeep\n|\n|t:|1771262392\n|switch|p1a: Chandelure|Chandelure, M|100/100\n|turn|10\n|\n|t:|1771262398\n|move|p1b: Scizor|Bullet Punch|p2b: Regidrago\n|-crit|p2b: Regidrago\n|-damage|p2b: Regidrago|0 fnt\n|faint|p2b: Regidrago\n|\n|win|qwqwwqqwwq\n|raw|qwqwwqqwwq's rating: 1596 &rarr; <strong>1613</strong><br />(+17 for winning)\n|raw|silverledragon2's rating: 1547 &rarr; <strong>1530</strong><br />(-17 for losing)\n|l|☆qwqwwqqwwq\n|player|p1|\n", "uploadtime": 1771262726, "views": 4, "formatid": "gen9doublesou", "rating": 1530, "private": 0, "password": null}