{"id": "gen9doublesou-2540695232", "format": "[Gen 9] Doubles OU", "players": ["GTG_95", "durigreen"], "log": "|j|☆GTG_95\n|j|☆durigreen\n|t:|1771241636\n|gametype|doubles\n|player|p1|GTG_95|eusine|1608\n|player|p2|durigreen|101|1595\n|gen|9\n|tier|[Gen 9] Doubles OU\n|rated|\n|rule|HP Percentage Mod: HP is shown in percentages\n|rule|Endless Battle Clause: Forcing endless battles is banned\n|rule|Species Clause: Limit one of each Pokémon\n|rule|OHKO Clause: OHKO moves are banned\n|rule|Evasion Moves Clause: Evasion moves are banned\n|rule|Gravity Sleep Clause: The combination of sleep-inducing moves with imperfect accuracy and Gravity or Gigantamax Orbeetle are banned\n|rule|Evasion Abilities Clause: Evasion abilities are banned\n|clearpoke\n|poke|p1|Chien-Pao|\n|poke|p1|Walking Wake|\n|poke|p1|Landorus-Therian, M|\n|poke|p1|Dragonite, F|\n|poke|p1|Garchomp, M|\n|poke|p1|Tornadus, M|\n|poke|p2|Indeedee-F, F|\n|poke|p2|Oranguru, M|\n|poke|p2|Ursaluna-Bloodmoon, M|\n|poke|p2|Hatterene, F|\n|poke|p2|Torkoal, F|\n|poke|p2|Incineroar, F|\n|teampreview\n|\n|t:|1771241654\n|teamsize|p1|6\n|teamsize|p2|6\n|start\n|switch|p1a: Chien-Pao|Chien-Pao|100/100\n|switch|p1b: Dragonite|Dragonite, F, shiny|100/100\n|switch|p2a: Oranguru|Oranguru, M|100/100\n|switch|p2b: Ursaluna|Ursaluna-Bloodmoon, M|100/100\n|-ability|p1a: Chien-Pao|Sword of Ruin\n|turn|1\n|\n|t:|1771241675\n|-terastallize|p2a: Oranguru|Fairy\n|move|p2b: Ursaluna|Protect|p2b: Ursaluna\n|-singleturn|p2b: Ursaluna|Protect\n|move|p1a: Chien-Pao|Throat Chop|p2a: Oranguru\n|-resisted|p2a: Oranguru\n|-damage|p2a: Oranguru|83/100\n|-start|p2a: Oranguru|Throat Chop|[silent]\n|move|p1b: Dragonite|Ice Spinner|p2a: Oranguru\n|-damage|p2a: Oranguru|38/100\n|move|p2a: Oranguru|Trick Room|p2a: Oranguru\n|-fieldstart|move: Trick Room|[of] p2a: Oranguru\n|\n|upkeep\n|turn|2\n|\n|t:|1771241696\n|switch|p1b: Garchomp|Garchomp, M|100/100\n|move|p2b: Ursaluna|Hyper Voice|p1b: Garchomp|[spread] p1a,p1b\n|-damage|p1a: Chien-Pao|42/100\n|-damage|p1b: Garchomp|62/100\n|-enditem|p2b: Ursaluna|Throat Spray\n|-boost|p2b: Ursaluna|spa|1|[from] item: Throat Spray\n|move|p2a: Oranguru|Instruct|p2b: Ursaluna\n|-singleturn|p2b: Ursaluna|move: Instruct|[of] p2a: Oranguru\n|move|p2b: Ursaluna|Hyper Voice|p1b: Garchomp|[spread] p1a,p1b\n|-damage|p1a: Chien-Pao|0 fnt\n|-damage|p1b: Garchomp|10/100\n|faint|p1a: Chien-Pao\n|\n|-end|p2a: Oranguru|Throat Chop|[silent]\n|upkeep\n|\n|t:|1771241702\n|switch|p1a: Dragonite|Dragonite, F, shiny|100/100\n|turn|3\n|\n|t:|1771241716\n|move|p1a: Dragonite|Extreme Speed|p2a: Oranguru\n|-damage|p2a: Oranguru|1/100\n|move|p2b: Ursaluna|Hyper Voice|p1b: Garchomp|[spread] p1a,p1b\n|-damage|p1a: Dragonite|42/100\n|-damage|p1b: Garchomp|0 fnt\n|faint|p1b: Garchomp\n|move|p2a: Oranguru|Instruct|p2b: Ursaluna\n|-singleturn|p2b: Ursaluna|move: Instruct|[of] p2a: Oranguru\n|move|p2b: Ursaluna|Hyper Voice|p1a: Dragonite\n|-damage|p1a: Dragonite|0 fnt\n|faint|p1a: Dragonite\n|\n|upkeep\n|\n|t:|1771241726\n|switch|p1b: Landorus|Landorus-Therian, M|100/100\n|switch|p1a: Walking Wake|Walking Wake|100/100\n|-ability|p1b: Landorus|Intimidate|boost\n|-fail|p2a: Oranguru|unboost|Attack|[from] ability: Inner Focus|[of] p2a: Oranguru\n|-unboost|p2b: Ursaluna|atk|1\n|-enditem|p1a: Walking Wake|Booster Energy\n|-activate|p1a: Walking Wake|ability: Protosynthesis|[fromitem]\n|-start|p1a: Walking Wake|protosynthesisspa\n|turn|4\n|\n|t:|1771241737\n|move|p1a: Walking Wake|Protect|p1a: Walking Wake\n|-singleturn|p1a: Walking Wake|Protect\n|move|p2b: Ursaluna|Hyper Voice|p1a: Walking Wake|[spread] p1b\n|-activate|p1a: Walking Wake|move: Protect\n|-damage|p1b: Landorus|25/100\n|move|p2a: Oranguru|Instruct|p2b: Ursaluna\n|-singleturn|p2b: Ursaluna|move: Instruct|[of] p2a: Oranguru\n|move|p2b: Ursaluna|Hyper Voice|p1a: Walking Wake|[spread] p1b\n|-activate|p1a: Walking Wake|move: Protect\n|-damage|p1b: Landorus|0 fnt\n|faint|p1b: Landorus\n|\n|upkeep\n|\n|t:|1771241740\n|switch|p1b: Tornadus|Tornadus, M|100/100\n|turn|5\n|\n|t:|1771241747\n|move|p1b: Tornadus|Protect|p1b: Tornadus\n|-singleturn|p1b: Tornadus|Protect\n|move|p1a: Walking Wake|Protect||[still]\n|-fail|p1a: Walking Wake\n|move|p2b: Ursaluna|Hyper Voice|p1a: Walking Wake|[spread] p1a\n|-activate|p1b: Tornadus|move: Protect\n|-damage|p1a: Walking Wake|26/100\n|move|p2a: Oranguru|Instruct|p2b: Ursaluna\n|-singleturn|p2b: Ursaluna|move: Instruct|[of] p2a: Oranguru\n|move|p2b: Ursaluna|Hyper Voice|p1b: Tornadus|[spread] p1a\n|-activate|p1b: Tornadus|move: Protect\n|-damage|p1a: Walking Wake|0 fnt\n|faint|p1a: Walking Wake\n|-end|p1a: Walking Wake|Protosynthesis|[silent]\n|\n|-fieldend|move: Trick Room\n|upkeep\n|turn|6\n|-message|GTG_95 forfeited.\n|\n|win|durigreen\n|raw|GTG_95's rating: 1608 &rarr; <strong>1587</strong><br />(-21 for losing)\n|raw|durigreen's rating: 1595 &rarr; <strong>1616</strong><br />(+21 for winning)\n|l|☆GTG_95\n|player|p1|\n|l|☆durigreen\n|player|p2|\n", "uploadtime": 1771242078, "views": 10, "formatid": "gen9doublesou", "rating": 1587, "private": 0, "password": null}