{"id": "gen9doublesou-2539918909", "format": "[Gen 9] Doubles OU", "players": ["ismelllikesocksbro", "can i spectate"], "log": "|j|☆ismelllikesocksbro\n|j|☆can i spectate\n|t:|1771127140\n|gametype|doubles\n|player|p1|ismelllikesocksbro|wallace|1634\n|player|p2|can i spectate|liko|1645\n|gen|9\n|tier|[Gen 9] Doubles OU\n|rated|\n|rule|HP Percentage Mod: HP is shown in percentages\n|rule|Endless Battle Clause: Forcing endless battles is banned\n|rule|Species Clause: Limit one of each Pokémon\n|rule|OHKO Clause: OHKO moves are banned\n|rule|Evasion Moves Clause: Evasion moves are banned\n|rule|Gravity Sleep Clause: The combination of sleep-inducing moves with imperfect accuracy and Gravity or Gigantamax Orbeetle are banned\n|rule|Evasion Abilities Clause: Evasion abilities are banned\n|clearpoke\n|poke|p1|Chien-Pao|\n|poke|p1|Glimmora, F|\n|poke|p1|Volcarona, F|\n|poke|p1|Dragonite, F|\n|poke|p1|Ting-Lu|\n|poke|p1|Gouging Fire|\n|poke|p2|Ninetales-Alola, F|\n|poke|p2|Kyurem|\n|poke|p2|Arcanine-Hisui, M|\n|poke|p2|Raging Bolt|\n|poke|p2|Ogerpon-Wellspring, F|\n|poke|p2|Landorus, M|\n|teampreview\n|inactive|Battle timer is ON: inactive players will automatically lose when time's up. (requested by ismelllikesocksbro)\n|j| ZHAJWKMSKORUPI\n|c|☆ismelllikesocksbro|gl hf\n|l| ZHAJWKMSKORUPI\n|\n|t:|1771127168\n|teamsize|p1|6\n|teamsize|p2|6\n|start\n|switch|p1a: Glimmora|Glimmora, F|100/100\n|switch|p1b: Ting-Lu|Ting-Lu|100/100\n|switch|p2a: Ninetales|Ninetales-Alola, F|100/100\n|switch|p2b: Kyurem|Kyurem|100/100\n|-weather|Snowscape|[from] ability: Snow Warning|[of] p2a: Ninetales\n|-ability|p2b: Kyurem|Pressure\n|-ability|p1b: Ting-Lu|Vessel of Ruin\n|turn|1\n|\n|t:|1771127186\n|move|p2a: Ninetales|Aurora Veil|p2a: Ninetales\n|-sidestart|p2: can i spectate|move: Aurora Veil\n|move|p2b: Kyurem|Blizzard|p1a: Glimmora|[spread] p1a,p1b\n|-supereffective|p1b: Ting-Lu\n|-damage|p1a: Glimmora|38/100\n|-damage|p1b: Ting-Lu|35/100\n|move|p1a: Glimmora|Mortal Spin|p2b: Kyurem|[spread] p2a,p2b\n|-supereffective|p2a: Ninetales\n|-damage|p2a: Ninetales|96/100\n|-damage|p2b: Kyurem|98/100\n|-status|p2a: Ninetales|psn\n|-status|p2b: Kyurem|psn\n|move|p1b: Ting-Lu|Spikes|p2a: Ninetales\n|-sidestart|p2: can i spectate|Spikes\n|\n|-weather|Snowscape|[upkeep]\n|-heal|p1b: Ting-Lu|41/100|[from] item: Leftovers\n|-damage|p2a: Ninetales|83/100 psn|[from] psn\n|-damage|p2b: Kyurem|86/100 psn|[from] psn\n|upkeep\n|turn|2\n|\n|t:|1771127211\n|switch|p1b: Volcarona|Volcarona, F|100/100\n|move|p2a: Ninetales|Helping Hand|p2b: Kyurem\n|-singleturn|p2b: Kyurem|Helping Hand|[of] p2a: Ninetales\n|move|p2b: Kyurem|Blizzard|p1a: Glimmora|[spread] p1a,p1b\n|-resisted|p1b: Volcarona\n|-damage|p1a: Glimmora|0 fnt\n|-damage|p1b: Volcarona|49/100\n|faint|p1a: Glimmora\n|\n|-weather|Snowscape|[upkeep]\n|-heal|p1b: Volcarona|56/100|[from] item: Leftovers\n|-damage|p2a: Ninetales|71/100 psn|[from] psn\n|-damage|p2b: Kyurem|74/100 psn|[from] psn\n|upkeep\n|\n|t:|1771127217\n|switch|p1a: Ting-Lu|Ting-Lu|41/100\n|-ability|p1a: Ting-Lu|Vessel of Ruin\n|turn|3\n|\n|t:|1771127223\n|move|p2a: Ninetales|Helping Hand|p2b: Kyurem\n|-singleturn|p2b: Kyurem|Helping Hand|[of] p2a: Ninetales\n|move|p2b: Kyurem|Blizzard|p1a: Ting-Lu|[spread] p1a,p1b\n|-supereffective|p1a: Ting-Lu\n|-resisted|p1b: Volcarona\n|-damage|p1a: Ting-Lu|0 fnt\n|-damage|p1b: Volcarona|18/100\n|faint|p1a: Ting-Lu\n|move|p1b: Volcarona|Quiver Dance|p1b: Volcarona\n|-boost|p1b: Volcarona|spa|1\n|-boost|p1b: Volcarona|spd|1\n|-boost|p1b: Volcarona|spe|1\n|\n|-weather|Snowscape|[upkeep]\n|-heal|p1b: Volcarona|24/100|[from] item: Leftovers\n|-damage|p2a: Ninetales|59/100 psn|[from] psn\n|-damage|p2b: Kyurem|62/100 psn|[from] psn\n|upkeep\n|\n|t:|1771127229\n|switch|p1a: Dragonite|Dragonite, F|100/100\n|turn|4\n|\n|t:|1771127238\n|-terastallize|p1b: Volcarona|Dragon\n|move|p1a: Dragonite|Extreme Speed|p2a: Ninetales\n|-damage|p2a: Ninetales|32/100 psn\n|move|p1b: Volcarona|Tera Blast|p2b: Kyurem|[anim] Tera Blast Dragon\n|-supereffective|p2b: Kyurem\n|-damage|p2b: Kyurem|0 fnt\n|faint|p2b: Kyurem\n|move|p2a: Ninetales|Blizzard|p1b: Volcarona|[spread] p1a,p1b\n|-supereffective|p1a: Dragonite\n|-supereffective|p1b: Volcarona\n|-damage|p1a: Dragonite|12/100\n|-damage|p1b: Volcarona|0 fnt\n|faint|p1b: Volcarona\n|\n|-weather|Snowscape|[upkeep]\n|-damage|p2a: Ninetales|20/100 psn|[from] psn\n|upkeep\n|\n|t:|1771127253\n|switch|p2b: Arcanine|Arcanine-Hisui, M|100/100\n|switch|p1b: Chien-Pao|Chien-Pao|100/100\n|-ability|p1b: Chien-Pao|Sword of Ruin\n|-damage|p2b: Arcanine|88/100|[from] Spikes\n|-ability|p2b: Arcanine|Intimidate|boost\n|-fail|p1a: Dragonite|unboost|Attack|[from] ability: Inner Focus|[of] p1a: Dragonite\n|-unboost|p1b: Chien-Pao|atk|1\n|turn|5\n|\n|t:|1771127263\n|switch|p1a: Gouging Fire|Gouging Fire|100/100\n|-enditem|p1a: Gouging Fire|Booster Energy\n|-activate|p1a: Gouging Fire|ability: Protosynthesis|[fromitem]\n|-start|p1a: Gouging Fire|protosynthesisspe\n|move|p1b: Chien-Pao|Protect|p1b: Chien-Pao\n|-singleturn|p1b: Chien-Pao|Protect\n|move|p2b: Arcanine|Extreme Speed|p1a: Gouging Fire\n|-damage|p1a: Gouging Fire|56/100\n|move|p2a: Ninetales|Moonblast|p1b: Chien-Pao\n|-activate|p1b: Chien-Pao|move: Protect\n|\n|-weather|none\n|-damage|p2a: Ninetales|8/100 psn|[from] psn\n|upkeep\n|turn|6\n|\n|t:|1771127285\n|switch|p2b: Ogerpon|Ogerpon-Wellspring, F|100/100\n|-damage|p2b: Ogerpon|88/100|[from] Spikes\n|move|p1a: Gouging Fire|Howl|p1a: Gouging Fire|[spread] p1a,p1b\n|-boost|p1a: Gouging Fire|atk|1\n|-boost|p1b: Chien-Pao|atk|1\n|move|p1b: Chien-Pao|Sacred Sword|p2b: Ogerpon\n|-damage|p2b: Ogerpon|57/100\n|move|p2a: Ninetales|Moonblast|p1b: Chien-Pao\n|-supereffective|p1b: Chien-Pao\n|-damage|p1b: Chien-Pao|15/100\n|\n|-damage|p2a: Ninetales|0 fnt|[from] psn\n|faint|p2a: Ninetales\n|upkeep\n|inactive|can i spectate has 120 seconds left.\n|\n|t:|1771127301\n|switch|p2a: Landorus|Landorus, M|100/100\n|turn|7\n|\n|t:|1771127307\n|move|p2b: Ogerpon|Follow Me|p2b: Ogerpon\n|-singleturn|p2b: Ogerpon|move: Follow Me\n|move|p1a: Gouging Fire|Breaking Swipe|p2a: Landorus|[spread] p2a,p2b\n|-damage|p2a: Landorus|72/100\n|-damage|p2b: Ogerpon|26/100\n|-unboost|p2a: Landorus|atk|1\n|-unboost|p2b: Ogerpon|atk|1\n|move|p1b: Chien-Pao|Ice Spinner|p2b: Ogerpon\n|-damage|p2b: Ogerpon|0 fnt\n|faint|p2b: Ogerpon\n|move|p2a: Landorus|Sandsear Storm|p1a: Gouging Fire|[spread] p1a,p1b\n|-supereffective|p1a: Gouging Fire\n|-damage|p1a: Gouging Fire|0 fnt\n|-damage|p1b: Chien-Pao|0 fnt\n|faint|p1a: Gouging Fire\n|-end|p1a: Gouging Fire|Protosynthesis|[silent]\n|faint|p1b: Chien-Pao\n|\n|upkeep\n|\n|t:|1771127320\n|switch|p1b: Dragonite|Dragonite, F|12/100\n|switch|p2b: Arcanine|Arcanine-Hisui, M|88/100\n|-damage|p2b: Arcanine|76/100|[from] Spikes\n|-ability|p2b: Arcanine|Intimidate|boost\n|-fail|p1b: Dragonite|unboost|Attack|[from] ability: Inner Focus|[of] p1b: Dragonite\n|turn|8\n|\n|t:|1771127327\n|-terastallize|p2b: Arcanine|Ghost\n|move|p1b: Dragonite|Extreme Speed|p2a: Landorus\n|-damage|p2a: Landorus|32/100\n|move|p2a: Landorus|Sludge Bomb|p1b: Dragonite\n|-damage|p1b: Dragonite|0 fnt\n|faint|p1b: Dragonite\n|\n|win|can i spectate\n|raw|ismelllikesocksbro's rating: 1634 &rarr; <strong>1615</strong><br />(-19 for losing)\n|raw|can i spectate's rating: 1645 &rarr; <strong>1664</strong><br />(+19 for winning)\n|l|☆ismelllikesocksbro\n|player|p1|\n|l|☆can i spectate\n|player|p2|\n", "uploadtime": 1771127647, "views": 19, "formatid": "gen9doublesou", "rating": 1615, "private": 0, "password": null}