{"id": "gen9doublesou-2540644212", "format": "[Gen 9] Doubles OU", "players": ["gonzafifa1999", "HeWhoSits"], "log": "|j|☆gonzafifa1999\n|j|☆HeWhoSits\n|t:|1771233091\n|gametype|doubles\n|player|p1|gonzafifa1999|102|1617\n|player|p2|HeWhoSits|fisherman|1545\n|gen|9\n|tier|[Gen 9] Doubles OU\n|rated|\n|rule|HP Percentage Mod: HP is shown in percentages\n|rule|Endless Battle Clause: Forcing endless battles is banned\n|rule|Species Clause: Limit one of each Pokémon\n|rule|OHKO Clause: OHKO moves are banned\n|rule|Evasion Moves Clause: Evasion moves are banned\n|rule|Gravity Sleep Clause: The combination of sleep-inducing moves with imperfect accuracy and Gravity or Gigantamax Orbeetle are banned\n|rule|Evasion Abilities Clause: Evasion abilities are banned\n|clearpoke\n|poke|p1|Incineroar, M|\n|poke|p1|Amoonguss, M|\n|poke|p1|Farigiraf, F|\n|poke|p1|Raging Bolt|\n|poke|p1|Ursaluna-Bloodmoon, M|\n|poke|p1|Torkoal, F|\n|poke|p2|Whimsicott, F|\n|poke|p2|Terrakion|\n|poke|p2|Farigiraf, F|\n|poke|p2|Torkoal, M|\n|poke|p2|Smeargle, M|\n|poke|p2|Sinistcha|\n|teampreview\n|inactive|Battle timer is ON: inactive players will automatically lose when time's up. (requested by HeWhoSits)\n|\n|t:|1771233099\n|teamsize|p1|6\n|teamsize|p2|6\n|start\n|switch|p1a: Farigiraf|Farigiraf, F|100/100\n|switch|p1b: Mi oro|Incineroar, M|100/100\n|switch|p2a: Indica|Farigiraf, F|100/100\n|switch|p2b: Bong|Torkoal, M|100/100\n|-ability|p1b: Mi oro|Intimidate|boost\n|-unboost|p2a: Indica|atk|1\n|-unboost|p2b: Bong|atk|1\n|-weather|SunnyDay|[from] ability: Drought|[of] p2b: Bong\n|turn|1\n|\n|t:|1771233114\n|move|p1b: Mi oro|Fake Out||[still]\n|cant|p2a: Indica|ability: Armor Tail|Fake Out|[of] p1b: Mi oro\n|move|p1a: Farigiraf|Hyper Voice|p2a: Indica|[spread] p2a,p2b\n|-damage|p2a: Indica|77/100\n|-damage|p2b: Bong|45/100\n|move|p2a: Indica|Imprison|p2a: Indica\n|-start|p2a: Indica|move: Imprison\n|move|p2b: Bong|Shell Smash|p2b: Bong\n|-unboost|p2b: Bong|def|1\n|-unboost|p2b: Bong|spd|1\n|-boost|p2b: Bong|atk|2\n|-boost|p2b: Bong|spa|2\n|-boost|p2b: Bong|spe|2\n|\n|-weather|SunnyDay|[upkeep]\n|upkeep\n|turn|2\n|\n|t:|1771233132\n|move|p2a: Indica|Helping Hand|p2b: Bong\n|-singleturn|p2b: Bong|Helping Hand|[of] p2a: Indica\n|move|p2b: Bong|Heat Wave|p1b: Mi oro|[spread] p1a,p1b\n|-resisted|p1b: Mi oro\n|-damage|p1a: Farigiraf|0 fnt\n|-damage|p1b: Mi oro|41/100\n|faint|p1a: Farigiraf\n|move|p1b: Mi oro|Knock Off|p2a: Indica\n|-supereffective|p2a: Indica\n|-enditem|p2a: Indica|Colbur Berry|[eat]\n|-enditem|p2a: Indica|Colbur Berry|[weaken]\n|-damage|p2a: Indica|37/100\n|\n|-weather|SunnyDay|[upkeep]\n|upkeep\n|\n|t:|1771233147\n|switch|p1a: Bigotes|Raging Bolt|100/100\n|-activate|p1a: Bigotes|ability: Protosynthesis\n|-start|p1a: Bigotes|protosynthesisspa\n|turn|3\n|\n|t:|1771233157\n|move|p2a: Indica|Helping Hand|p2b: Bong\n|-singleturn|p2b: Bong|Helping Hand|[of] p2a: Indica\n|move|p1a: Bigotes|Thunderclap||[still]\n|cant|p2a: Indica|ability: Armor Tail|Thunderclap|[of] p1a: Bigotes\n|move|p2b: Bong|Heat Wave|p1a: Bigotes|[spread] p1a,p1b\n|-resisted|p1a: Bigotes\n|-resisted|p1b: Mi oro\n|-damage|p1a: Bigotes|59/100\n|-damage|p1b: Mi oro|0 fnt\n|faint|p1b: Mi oro\n|\n|-weather|SunnyDay|[upkeep]\n|upkeep\n|\n|t:|1771233171\n|switch|p1b: Lita|Torkoal, F|100/100\n|turn|4\n|\n|t:|1771233184\n|-terastallize|p2b: Bong|Fire\n|move|p2a: Indica|Helping Hand|p2b: Bong\n|-singleturn|p2b: Bong|Helping Hand|[of] p2a: Indica\n|move|p1b: Lita|Protect|p1b: Lita\n|-singleturn|p1b: Lita|Protect\n|move|p2b: Bong|Heat Wave|p1a: Bigotes|[spread] p1a\n|-activate|p1b: Lita|move: Protect\n|-resisted|p1a: Bigotes\n|-damage|p1a: Bigotes|6/100\n|move|p1a: Bigotes|Dragon Pulse|p2b: Bong\n|-damage|p2b: Bong|0 fnt\n|faint|p2b: Bong\n|\n|-weather|SunnyDay|[upkeep]\n|upkeep\n|\n|t:|1771233197\n|switch|p2b: Stoner|Terrakion|100/100\n|turn|5\n|\n|t:|1771233218\n|move|p2a: Indica|Helping Hand|p2b: Stoner\n|-singleturn|p2b: Stoner|Helping Hand|[of] p2a: Indica\n|move|p2b: Stoner|Rock Slide|p1b: Lita|[spread] p1a,p1b\n|-supereffective|p1b: Lita\n|-damage|p1a: Bigotes|0 fnt\n|-damage|p1b: Lita|11/100\n|faint|p1a: Bigotes\n|-end|p1a: Bigotes|Protosynthesis|[silent]\n|move|p1b: Lita|Eruption|p2a: Indica|[spread] p2a,p2b\n|-resisted|p2b: Stoner\n|-damage|p2a: Indica|31/100\n|-damage|p2b: Stoner|95/100\n|\n|-weather|none\n|upkeep\n|\n|t:|1771233229\n|switch|p1a: Arrrr|Ursaluna-Bloodmoon, M|100/100\n|turn|6\n|\n|t:|1771233246\n|move|p2a: Indica|Helping Hand|p2b: Stoner\n|-singleturn|p2b: Stoner|Helping Hand|[of] p2a: Indica\n|move|p1b: Lita|Protect|p1b: Lita\n|-singleturn|p1b: Lita|Protect\n|move|p2b: Stoner|Rock Slide|p1a: Arrrr|[spread] p1a\n|-activate|p1b: Lita|move: Protect\n|-resisted|p1a: Arrrr\n|-damage|p1a: Arrrr|78/100\n|move|p1a: Arrrr|Earth Power|p2b: Stoner\n|-supereffective|p2b: Stoner\n|-damage|p2b: Stoner|0 fnt\n|faint|p2b: Stoner\n|\n|upkeep\n|\n|t:|1771233262\n|switch|p2b: Sativa|Whimsicott, F|100/100\n|turn|7\n|\n|t:|1771233277\n|move|p2b: Sativa|Tailwind|p2b: Sativa\n|-sidestart|p2: HeWhoSits|move: Tailwind\n|move|p2a: Indica|Expanding Force|p1b: Lita\n|-crit|p1b: Lita\n|-damage|p1b: Lita|0 fnt\n|faint|p1b: Lita\n|move|p1a: Arrrr|Hyper Voice|p2a: Indica|[spread] p2a,p2b\n|-damage|p2a: Indica|3/100\n|-damage|p2b: Sativa|35/100\n|\n|upkeep\n|\n|t:|1771233286\n|switch|p1b: Among us|Amoonguss, M|100/100\n|turn|8\n|\n|t:|1771233304\n|-terastallize|p1b: Among us|Dark\n|move|p2b: Sativa|Taunt|p1b: Among us\n|-hint|Since gen 7, Dark is immune to Prankster moves.\n|-immune|p1b: Among us\n|move|p2a: Indica|Expanding Force|p1b: Among us\n|-immune|p1b: Among us\n|move|p1a: Arrrr|Hyper Voice|p2a: Indica|[spread] p2a,p2b\n|-damage|p2a: Indica|0 fnt\n|-damage|p2b: Sativa|0 fnt\n|faint|p2a: Indica\n|faint|p2b: Sativa\n|move|p1b: Among us|Sludge Bomb|p2: Indica|[notarget]\n|-fail|p1b: Among us\n|\n|upkeep\n|\n|t:|1771233313\n|switch|p2b: Chasen|Sinistcha|100/100\n|switch|p2a: Sage|Smeargle, M|100/100\n|turn|9\n|\n|t:|1771233335\n|move|p1b: Among us|Rage Powder|p1b: Among us\n|-singleturn|p1b: Among us|move: Rage Powder\n|move|p2a: Sage|Spore|p1b: Among us\n|-status|p1b: Among us|slp|[from] move: Spore\n|move|p2b: Chasen|Matcha Gotcha|p1b: Among us|[spread] p1a,p1b\n|-supereffective|p1a: Arrrr\n|-crit|p1a: Arrrr\n|-damage|p1a: Arrrr|9/100\n|-damage|p1b: Among us|72/100 slp\n|move|p1a: Arrrr|Hyper Voice|p2a: Sage|[spread] p2a,p2b\n|-damage|p2a: Sage|21/100\n|-damage|p2b: Chasen|53/100\n|\n|-ability|p2a: Sage|Moody|boost\n|-boost|p2a: Sage|spa|2\n|-unboost|p2a: Sage|spe|1\n|upkeep\n|turn|10\n|\n|t:|1771233356\n|move|p1a: Arrrr|Vacuum Wave|p2a: Sage\n|-supereffective|p2a: Sage\n|-damage|p2a: Sage|0 fnt\n|faint|p2a: Sage\n|move|p2b: Chasen|Matcha Gotcha|p1a: Arrrr|[spread] p1a,p1b\n|-supereffective|p1a: Arrrr\n|-damage|p1a: Arrrr|0 fnt\n|-heal|p2b: Chasen|59/100|[from] drain|[of] p1a: Arrrr\n|-damage|p1b: Among us|48/100 slp\n|-heal|p2b: Chasen|74/100|[from] drain|[of] p1b: Among us\n|-enditem|p1b: Among us|Sitrus Berry|[eat]\n|-heal|p1b: Among us|73/100 slp|[from] item: Sitrus Berry\n|faint|p1a: Arrrr\n|cant|p1b: Among us|slp\n|\n|-sideend|p2: HeWhoSits|move: Tailwind\n|upkeep\n|turn|11\n|\n|t:|1771233373\n|move|p2b: Chasen|Nasty Plot|p2b: Chasen\n|-boost|p2b: Chasen|spa|2\n|cant|p1b: Among us|slp\n|\n|upkeep\n|turn|12\n|\n|t:|1771233380\n|move|p2b: Chasen|Matcha Gotcha|p1b: Among us\n|-damage|p1b: Among us|0 fnt\n|-heal|p2b: Chasen|100/100|[from] drain|[of] p1b: Among us\n|faint|p1b: Among us\n|\n|win|HeWhoSits\n|raw|gonzafifa1999's rating: 1617 &rarr; <strong>1593</strong><br />(-24 for losing)\n|raw|HeWhoSits's rating: 1545 &rarr; <strong>1569</strong><br />(+24 for winning)\n|l|☆HeWhoSits\n|player|p2|\n|l|☆gonzafifa1999\n|player|p1|\n", "uploadtime": 1771233773, "views": 12, "formatid": "gen9doublesou", "rating": 1569, "private": 0, "password": null}