{"id": "gen9doublesou-2540799311", "format": "[Gen 9] Doubles OU", "players": ["lucus27", "mrae15"], "log": "|j|☆lucus27\n|j|☆mrae15\n|t:|1771255256\n|gametype|doubles\n|player|p1|lucus27|lucas|1611\n|player|p2|mrae15|2|1522\n|gen|9\n|tier|[Gen 9] Doubles OU\n|rated|\n|rule|HP Percentage Mod: HP is shown in percentages\n|rule|Endless Battle Clause: Forcing endless battles is banned\n|rule|Species Clause: Limit one of each Pokémon\n|rule|OHKO Clause: OHKO moves are banned\n|rule|Evasion Moves Clause: Evasion moves are banned\n|rule|Gravity Sleep Clause: The combination of sleep-inducing moves with imperfect accuracy and Gravity or Gigantamax Orbeetle are banned\n|rule|Evasion Abilities Clause: Evasion abilities are banned\n|clearpoke\n|poke|p1|Hydreigon, M|\n|poke|p1|Goodra-Hisui, F|\n|poke|p1|Ninetales-Alola, F|\n|poke|p1|Gastrodon-East, F|\n|poke|p1|Corviknight, F|\n|poke|p1|Tauros-Paldea-Blaze, M|\n|poke|p2|Amoonguss, M|\n|poke|p2|Farigiraf, F|\n|poke|p2|Incineroar, F|\n|poke|p2|Ursaluna-Bloodmoon, M|\n|poke|p2|Snorlax, F|\n|poke|p2|Cresselia, F|\n|teampreview\n|\n|t:|1771255268\n|teamsize|p1|6\n|teamsize|p2|6\n|start\n|switch|p1a: Hydreigon|Hydreigon, M|100/100\n|switch|p1b: Corviknight|Corviknight, F, shiny|100/100\n|switch|p2a: Farigiraf|Farigiraf, F, shiny|100/100\n|switch|p2b: Incineroar|Incineroar, F, shiny|100/100\n|-ability|p2b: Incineroar|Intimidate|boost\n|-unboost|p1a: Hydreigon|atk|1\n|-ability|p1b: Corviknight|Mirror Armor\n|-unboost|p2b: Incineroar|atk|1\n|turn|1\n|\n|t:|1771255295\n|move|p2b: Incineroar|Fake Out|p1a: Hydreigon\n|-damage|p1a: Hydreigon|89/100\n|move|p1b: Corviknight|Iron Head|p2a: Farigiraf\n|-crit|p2a: Farigiraf\n|-damage|p2a: Farigiraf|51/100\n|cant|p1a: Hydreigon|flinch\n|cant|p2a: Farigiraf|flinch\n|\n|upkeep\n|turn|2\n|\n|t:|1771255311\n|-terastallize|p2a: Farigiraf|Fire\n|move|p1a: Hydreigon|Snarl|p2b: Incineroar|[spread] p2a,p2b\n|-resisted|p2b: Incineroar\n|-damage|p2a: Farigiraf|30/100\n|-damage|p2b: Incineroar|91/100\n|-unboost|p2a: Farigiraf|spa|1\n|move|p1b: Corviknight|Body Press|p2a: Farigiraf\n|-damage|p2a: Farigiraf|1/100\n|move|p2b: Incineroar|Flare Blitz|p1b: Corviknight\n|-supereffective|p1b: Corviknight\n|-damage|p1b: Corviknight|45/100\n|-damage|p2b: Incineroar|75/100|[from] item: Rocky Helmet|[of] p1b: Corviknight\n|-damage|p2b: Incineroar|58/100|[from] Recoil\n|move|p2a: Farigiraf|Trick Room|p2a: Farigiraf\n|-fieldstart|move: Trick Room|[of] p2a: Farigiraf\n|\n|upkeep\n|turn|3\n|\n|t:|1771255332\n|move|p2a: Farigiraf|Dazzling Gleam|p1b: Corviknight|[spread] p1a,p1b\n|-supereffective|p1a: Hydreigon\n|-resisted|p1b: Corviknight\n|-damage|p1a: Hydreigon|45/100\n|-damage|p1b: Corviknight|38/100\n|move|p2b: Incineroar|Flare Blitz|p1b: Corviknight\n|-supereffective|p1b: Corviknight\n|-damage|p1b: Corviknight|0 fnt\n|-damage|p2b: Incineroar|41/100|[from] item: Rocky Helmet|[of] p1b: Corviknight\n|faint|p1b: Corviknight\n|-damage|p2b: Incineroar|29/100|[from] Recoil\n|move|p1a: Hydreigon|Snarl|p2a: Farigiraf|[spread] p2a,p2b\n|-resisted|p2b: Incineroar\n|-damage|p2a: Farigiraf|0 fnt\n|-damage|p2b: Incineroar|20/100\n|faint|p2a: Farigiraf\n|\n|upkeep\n|\n|t:|1771255355\n|switch|p2a: Amoonguss|Amoonguss, M, shiny|100/100\n|switch|p1b: Goodra|Goodra-Hisui, F|100/100\n|turn|4\n|\n|t:|1771255377\n|move|p2a: Amoonguss|Spore|p1a: Hydreigon\n|-status|p1a: Hydreigon|slp|[from] move: Spore\n|move|p2b: Incineroar|Parting Shot|p1a: Hydreigon\n|-unboost|p1a: Hydreigon|atk|1\n|-unboost|p1a: Hydreigon|spa|1\n|\n|t:|1771255384\n|switch|p2b: Snorlax|Snorlax, F|100/100|[from] Parting Shot\n|move|p1b: Goodra|Ice Beam|p2a: Amoonguss\n|-supereffective|p2a: Amoonguss\n|-damage|p2a: Amoonguss|44/100\n|cant|p1a: Hydreigon|slp\n|\n|upkeep\n|turn|5\n|\n|t:|1771255399\n|move|p2b: Snorlax|Belly Drum|p2b: Snorlax\n|-damage|p2b: Snorlax|50/100\n|-setboost|p2b: Snorlax|atk|6|[from] move: Belly Drum\n|-enditem|p2b: Snorlax|Figy Berry|[eat]\n|-heal|p2b: Snorlax|84/100|[from] item: Figy Berry\n|move|p2a: Amoonguss|Spore|p1b: Goodra\n|-ability|p1b: Goodra|Sap Sipper|boost\n|-boost|p1b: Goodra|atk|1\n|move|p1b: Goodra|Ice Beam|p2a: Amoonguss\n|-supereffective|p2a: Amoonguss\n|-damage|p2a: Amoonguss|0 fnt\n|faint|p2a: Amoonguss\n|cant|p1a: Hydreigon|slp\n|\n|upkeep\n|\n|t:|1771255413\n|switch|p2a: Incineroar|Incineroar, F, shiny|20/100\n|-ability|p2a: Incineroar|Intimidate|boost\n|-unboost|p1a: Hydreigon|atk|1\n|-unboost|p1b: Goodra|atk|1\n|turn|6\n|\n|t:|1771255423\n|move|p2a: Incineroar|Fake Out|p1b: Goodra\n|-resisted|p1b: Goodra\n|-damage|p1b: Goodra|94/100\n|move|p2b: Snorlax|Facade|p1a: Hydreigon\n|-damage|p1a: Hydreigon|0 fnt\n|faint|p1a: Hydreigon\n|cant|p1b: Goodra|flinch\n|\n|-fieldend|move: Trick Room\n|upkeep\n|\n|t:|1771255432\n|switch|p1a: Tauros|Tauros-Paldea-Blaze, M|100/100\n|-ability|p1a: Tauros|Intimidate|boost\n|-unboost|p2a: Incineroar|atk|1\n|-unboost|p2b: Snorlax|atk|1\n|turn|7\n|\n|t:|1771255457\n|switch|p2b: Cresselia|Cresselia, F|100/100\n|move|p1a: Tauros|Close Combat|p2b: Cresselia\n|-resisted|p2b: Cresselia\n|-damage|p2b: Cresselia|81/100\n|-unboost|p1a: Tauros|def|1\n|-unboost|p1a: Tauros|spd|1\n|move|p1b: Goodra|Dragon Pulse|p2b: Cresselia\n|-damage|p2b: Cresselia|55/100\n|move|p2a: Incineroar|Parting Shot|p1a: Tauros\n|-fail|p1a: Tauros|unboost|[from] item: Clear Amulet|[of] p1a: Tauros\n|\n|upkeep\n|turn|8\n|\n|t:|1771255474\n|move|p1a: Tauros|Raging Bull|p2b: Cresselia\n|-damage|p2b: Cresselia|24/100\n|move|p1b: Goodra|Flash Cannon|p2b: Cresselia\n|-damage|p2b: Cresselia|0 fnt\n|faint|p2b: Cresselia\n|move|p2a: Incineroar|Parting Shot|p1b: Goodra\n|-unboost|p1b: Goodra|atk|1\n|-unboost|p1b: Goodra|spa|1\n|\n|t:|1771255485\n|switch|p2a: Ursaluna|Ursaluna-Bloodmoon, M|100/100|[from] Parting Shot\n|\n|upkeep\n|\n|t:|1771255489\n|switch|p2b: Incineroar|Incineroar, F, shiny|20/100\n|-ability|p2b: Incineroar|Intimidate|boost\n|-fail|p1a: Tauros|unboost|[from] item: Clear Amulet|[of] p1a: Tauros\n|-unboost|p1b: Goodra|atk|1\n|turn|9\n|\n|t:|1771255496\n|move|p1a: Tauros|Protect|p1a: Tauros\n|-singleturn|p1a: Tauros|Protect\n|move|p2b: Incineroar|Fake Out|p1a: Tauros\n|-activate|p1a: Tauros|move: Protect\n|move|p1b: Goodra|Dragon Pulse|p2b: Incineroar\n|-crit|p2b: Incineroar\n|-damage|p2b: Incineroar|0 fnt\n|faint|p2b: Incineroar\n|move|p2a: Ursaluna|Earth Power|p1a: Tauros\n|-activate|p1a: Tauros|move: Protect\n|\n|upkeep\n|\n|t:|1771255507\n|switch|p2b: Snorlax|Snorlax, F|84/100\n|turn|10\n|\n|t:|1771255517\n|move|p1a: Tauros|Close Combat|p2b: Snorlax\n|-supereffective|p2b: Snorlax\n|-damage|p2b: Snorlax|0 fnt\n|-unboost|p1a: Tauros|def|1\n|-unboost|p1a: Tauros|spd|1\n|faint|p2b: Snorlax\n|move|p1b: Goodra|Flash Cannon|p2a: Ursaluna\n|-damage|p2a: Ursaluna|81/100\n|move|p2a: Ursaluna|Earth Power|p1a: Tauros\n|-supereffective|p1a: Tauros\n|-crit|p1a: Tauros\n|-damage|p1a: Tauros|0 fnt\n|faint|p1a: Tauros\n|\n|upkeep\n|\n|t:|1771255530\n|switch|p1a: Ninetales|Ninetales-Alola, F, shiny|100/100\n|-weather|Snowscape|[from] ability: Snow Warning|[of] p1a: Ninetales\n|turn|11\n|\n|t:|1771255543\n|move|p1a: Ninetales|Blizzard|p2a: Ursaluna\n|-supereffective|p2a: Ursaluna\n|-damage|p2a: Ursaluna|23/100\n|move|p1b: Goodra|Ice Beam|p2a: Ursaluna\n|-supereffective|p2a: Ursaluna\n|-damage|p2a: Ursaluna|0 fnt\n|faint|p2a: Ursaluna\n|\n|win|lucus27\n|raw|lucus27's rating: 1611 &rarr; <strong>1626</strong><br />(+15 for winning)\n|raw|mrae15's rating: 1522 &rarr; <strong>1507</strong><br />(-15 for losing)\n|l|☆mrae15\n|player|p2|\n|l|☆lucus27\n|player|p1|\n", "uploadtime": 1771255872, "views": 6, "formatid": "gen9doublesou", "rating": 1507, "private": 0, "password": null}