{"id": "gen9doublesou-2539901282", "format": "[Gen 9] Doubles OU", "players": ["123abv", "Alex7029"], "log": "|j|☆123abv\n|j|☆Alex7029\n|t:|1771124587\n|gametype|doubles\n|player|p1|123abv|lady|1547\n|player|p2|Alex7029|170|1577\n|gen|9\n|tier|[Gen 9] Doubles OU\n|rated|\n|rule|HP Percentage Mod: HP is shown in percentages\n|rule|Endless Battle Clause: Forcing endless battles is banned\n|rule|Species Clause: Limit one of each Pokémon\n|rule|OHKO Clause: OHKO moves are banned\n|rule|Evasion Moves Clause: Evasion moves are banned\n|rule|Gravity Sleep Clause: The combination of sleep-inducing moves with imperfect accuracy and Gravity or Gigantamax Orbeetle are banned\n|rule|Evasion Abilities Clause: Evasion abilities are banned\n|clearpoke\n|poke|p1|Gholdengo|\n|poke|p1|Ogerpon-Wellspring, F|\n|poke|p1|Okidogi, M|\n|poke|p1|Moltres-Galar|\n|poke|p1|Sinistcha|\n|poke|p1|Ninetales-Alola, M|\n|poke|p2|Kommo-o, M|\n|poke|p2|Amoonguss, F|\n|poke|p2|Gholdengo|\n|poke|p2|Incineroar, F|\n|poke|p2|Rillaboom, M|\n|poke|p2|Porygon2|\n|teampreview\n|inactive|Battle timer is ON: inactive players will automatically lose when time's up. (requested by 123abv)\n|\n|t:|1771124624\n|teamsize|p1|6\n|teamsize|p2|6\n|start\n|switch|p1a: Ninetales|Ninetales-Alola, M|100/100\n|switch|p1b: Okidogi|Okidogi, M|100/100\n|switch|p2a: Porygon2|Porygon2|100/100\n|switch|p2b: Gholdengo|Gholdengo|100/100\n|-weather|Snowscape|[from] ability: Snow Warning|[of] p1a: Ninetales\n|-ability|p2a: Porygon2|Download|boost\n|-boost|p2a: Porygon2|spa|1\n|turn|1\n|j| AwesomeBD1909\n|inactive|123abv has 120 seconds left.\n|inactive|Alex7029 has 120 seconds left.\n|\n|t:|1771124675\n|switch|p1b: Sinistcha|Sinistcha|100/100\n|-terastallize|p2a: Porygon2|Ghost\n|move|p1a: Ninetales|Aurora Veil|p1a: Ninetales\n|-sidestart|p1: 123abv|move: Aurora Veil\n|move|p2b: Gholdengo|Make It Rain|p1a: Ninetales|[spread] p1a,p1b\n|-supereffective|p1a: Ninetales\n|-damage|p1a: Ninetales|0 fnt\n|-damage|p1b: Sinistcha|72/100\n|-unboost|p2b: Gholdengo|spa|1\n|faint|p1a: Ninetales\n|move|p2a: Porygon2|Trick Room|p2a: Porygon2\n|-fieldstart|move: Trick Room|[of] p2a: Porygon2\n|\n|-weather|Snowscape|[upkeep]\n|upkeep\n|\n|t:|1771124697\n|switch|p1a: Gholdengo|Gholdengo, shiny|100/100\n|turn|2\n|inactive|123abv has 120 seconds left.\n|\n|t:|1771124707\n|move|p1b: Sinistcha|Rage Powder|p1b: Sinistcha\n|-singleturn|p1b: Sinistcha|move: Rage Powder\n|move|p2a: Porygon2|Shadow Ball|p1b: Sinistcha\n|-supereffective|p1b: Sinistcha\n|-damage|p1b: Sinistcha|2/100\n|-unboost|p1b: Sinistcha|spd|1\n|-enditem|p1b: Sinistcha|Sitrus Berry|[eat]\n|-heal|p1b: Sinistcha|27/100|[from] item: Sitrus Berry\n|move|p1a: Gholdengo|Shadow Ball|p2b: Gholdengo\n|-supereffective|p2b: Gholdengo\n|-enditem|p2b: Gholdengo|Focus Sash\n|-damage|p2b: Gholdengo|1/100\n|-unboost|p2b: Gholdengo|spd|1\n|move|p2b: Gholdengo|Shadow Ball|p1b: Sinistcha\n|-supereffective|p1b: Sinistcha\n|-damage|p1b: Sinistcha|0 fnt\n|faint|p1b: Sinistcha\n|\n|-weather|Snowscape|[upkeep]\n|upkeep\n|inactive|123abv has 120 seconds left.\n|\n|t:|1771124723\n|switch|p1b: Moltres|Moltres-Galar|100/100\n|turn|3\n|\n|t:|1771124733\n|switch|p2a: Incineroar|Incineroar, F|100/100\n|-ability|p2a: Incineroar|Intimidate|boost\n|-unboost|p1a: Gholdengo|atk|1\n|-unboost|p1b: Moltres|atk|1\n|switch|p1a: Okidogi|Okidogi, M|100/100\n|-terastallize|p1b: Moltres|Fairy\n|move|p1b: Moltres|Fiery Wrath|p2b: Gholdengo|[spread] p2a,p2b\n|-resisted|p2a: Incineroar\n|-supereffective|p2b: Gholdengo\n|-damage|p2a: Incineroar|90/100\n|-damage|p2b: Gholdengo|0 fnt\n|faint|p2b: Gholdengo\n|\n|-weather|Snowscape|[upkeep]\n|upkeep\n|\n|t:|1771124746\n|switch|p2b: Amoonguss|Amoonguss, F|100/100\n|turn|4\n|inactive|123abv has 120 seconds left.\n|\n|t:|1771124776\n|switch|p1b: Gholdengo|Gholdengo, shiny|100/100\n|move|p1a: Okidogi|Upper Hand||[still]\n|-fail|p1a: Okidogi\n|move|p2b: Amoonguss|Spore|p1b: Gholdengo\n|-immune|p1b: Gholdengo|[from] ability: Good as Gold\n|move|p2a: Incineroar|Flare Blitz|p1a: Okidogi\n|-damage|p1a: Okidogi|77/100\n|-damage|p2a: Incineroar|83/100|[from] Recoil\n|\n|-weather|Snowscape|[upkeep]\n|upkeep\n|turn|5\n|\n|t:|1771124804\n|switch|p2a: Rillaboom|Rillaboom, M|100/100\n|-fieldstart|move: Grassy Terrain|[from] ability: Grassy Surge|[of] p2a: Rillaboom\n|move|p2b: Amoonguss|Spore|p1a: Okidogi\n|-status|p1a: Okidogi|slp|[from] move: Spore\n|cant|p1a: Okidogi|slp\n|move|p1b: Gholdengo|Make It Rain|p2a: Rillaboom|[spread] p2a,p2b\n|-damage|p2a: Rillaboom|42/100\n|-damage|p2b: Amoonguss|47/100\n|-unboost|p1b: Gholdengo|spa|1\n|\n|-weather|none\n|-heal|p2b: Amoonguss|53/100|[from] Grassy Terrain\n|-heal|p1a: Okidogi|83/100 slp|[from] Grassy Terrain\n|-heal|p2a: Rillaboom|48/100|[from] Grassy Terrain\n|-fieldend|move: Trick Room\n|upkeep\n|turn|6\n|\n|t:|1771124830\n|move|p1b: Gholdengo|Make It Rain|p2a: Rillaboom|[spread] p2a,p2b\n|-damage|p2a: Rillaboom|10/100\n|-damage|p2b: Amoonguss|14/100\n|-unboost|p1b: Gholdengo|spa|1\n|move|p2a: Rillaboom|High Horsepower|p1a: Okidogi\n|-supereffective|p1a: Okidogi\n|-damage|p1a: Okidogi|50/100 slp\n|cant|p1a: Okidogi|slp\n|move|p2b: Amoonguss|Pollen Puff|p2a: Rillaboom\n|-heal|p2a: Rillaboom|60/100\n|\n|-heal|p2a: Rillaboom|67/100|[from] Grassy Terrain\n|-heal|p1a: Okidogi|57/100 slp|[from] Grassy Terrain\n|-heal|p2b: Amoonguss|20/100|[from] Grassy Terrain\n|upkeep\n|turn|7\n|inactive|Alex7029 has 120 seconds left.\n|\n|t:|1771124860\n|move|p1b: Gholdengo|Make It Rain|p2a: Rillaboom|[spread] p2a,p2b\n|-damage|p2a: Rillaboom|41/100\n|-damage|p2b: Amoonguss|0 fnt\n|-unboost|p1b: Gholdengo|spa|1\n|faint|p2b: Amoonguss\n|move|p2a: Rillaboom|U-turn|p1a: Okidogi\n|-resisted|p1a: Okidogi\n|-damage|p1a: Okidogi|54/100 slp\n|c|☆123abv|using make it rain at .5 spa is peak\n|inactive|Alex7029 has 120 seconds left.\n|\n|t:|1771124874\n|switch|p2a: Kommo-o|Kommo-o, M|100/100|[from] U-turn\n|-curestatus|p1a: Okidogi|slp|[msg]\n|move|p1a: Okidogi|Gunk Shot|p2a: Kommo-o\n|-damage|p2a: Kommo-o|43/100\n|-status|p2a: Kommo-o|psn\n|\n|-heal|p1a: Okidogi|60/100|[from] Grassy Terrain\n|-heal|p2a: Kommo-o|49/100 psn|[from] Grassy Terrain\n|-heal|p2a: Kommo-o|55/100 psn|[from] item: Leftovers\n|-damage|p2a: Kommo-o|43/100 psn|[from] psn\n|upkeep\n|c| AwesomeBD1909|lol\n|\n|t:|1771124885\n|switch|p2b: Porygon2|Porygon2, tera:Ghost|100/100\n|-ability|p2b: Porygon2|Download|boost\n|-boost|p2b: Porygon2|spa|1\n|turn|8\n|\n|t:|1771124904\n|switch|p1b: Moltres|Moltres-Galar, tera:Fairy|100/100\n|move|p1a: Okidogi|Gunk Shot|p2a: Kommo-o\n|-damage|p2a: Kommo-o|0 fnt\n|faint|p2a: Kommo-o\n|move|p2b: Porygon2|Trick Room|p2b: Porygon2\n|-fieldstart|move: Trick Room|[of] p2b: Porygon2\n|\n|-heal|p1a: Okidogi|66/100|[from] Grassy Terrain\n|-sideend|p1: 123abv|move: Aurora Veil\n|upkeep\n|inactive|Alex7029 has 120 seconds left.\n|\n|t:|1771124927\n|switch|p2a: Rillaboom|Rillaboom, M|41/100\n|turn|9\n|inactive|Alex7029 has 120 seconds left.\n|\n|t:|1771124950\n|move|p1a: Okidogi|Upper Hand|p2a: Rillaboom\n|-damage|p2a: Rillaboom|9/100\n|cant|p2a: Rillaboom|flinch\n|move|p2b: Porygon2|Shadow Ball|p1b: Moltres\n|-damage|p1b: Moltres|60/100\n|move|p1b: Moltres|Fiery Wrath|p2a: Rillaboom|[spread] p2a,p2b\n|-supereffective|p2b: Porygon2\n|-damage|p2a: Rillaboom|0 fnt\n|-damage|p2b: Porygon2|60/100\n|faint|p2a: Rillaboom\n|\n|-heal|p2b: Porygon2|66/100|[from] Grassy Terrain\n|-heal|p1a: Okidogi|72/100|[from] Grassy Terrain\n|-heal|p1b: Moltres|66/100|[from] Grassy Terrain\n|-fieldend|move: Grassy Terrain\n|upkeep\n|\n|t:|1771124960\n|switch|p2a: Incineroar|Incineroar, F|83/100\n|-ability|p2a: Incineroar|Intimidate|boost\n|-ability|p1a: Okidogi|Guard Dog|boost\n|-boost|p1a: Okidogi|atk|1\n|-unboost|p1b: Moltres|atk|1\n|turn|10\n|\n|t:|1771124975\n|move|p2b: Porygon2|Shadow Ball|p1b: Moltres\n|-damage|p1b: Moltres|23/100\n|-ability|p1b: Moltres|Berserk|boost\n|-boost|p1b: Moltres|spa|1\n|-enditem|p1b: Moltres|Sitrus Berry|[eat]\n|-heal|p1b: Moltres|48/100|[from] item: Sitrus Berry\n|move|p2a: Incineroar|Flare Blitz|p1b: Moltres\n|-crit|p1b: Moltres\n|-damage|p1b: Moltres|0 fnt\n|faint|p1b: Moltres\n|-damage|p2a: Incineroar|68/100|[from] Recoil\n|move|p1a: Okidogi|Drain Punch|p2a: Incineroar\n|-supereffective|p2a: Incineroar\n|-damage|p2a: Incineroar|0 fnt\n|-heal|p1a: Okidogi|100/100|[from] drain|[of] p2a: Incineroar\n|faint|p2a: Incineroar\n|\n|upkeep\n|\n|t:|1771124987\n|switch|p1b: Ogerpon|Ogerpon-Wellspring, F|100/100\n|turn|11\n|\n|t:|1771125009\n|move|p2b: Porygon2|Shadow Ball|p1b: Ogerpon\n|-damage|p1b: Ogerpon|33/100\n|move|p1a: Okidogi|High Horsepower|p2b: Porygon2\n|-damage|p2b: Porygon2|31/100\n|move|p1b: Ogerpon|Ivy Cudgel|p2b: Porygon2|[anim] Ivy Cudgel Water\n|-damage|p2b: Porygon2|0 fnt\n|faint|p2b: Porygon2\n|\n|win|123abv\n|raw|123abv's rating: 1547 &rarr; <strong>1569</strong><br />(+22 for winning)\n|raw|Alex7029's rating: 1577 &rarr; <strong>1555</strong><br />(-22 for losing)\n|c|☆Alex7029|gg\n|c|☆123abv|gg\n|l|☆Alex7029\n|player|p2|\n|l|☆123abv\n|player|p1|\n|l| AwesomeBD1909\n", "uploadtime": 1771125313, "views": 17, "formatid": "gen9doublesou", "rating": 1555, "private": 0, "password": null}