{"id": "gen9doublesou-2540615196", "format": "[Gen 9] Doubles OU", "players": ["lift with kyogre", "Kyyper"], "log": "|j|☆lift with kyogre\n|j|☆Kyyper\n|t:|1771227713\n|gametype|doubles\n|player|p1|lift with kyogre|dahlia|1485\n|player|p2|Kyyper|cheren-gen5bw2|1583\n|gen|9\n|tier|[Gen 9] Doubles OU\n|rated|\n|rule|HP Percentage Mod: HP is shown in percentages\n|rule|Endless Battle Clause: Forcing endless battles is banned\n|rule|Species Clause: Limit one of each Pokémon\n|rule|OHKO Clause: OHKO moves are banned\n|rule|Evasion Moves Clause: Evasion moves are banned\n|rule|Gravity Sleep Clause: The combination of sleep-inducing moves with imperfect accuracy and Gravity or Gigantamax Orbeetle are banned\n|rule|Evasion Abilities Clause: Evasion abilities are banned\n|clearpoke\n|poke|p1|Bronzong|\n|poke|p1|Walking Wake|\n|poke|p1|Torkoal, F|\n|poke|p1|Great Tusk|\n|poke|p1|Tornadus, M|\n|poke|p1|Chi-Yu|\n|poke|p2|Whimsicott, M|\n|poke|p2|Samurott-Hisui, F|\n|poke|p2|Chi-Yu|\n|poke|p2|Zapdos-Galar|\n|poke|p2|Farigiraf, M|\n|poke|p2|Kleavor, F|\n|teampreview\n|inactive|Battle timer is ON: inactive players will automatically lose when time's up. (requested by lift with kyogre)\n|\n|t:|1771227736\n|teamsize|p1|6\n|teamsize|p2|6\n|start\n|switch|p1a: Great Tusk|Great Tusk|100/100\n|switch|p1b: Torkoal|Torkoal, F|100/100\n|switch|p2a: Mint|Whimsicott, M, shiny|100/100\n|switch|p2b: Skale|Kleavor, F, shiny|100/100\n|-weather|SunnyDay|[from] ability: Drought|[of] p1b: Torkoal\n|-activate|p1a: Great Tusk|ability: Protosynthesis\n|-start|p1a: Great Tusk|protosynthesisatk\n|turn|1\n|inactive|lift with kyogre has 120 seconds left.\n|\n|t:|1771227776\n|switch|p1b: Bronzong|Bronzong|100/100\n|move|p2a: Mint|Tailwind|p2a: Mint\n|-sidestart|p2: Kyyper|move: Tailwind\n|move|p2b: Skale|Stone Axe|p1b: Bronzong\n|-resisted|p1b: Bronzong\n|-damage|p1b: Bronzong|64/100\n|-sidestart|p1: lift with kyogre|move: Stealth Rock\n|move|p1a: Great Tusk|Ice Spinner|p2a: Mint\n|-supereffective|p2a: Mint\n|-enditem|p2a: Mint|Focus Sash\n|-damage|p2a: Mint|1/100\n|\n|-weather|SunnyDay|[upkeep]\n|upkeep\n|turn|2\n|inactive|lift with kyogre has 120 seconds left.\n|\n|t:|1771227826\n|move|p2a: Mint|Moonblast|p1a: Great Tusk\n|-supereffective|p1a: Great Tusk\n|-damage|p1a: Great Tusk|0 fnt\n|faint|p1a: Great Tusk\n|-end|p1a: Great Tusk|Protosynthesis|[silent]\n|move|p2b: Skale|Stone Axe|p1b: Bronzong\n|-resisted|p1b: Bronzong\n|-damage|p1b: Bronzong|26/100\n|move|p1b: Bronzong|Trick Room|p1b: Bronzong\n|-fieldstart|move: Trick Room|[of] p1b: Bronzong\n|\n|-weather|SunnyDay|[upkeep]\n|upkeep\n|\n|t:|1771227830\n|switch|p1a: Torkoal|Torkoal, F|100/100\n|turn|3\n|inactive|lift with kyogre has 120 seconds left.\n|\n|t:|1771227843\n|move|p1b: Bronzong|Helping Hand|p1a: Torkoal\n|-singleturn|p1a: Torkoal|Helping Hand|[of] p1b: Bronzong\n|move|p2a: Mint|Encore|p1b: Bronzong\n|-start|p1b: Bronzong|Encore\n|-enditem|p1b: Bronzong|Mental Herb\n|-end|p1b: Bronzong|Encore\n|move|p1a: Torkoal|Eruption|p2a: Mint|[spread] p2a,p2b\n|-supereffective|p2a: Mint\n|-damage|p2a: Mint|0 fnt\n|-damage|p2b: Skale|0 fnt\n|faint|p2a: Mint\n|faint|p2b: Skale\n|\n|-weather|SunnyDay|[upkeep]\n|upkeep\n|\n|t:|1771227847\n|switch|p2b: Quary|Chi-Yu, shiny|100/100\n|switch|p2a: Marley|Samurott-Hisui, F, shiny|100/100\n|-ability|p2b: Quary|Beads of Ruin\n|turn|4\n|\n|t:|1771227863\n|move|p2a: Marley|Sucker Punch|p1a: Torkoal\n|-damage|p1a: Torkoal|76/100\n|move|p1a: Torkoal|Solar Beam||[still]\n|-prepare|p1a: Torkoal|Solar Beam\n|-anim|p1a: Torkoal|Solar Beam|p2a: Marley\n|-supereffective|p2a: Marley\n|-damage|p2a: Marley|29/100\n|move|p1b: Bronzong|Body Press|p2b: Quary\n|-supereffective|p2b: Quary\n|-damage|p2b: Quary|27/100\n|move|p2b: Quary|Heat Wave|p1a: Torkoal|[spread] p1a,p1b\n|-resisted|p1a: Torkoal\n|-supereffective|p1b: Bronzong\n|-damage|p1a: Torkoal|0 fnt\n|-damage|p1b: Bronzong|0 fnt\n|faint|p1a: Torkoal\n|faint|p1b: Bronzong\n|\n|-weather|SunnyDay|[upkeep]\n|-sideend|p2: Kyyper|move: Tailwind\n|upkeep\n|\n|t:|1771227871\n|switch|p1a: Tornadus|Tornadus, M|100/100\n|switch|p1b: Walking Wake|Walking Wake|100/100\n|-damage|p1b: Walking Wake|88/100|[from] Stealth Rock\n|-damage|p1a: Tornadus|76/100|[from] Stealth Rock\n|-activate|p1b: Walking Wake|ability: Protosynthesis\n|-start|p1b: Walking Wake|protosynthesisspe\n|turn|5\n|\n|t:|1771227892\n|move|p1a: Tornadus|Tailwind|p1a: Tornadus\n|-sidestart|p1: lift with kyogre|move: Tailwind\n|move|p2a: Marley|Ceaseless Edge|p1b: Walking Wake|[miss]\n|-miss|p2a: Marley|p1b: Walking Wake\n|move|p2b: Quary|Heat Wave|p1a: Tornadus|[spread] p1a,p1b\n|-resisted|p1b: Walking Wake\n|-damage|p1a: Tornadus|0 fnt\n|-damage|p1b: Walking Wake|52/100\n|faint|p1a: Tornadus\n|move|p1b: Walking Wake|Hydro Steam|p2b: Quary\n|-supereffective|p2b: Quary\n|-damage|p2b: Quary|0 fnt\n|faint|p2b: Quary\n|\n|-weather|none\n|-end|p1b: Walking Wake|Protosynthesis\n|upkeep\n|\n|t:|1771227899\n|switch|p2b: JoJo|Zapdos-Galar, shiny|100/100\n|switch|p1a: Chi-Yu|Chi-Yu|100/100\n|-damage|p1a: Chi-Yu|76/100|[from] Stealth Rock\n|-ability|p1a: Chi-Yu|Beads of Ruin\n|turn|6\n|\n|t:|1771227904\n|move|p1a: Chi-Yu|Protect|p1a: Chi-Yu\n|-singleturn|p1a: Chi-Yu|Protect\n|move|p1b: Walking Wake|Protect|p1b: Walking Wake\n|-singleturn|p1b: Walking Wake|Protect\n|move|p2a: Marley|Razor Shell|p1a: Chi-Yu\n|-activate|p1a: Chi-Yu|move: Protect\n|move|p2b: JoJo|Close Combat|p1b: Walking Wake\n|-activate|p1b: Walking Wake|move: Protect\n|\n|-fieldend|move: Trick Room\n|upkeep\n|turn|7\n|inactive|lift with kyogre has 120 seconds left.\n|\n|t:|1771227936\n|-terastallize|p1b: Walking Wake|Fairy\n|move|p2a: Marley|Sucker Punch|p1b: Walking Wake\n|-resisted|p1b: Walking Wake\n|-damage|p1b: Walking Wake|34/100\n|move|p1b: Walking Wake|Hydro Steam|p2b: JoJo\n|-damage|p2b: JoJo|38/100\n|move|p1a: Chi-Yu|Heat Wave|p2a: Marley|[spread] p2a,p2b\n|-resisted|p2a: Marley\n|-damage|p2a: Marley|10/100\n|-damage|p2b: JoJo|0 fnt\n|faint|p2b: JoJo\n|\n|upkeep\n|\n|t:|1771227947\n|switch|p2b: Chip|Farigiraf, M, shiny|100/100\n|turn|8\n|\n|t:|1771227969\n|move|p1b: Walking Wake|Hydro Steam|p2a: Marley\n|-resisted|p2a: Marley\n|-damage|p2a: Marley|0 fnt\n|faint|p2a: Marley\n|move|p1a: Chi-Yu|Dark Pulse|p2b: Chip\n|-supereffective|p2b: Chip\n|-damage|p2b: Chip|0 fnt\n|faint|p2b: Chip\n|\n|win|lift with kyogre\n|raw|lift with kyogre's rating: 1485 &rarr; <strong>1510</strong><br />(+25 for winning)\n|raw|Kyyper's rating: 1583 &rarr; <strong>1558</strong><br />(-25 for losing)\n|l|☆Kyyper\n|player|p2|\n|l|☆lift with kyogre\n|player|p1|\n", "uploadtime": 1771228341, "views": 14, "formatid": "gen9doublesou", "rating": 1510, "private": 0, "password": null}