{"id": "gen9doublesou-2540745838", "format": "[Gen 9] Doubles OU", "players": ["Jaiper_Showdown", "Poly love"], "log": "|badge|p1|silver|gen9doublesou|30-8\n|uhtml|medal-msg|<div class=\"broadcast-blue\">Curious what those medals under the avatar are? PS now has Ladder Seasons! For more information, check out the <a href=\"https://www.smogon.com/forums/threads/3740067/\">thread on Smogon.</a></div>\n|badge|p2|bronze|gen9doublesou|100-8\n|uhtml|medal-msg|<div class=\"broadcast-blue\">Curious what those medals under the avatar are? PS now has Ladder Seasons! For more information, check out the <a href=\"https://www.smogon.com/forums/threads/3740067/\">thread on Smogon.</a></div>\n|j|☆Jaiper_Showdown\n|j|☆Poly love\n|t:|1771249025\n|gametype|doubles\n|player|p1|Jaiper_Showdown|nate|1709\n|player|p2|Poly love|marnie-masters2|1807\n|gen|9\n|tier|[Gen 9] Doubles OU\n|rated|\n|rule|HP Percentage Mod: HP is shown in percentages\n|rule|Endless Battle Clause: Forcing endless battles is banned\n|rule|Species Clause: Limit one of each Pokémon\n|rule|OHKO Clause: OHKO moves are banned\n|rule|Evasion Moves Clause: Evasion moves are banned\n|rule|Gravity Sleep Clause: The combination of sleep-inducing moves with imperfect accuracy and Gravity or Gigantamax Orbeetle are banned\n|rule|Evasion Abilities Clause: Evasion abilities are banned\n|clearpoke\n|poke|p1|Pincurchin, M|\n|poke|p1|Iron Valiant|\n|poke|p1|Iron Bundle|\n|poke|p1|Iron Hands|\n|poke|p1|Iron Jugulis|\n|poke|p1|Iron Boulder|\n|poke|p2|Tyranitar, F|\n|poke|p2|Ting-Lu|\n|poke|p2|Orthworm, M|\n|poke|p2|Houndstone, M|\n|poke|p2|Chien-Pao|\n|poke|p2|Glimmora, F|\n|teampreview\n|\n|t:|1771249048\n|teamsize|p1|6\n|teamsize|p2|6\n|start\n|switch|p1a: Iron Valiant|Iron Valiant, shiny|100/100\n|switch|p1b: Pincurchin|Pincurchin, M|100/100\n|switch|p2a: Spinner ball|Glimmora, F|100/100\n|switch|p2b: Migajas|Orthworm, M|100/100\n|-fieldstart|move: Electric Terrain|[from] ability: Electric Surge|[of] p1b: Pincurchin\n|-activate|p1a: Iron Valiant|ability: Quark Drive\n|-start|p1a: Iron Valiant|quarkdrivespe\n|turn|1\n|\n|t:|1771249081\n|switch|p1b: Iron Jugulis|Iron Jugulis|100/100\n|-activate|p1b: Iron Jugulis|ability: Quark Drive\n|-start|p1b: Iron Jugulis|quarkdrivespa\n|move|p1a: Iron Valiant|Knock Off|p2b: Migajas\n|-damage|p2b: Migajas|70/100\n|-enditem|p2b: Migajas|Leftovers|[from] move: Knock Off|[of] p1a: Iron Valiant\n|-damage|p1a: Iron Valiant|91/100|[from] item: Life Orb\n|move|p2a: Spinner ball|Stealth Rock|p1a: Iron Valiant\n|-sidestart|p1: Jaiper_Showdown|move: Stealth Rock\n|move|p2b: Migajas|Iron Defense|p2b: Migajas\n|-boost|p2b: Migajas|def|2\n|\n|upkeep\n|turn|2\n|\n|t:|1771249099\n|move|p2b: Migajas|Protect|p2b: Migajas\n|-singleturn|p2b: Migajas|Protect\n|move|p1a: Iron Valiant|Close Combat|p2b: Migajas\n|-activate|p2b: Migajas|move: Protect\n|move|p1b: Iron Jugulis|Earth Power|p2a: Spinner ball\n|-supereffective|p2a: Spinner ball\n|-enditem|p2a: Spinner ball|Focus Sash\n|-damage|p2a: Spinner ball|1/100\n|move|p2a: Spinner ball|Mortal Spin|p1a: Iron Valiant|[spread] p1a,p1b\n|-supereffective|p1a: Iron Valiant\n|-damage|p1a: Iron Valiant|78/100\n|-damage|p1b: Iron Jugulis|95/100\n|-status|p1a: Iron Valiant|psn\n|-status|p1b: Iron Jugulis|psn\n|\n|-damage|p1a: Iron Valiant|66/100 psn|[from] psn\n|-damage|p1b: Iron Jugulis|83/100 psn|[from] psn\n|upkeep\n|turn|3\n|\n|t:|1771249122\n|move|p1a: Iron Valiant|Moonblast|p2a: Spinner ball\n|-resisted|p2a: Spinner ball\n|-damage|p2a: Spinner ball|0 fnt\n|faint|p2a: Spinner ball\n|-damage|p1a: Iron Valiant|56/100 psn|[from] item: Life Orb\n|move|p1b: Iron Jugulis|Tailwind|p1b: Iron Jugulis\n|-sidestart|p1: Jaiper_Showdown|move: Tailwind\n|move|p2b: Migajas|Body Press|p1b: Iron Jugulis\n|-damage|p1b: Iron Jugulis|23/100 psn\n|\n|-damage|p1a: Iron Valiant|44/100 psn|[from] psn\n|-damage|p1b: Iron Jugulis|11/100 psn|[from] psn\n|upkeep\n|\n|t:|1771249135\n|switch|p2a: Stalling power|Ting-Lu|100/100\n|-ability|p2a: Stalling power|Vessel of Ruin\n|turn|4\n|\n|t:|1771249144\n|move|p1a: Iron Valiant|Close Combat|p2a: Stalling power\n|-supereffective|p2a: Stalling power\n|-damage|p2a: Stalling power|20/100\n|-unboost|p1a: Iron Valiant|def|1\n|-unboost|p1a: Iron Valiant|spd|1\n|-damage|p1a: Iron Valiant|34/100 psn|[from] item: Life Orb\n|move|p1b: Iron Jugulis|Dark Pulse|p2b: Migajas\n|-damage|p2b: Migajas|26/100\n|move|p2b: Migajas|Iron Defense|p2b: Migajas\n|-boost|p2b: Migajas|def|2\n|move|p2a: Stalling power|Earthquake|p1a: Iron Valiant|[spread] p1a\n|-heal|p2b: Migajas|51/100|[from] ability: Earth Eater|[of] p2a: Stalling power\n|-immune|p1b: Iron Jugulis\n|-damage|p1a: Iron Valiant|0 fnt\n|faint|p1a: Iron Valiant\n|-end|p1a: Iron Valiant|Quark Drive|[silent]\n|\n|-heal|p2a: Stalling power|27/100|[from] item: Leftovers\n|-damage|p1b: Iron Jugulis|0 fnt|[from] psn\n|faint|p1b: Iron Jugulis\n|-end|p1b: Iron Jugulis|Quark Drive|[silent]\n|upkeep\n|\n|t:|1771249159\n|switch|p1a: Iron Bundle|Iron Bundle|100/100\n|switch|p1b: Iron Hands|Iron Hands|100/100\n|-damage|p1a: Iron Bundle|76/100|[from] Stealth Rock\n|-damage|p1b: Iron Hands|94/100|[from] Stealth Rock\n|-activate|p1a: Iron Bundle|ability: Quark Drive\n|-start|p1a: Iron Bundle|quarkdrivespa\n|-activate|p1b: Iron Hands|ability: Quark Drive\n|-start|p1b: Iron Hands|quarkdriveatk\n|turn|5\n|\n|t:|1771249173\n|move|p2b: Migajas|Protect|p2b: Migajas\n|-singleturn|p2b: Migajas|Protect\n|move|p1a: Iron Bundle|Hydro Pump|p2b: Migajas\n|-activate|p2b: Migajas|move: Protect\n|move|p1b: Iron Hands|Drain Punch|p2a: Stalling power\n|-supereffective|p2a: Stalling power\n|-crit|p2a: Stalling power\n|-damage|p2a: Stalling power|0 fnt\n|-heal|p1b: Iron Hands|100/100|[from] drain|[of] p2a: Stalling power\n|faint|p2a: Stalling power\n|\n|upkeep\n|\n|t:|1771249192\n|switch|p2a: Bite ice|Chien-Pao|100/100\n|-ability|p2a: Bite ice|Sword of Ruin\n|turn|6\n|\n|t:|1771249211\n|-terastallize|p2a: Bite ice|Ghost\n|move|p2b: Migajas|Protect|p2b: Migajas\n|-singleturn|p2b: Migajas|Protect\n|move|p1a: Iron Bundle|Hydro Pump|p2b: Migajas\n|-activate|p2b: Migajas|move: Protect\n|move|p2a: Bite ice|Sacred Sword|p1a: Iron Bundle\n|-supereffective|p1a: Iron Bundle\n|-damage|p1a: Iron Bundle|0 fnt\n|faint|p1a: Iron Bundle\n|-end|p1a: Iron Bundle|Quark Drive|[silent]\n|move|p1b: Iron Hands|Wild Charge|p2a: Bite ice\n|-damage|p2a: Bite ice|0 fnt\n|faint|p2a: Bite ice\n|-damage|p1b: Iron Hands|86/100|[from] Recoil\n|\n|-sideend|p1: Jaiper_Showdown|move: Tailwind\n|upkeep\n|\n|t:|1771249227\n|switch|p2a: Godzilla|Tyranitar, F|100/100\n|switch|p1a: Iron Boulder|Iron Boulder|100/100\n|-damage|p1a: Iron Boulder|88/100|[from] Stealth Rock\n|-weather|Sandstorm|[from] ability: Sand Stream|[of] p2a: Godzilla\n|-activate|p1a: Iron Boulder|ability: Quark Drive\n|-start|p1a: Iron Boulder|quarkdrivespe\n|turn|7\n|\n|t:|1771249243\n|move|p2a: Godzilla|Protect|p2a: Godzilla\n|-singleturn|p2a: Godzilla|Protect\n|move|p1a: Iron Boulder|Close Combat|p2a: Godzilla\n|-activate|p2a: Godzilla|move: Protect\n|move|p2b: Migajas|Body Press|p1a: Iron Boulder\n|-damage|p1a: Iron Boulder|0 fnt\n|faint|p1a: Iron Boulder\n|-end|p1a: Iron Boulder|Quark Drive|[silent]\n|move|p1b: Iron Hands|Drain Punch|p2b: Migajas\n|-supereffective|p2b: Migajas\n|-damage|p2b: Migajas|22/100\n|-heal|p1b: Iron Hands|96/100|[from] drain|[of] p2b: Migajas\n|\n|-weather|Sandstorm|[upkeep]\n|-damage|p1b: Iron Hands|90/100|[from] Sandstorm\n|upkeep\n|-message|Jaiper_Showdown forfeited.\n|\n|win|Poly love\n|raw|Jaiper_Showdown's rating: 1709 &rarr; <strong>1694</strong><br />(-15 for losing)\n|raw|Poly love's rating: 1807 &rarr; <strong>1822</strong><br />(+15 for winning)\n|l|☆Jaiper_Showdown\n|player|p1|\n|l|☆Poly love\n|player|p2|\n", "uploadtime": 1771249418, "views": 6, "formatid": "gen9doublesou", "rating": 1694, "private": 0, "password": null}