{"id": "gen9doublesou-2540918500", "format": "[Gen 9] Doubles OU", "players": ["number c18", "Pieflavor97"], "log": "|j|☆number c18\n|j|☆Pieflavor97\n|t:|1771267070\n|gametype|doubles\n|player|p1|number c18|ghetsis|1518\n|player|p2|Pieflavor97|102|1664\n|gen|9\n|tier|[Gen 9] Doubles OU\n|rated|\n|rule|HP Percentage Mod: HP is shown in percentages\n|rule|Endless Battle Clause: Forcing endless battles is banned\n|rule|Species Clause: Limit one of each Pokémon\n|rule|OHKO Clause: OHKO moves are banned\n|rule|Evasion Moves Clause: Evasion moves are banned\n|rule|Gravity Sleep Clause: The combination of sleep-inducing moves with imperfect accuracy and Gravity or Gigantamax Orbeetle are banned\n|rule|Evasion Abilities Clause: Evasion abilities are banned\n|clearpoke\n|poke|p1|Porygon2|\n|poke|p1|Ursaluna, M|\n|poke|p1|Incineroar, F|\n|poke|p1|Raging Bolt|\n|poke|p1|Chien-Pao|\n|poke|p1|Rillaboom, M|\n|poke|p2|Cresselia, F|\n|poke|p2|Ursaluna, F|\n|poke|p2|Torkoal, F|\n|poke|p2|Indeedee-F, F|\n|poke|p2|Hatterene, F|\n|poke|p2|Enamorus-Therian, F|\n|teampreview\n|inactive|Battle timer is ON: inactive players will automatically lose when time's up. (requested by Pieflavor97)\n|\n|t:|1771267083\n|teamsize|p1|6\n|teamsize|p2|6\n|start\n|switch|p1a: Chien-Pao|Chien-Pao|100/100\n|switch|p1b: Raging Bolt|Raging Bolt|100/100\n|switch|p2a: Indeedee|Indeedee-F, F|100/100\n|switch|p2b: Hatterene|Hatterene, F|100/100\n|-ability|p1a: Chien-Pao|Sword of Ruin\n|-fieldstart|move: Psychic Terrain|[from] ability: Psychic Surge|[of] p2a: Indeedee\n|-enditem|p2a: Indeedee|Psychic Seed\n|-boost|p2a: Indeedee|spd|1|[from] item: Psychic Seed\n|turn|1\n|\n|t:|1771267091\n|-end|p1b: Raging Bolt|Protosynthesis|[silent]\n|switch|p1b: Incineroar|Incineroar, F|100/100\n|-ability|p1b: Incineroar|Intimidate|boost\n|-unboost|p2a: Indeedee|atk|1\n|-unboost|p2b: Hatterene|atk|1\n|-terastallize|p2a: Indeedee|Fairy\n|move|p2b: Hatterene|Protect|p2b: Hatterene\n|-singleturn|p2b: Hatterene|Protect\n|move|p1a: Chien-Pao|Crunch|p2a: Indeedee\n|-resisted|p2a: Indeedee\n|-damage|p2a: Indeedee|78/100\n|move|p2a: Indeedee|Trick Room|p2a: Indeedee\n|-fieldstart|move: Trick Room|[of] p2a: Indeedee\n|\n|upkeep\n|turn|2\n|\n|t:|1771267107\n|move|p2a: Indeedee|Helping Hand|p2b: Hatterene\n|-singleturn|p2b: Hatterene|Helping Hand|[of] p2a: Indeedee\n|move|p1a: Chien-Pao|Protect|p1a: Chien-Pao\n|-singleturn|p1a: Chien-Pao|Protect\n|move|p2b: Hatterene|Dazzling Gleam|p1a: Chien-Pao|[spread] p1b\n|-activate|p1a: Chien-Pao|move: Protect\n|-damage|p1b: Incineroar|61/100\n|-damage|p2b: Hatterene|91/100|[from] item: Life Orb\n|move|p1b: Incineroar|Snarl|p2b: Hatterene|[spread] p2a,p2b\n|-resisted|p2a: Indeedee\n|-damage|p2a: Indeedee|74/100\n|-damage|p2b: Hatterene|80/100\n|-unboost|p2a: Indeedee|spa|1\n|-unboost|p2b: Hatterene|spa|1\n|\n|upkeep\n|turn|3\n|\n|t:|1771267122\n|switch|p1a: Ursaluna|Ursaluna, M|100/100\n|move|p2a: Indeedee|Helping Hand|p2b: Hatterene\n|-singleturn|p2b: Hatterene|Helping Hand|[of] p2a: Indeedee\n|move|p2b: Hatterene|Dazzling Gleam|p1b: Incineroar|[spread] p1a,p1b\n|-damage|p1a: Ursaluna|61/100\n|-damage|p1b: Incineroar|35/100\n|-damage|p2b: Hatterene|71/100|[from] item: Life Orb\n|move|p1b: Incineroar|Snarl|p2b: Hatterene|[spread] p2a,p2b\n|-resisted|p2a: Indeedee\n|-damage|p2a: Indeedee|71/100\n|-damage|p2b: Hatterene|59/100\n|-unboost|p2a: Indeedee|spa|1\n|-unboost|p2b: Hatterene|spa|1\n|\n|-status|p1a: Ursaluna|brn|[from] item: Flame Orb\n|upkeep\n|turn|4\n|\n|t:|1771267144\n|switch|p1b: Rillaboom|Rillaboom, M|100/100\n|-fieldstart|move: Grassy Terrain|[from] ability: Grassy Surge|[of] p1b: Rillaboom\n|move|p2a: Indeedee|Helping Hand|p2b: Hatterene\n|-singleturn|p2b: Hatterene|Helping Hand|[of] p2a: Indeedee\n|move|p2b: Hatterene|Expanding Force|p1a: Ursaluna\n|-damage|p1a: Ursaluna|19/100 brn\n|-damage|p2b: Hatterene|50/100|[from] item: Life Orb\n|move|p1a: Ursaluna|Facade|p2b: Hatterene\n|-crit|p2b: Hatterene\n|-damage|p2b: Hatterene|0 fnt\n|faint|p2b: Hatterene\n|\n|-heal|p1a: Ursaluna|25/100 brn|[from] Grassy Terrain\n|-heal|p2a: Indeedee|77/100|[from] Grassy Terrain\n|-damage|p1a: Ursaluna|19/100 brn|[from] brn\n|upkeep\n|\n|t:|1771267164\n|switch|p2b: Enamorus|Enamorus-Therian, F|100/100\n|turn|5\n|\n|t:|1771267177\n|move|p2a: Indeedee|Protect|p2a: Indeedee\n|-singleturn|p2a: Indeedee|Protect\n|move|p1b: Rillaboom|Fake Out|p2b: Enamorus\n|-damage|p2b: Enamorus|89/100\n|cant|p2b: Enamorus|flinch\n|move|p1a: Ursaluna|Facade|p2a: Indeedee\n|-activate|p2a: Indeedee|move: Protect\n|\n|-heal|p1a: Ursaluna|25/100 brn|[from] Grassy Terrain\n|-heal|p2a: Indeedee|83/100|[from] Grassy Terrain\n|-damage|p1a: Ursaluna|19/100 brn|[from] brn\n|-fieldend|move: Trick Room\n|upkeep\n|turn|6\n|\n|t:|1771267191\n|move|p1b: Rillaboom|U-turn|p2a: Indeedee\n|-resisted|p2a: Indeedee\n|-crit|p2a: Indeedee\n|-damage|p2a: Indeedee|66/100\n|\n|t:|1771267199\n|switch|p1b: Incineroar|Incineroar, F|35/100|[from] U-turn\n|-ability|p1b: Incineroar|Intimidate|boost\n|-unboost|p2a: Indeedee|atk|1\n|-unboost|p2b: Enamorus|atk|1\n|move|p1a: Ursaluna|Facade|p2b: Enamorus\n|-damage|p2b: Enamorus|0 fnt\n|faint|p2b: Enamorus\n|move|p2a: Indeedee|Trick Room|p2a: Indeedee\n|-fieldstart|move: Trick Room|[of] p2a: Indeedee\n|\n|-heal|p1a: Ursaluna|25/100 brn|[from] Grassy Terrain\n|-heal|p1b: Incineroar|41/100|[from] Grassy Terrain\n|-heal|p2a: Indeedee|73/100|[from] Grassy Terrain\n|-damage|p1a: Ursaluna|19/100 brn|[from] brn\n|upkeep\n|\n|t:|1771267214\n|switch|p2b: Torkoal|Torkoal, F|100/100\n|-weather|SunnyDay|[from] ability: Drought|[of] p2b: Torkoal\n|turn|7\n|\n|t:|1771267221\n|move|p2b: Torkoal|Protect|p2b: Torkoal\n|-singleturn|p2b: Torkoal|Protect\n|move|p2a: Indeedee|Protect|p2a: Indeedee\n|-singleturn|p2a: Indeedee|Protect\n|move|p1b: Incineroar|Fake Out|p2b: Torkoal\n|-activate|p2b: Torkoal|move: Protect\n|move|p1a: Ursaluna|Facade|p2b: Torkoal\n|-activate|p2b: Torkoal|move: Protect\n|\n|-weather|SunnyDay|[upkeep]\n|-heal|p1a: Ursaluna|25/100 brn|[from] Grassy Terrain\n|-heal|p1b: Incineroar|47/100|[from] Grassy Terrain\n|-heal|p2a: Indeedee|79/100|[from] Grassy Terrain\n|-damage|p1a: Ursaluna|19/100 brn|[from] brn\n|upkeep\n|turn|8\n|inactive|number c18 has 120 seconds left.\n|\n|t:|1771267251\n|switch|p1a: Porygon2|Porygon2|100/100\n|-ability|p1a: Porygon2|Download|boost\n|-boost|p1a: Porygon2|spa|1\n|switch|p1b: Chien-Pao|Chien-Pao|100/100\n|-ability|p1b: Chien-Pao|Sword of Ruin\n|move|p2a: Indeedee|Helping Hand|p2b: Torkoal\n|-singleturn|p2b: Torkoal|Helping Hand|[of] p2a: Indeedee\n|move|p2b: Torkoal|Eruption|p1a: Porygon2|[spread] p1a,p1b\n|-supereffective|p1b: Chien-Pao\n|-damage|p1a: Porygon2|15/100\n|-enditem|p1b: Chien-Pao|Focus Sash\n|-damage|p1b: Chien-Pao|1/100\n|\n|-weather|SunnyDay|[upkeep]\n|-heal|p1a: Porygon2|22/100|[from] Grassy Terrain\n|-heal|p2a: Indeedee|85/100|[from] Grassy Terrain\n|-heal|p1b: Chien-Pao|7/100|[from] Grassy Terrain\n|-fieldend|move: Grassy Terrain\n|upkeep\n|turn|9\n|\n|t:|1771267273\n|switch|p1a: Raging Bolt|Raging Bolt|100/100\n|-activate|p1a: Raging Bolt|ability: Protosynthesis\n|-start|p1a: Raging Bolt|protosynthesisspa\n|move|p2a: Indeedee|Helping Hand|p2b: Torkoal\n|-singleturn|p2b: Torkoal|Helping Hand|[of] p2a: Indeedee\n|move|p1b: Chien-Pao|Protect|p1b: Chien-Pao\n|-singleturn|p1b: Chien-Pao|Protect\n|move|p2b: Torkoal|Heat Wave|p1a: Raging Bolt|[spread] p1a\n|-activate|p1b: Chien-Pao|move: Protect\n|-resisted|p1a: Raging Bolt\n|-damage|p1a: Raging Bolt|69/100\n|\n|-weather|SunnyDay|[upkeep]\n|-heal|p1a: Raging Bolt|75/100|[from] item: Leftovers\n|upkeep\n|turn|10\n|\n|t:|1771267296\n|move|p2a: Indeedee|Helping Hand|p2b: Torkoal\n|-singleturn|p2b: Torkoal|Helping Hand|[of] p2a: Indeedee\n|move|p2b: Torkoal|Eruption|p1a: Raging Bolt|[spread] p1a,p1b\n|-resisted|p1a: Raging Bolt\n|-supereffective|p1b: Chien-Pao\n|-damage|p1a: Raging Bolt|20/100\n|-damage|p1b: Chien-Pao|0 fnt\n|faint|p1b: Chien-Pao\n|move|p1a: Raging Bolt|Calm Mind|p1a: Raging Bolt\n|-boost|p1a: Raging Bolt|spa|1\n|-boost|p1a: Raging Bolt|spd|1\n|\n|-weather|SunnyDay|[upkeep]\n|-heal|p1a: Raging Bolt|27/100|[from] item: Leftovers\n|-fieldend|move: Trick Room\n|upkeep\n|\n|t:|1771267307\n|switch|p1b: Rillaboom|Rillaboom, M|100/100\n|-fieldstart|move: Grassy Terrain|[from] ability: Grassy Surge|[of] p1b: Rillaboom\n|turn|11\n|\n|t:|1771267312\n|move|p2a: Indeedee|Protect|p2a: Indeedee\n|-singleturn|p2a: Indeedee|Protect\n|move|p2b: Torkoal|Protect|p2b: Torkoal\n|-singleturn|p2b: Torkoal|Protect\n|move|p1b: Rillaboom|Fake Out|p2b: Torkoal\n|-activate|p2b: Torkoal|move: Protect\n|move|p1a: Raging Bolt|Calm Mind|p1a: Raging Bolt\n|-boost|p1a: Raging Bolt|spa|1\n|-boost|p1a: Raging Bolt|spd|1\n|\n|-weather|none\n|-end|p1a: Raging Bolt|Protosynthesis\n|-heal|p1a: Raging Bolt|33/100|[from] Grassy Terrain\n|-heal|p1a: Raging Bolt|39/100|[from] item: Leftovers\n|-heal|p2a: Indeedee|91/100|[from] Grassy Terrain\n|upkeep\n|turn|12\n|\n|t:|1771267327\n|move|p1b: Rillaboom|U-turn|p2a: Indeedee\n|-resisted|p2a: Indeedee\n|-damage|p2a: Indeedee|80/100\n|\n|t:|1771267332\n|switch|p1b: Porygon2|Porygon2|22/100|[from] U-turn\n|-ability|p1b: Porygon2|Download|boost\n|-boost|p1b: Porygon2|spa|1\n|move|p1a: Raging Bolt|Dragon Pulse|p2b: Torkoal\n|-damage|p2b: Torkoal|0 fnt\n|faint|p2b: Torkoal\n|move|p2a: Indeedee|Trick Room|p2a: Indeedee\n|-fieldstart|move: Trick Room|[of] p2a: Indeedee\n|\n|-heal|p1b: Porygon2|28/100|[from] Grassy Terrain\n|-heal|p2a: Indeedee|86/100|[from] Grassy Terrain\n|-heal|p1a: Raging Bolt|45/100|[from] Grassy Terrain\n|-heal|p1a: Raging Bolt|51/100|[from] item: Leftovers\n|upkeep\n|\n|t:|1771267340\n|switch|p2b: Ursaluna|Ursaluna, F|100/100\n|turn|13\n|\n|t:|1771267348\n|move|p2a: Indeedee|Protect|p2a: Indeedee\n|-singleturn|p2a: Indeedee|Protect\n|move|p1a: Raging Bolt|Protect|p1a: Raging Bolt\n|-singleturn|p1a: Raging Bolt|Protect\n|move|p2b: Ursaluna|Earthquake|p1a: Raging Bolt|[spread] p1b\n|-activate|p2a: Indeedee|move: Protect\n|-activate|p1a: Raging Bolt|move: Protect\n|-damage|p1b: Porygon2|12/100\n|move|p1b: Porygon2|Trick Room|p1b: Porygon2\n|-fieldend|move: Trick Room\n|\n|-heal|p1a: Raging Bolt|58/100|[from] Grassy Terrain\n|-heal|p1a: Raging Bolt|64/100|[from] item: Leftovers\n|-heal|p2a: Indeedee|92/100|[from] Grassy Terrain\n|-heal|p1b: Porygon2|18/100|[from] Grassy Terrain\n|-status|p2b: Ursaluna|brn|[from] item: Flame Orb\n|upkeep\n|turn|14\n|\n|t:|1771267363\n|move|p2b: Ursaluna|Protect|p2b: Ursaluna\n|-singleturn|p2b: Ursaluna|Protect\n|move|p1a: Raging Bolt|Dragon Pulse|p2b: Ursaluna\n|-activate|p2b: Ursaluna|move: Protect\n|move|p1b: Porygon2|Recover|p1b: Porygon2\n|-heal|p1b: Porygon2|68/100\n|move|p2a: Indeedee|Trick Room|p2a: Indeedee\n|-fieldstart|move: Trick Room|[of] p2a: Indeedee\n|\n|-heal|p1b: Porygon2|74/100|[from] Grassy Terrain\n|-heal|p2a: Indeedee|98/100|[from] Grassy Terrain\n|-heal|p1a: Raging Bolt|70/100|[from] Grassy Terrain\n|-heal|p1a: Raging Bolt|76/100|[from] item: Leftovers\n|-damage|p2b: Ursaluna|94/100 brn|[from] brn\n|upkeep\n|turn|15\n|\n|t:|1771267375\n|switch|p1b: Incineroar|Incineroar, F|47/100\n|-ability|p1b: Incineroar|Intimidate|boost\n|-unboost|p2a: Indeedee|atk|1\n|-unboost|p2b: Ursaluna|atk|1\n|move|p2a: Indeedee|Protect|p2a: Indeedee\n|-singleturn|p2a: Indeedee|Protect\n|move|p1a: Raging Bolt|Protect|p1a: Raging Bolt\n|-singleturn|p1a: Raging Bolt|Protect\n|move|p2b: Ursaluna|Facade|p1b: Incineroar\n|-damage|p1b: Incineroar|0 fnt\n|faint|p1b: Incineroar\n|\n|-heal|p2b: Ursaluna|100/100 brn|[from] Grassy Terrain\n|-heal|p2a: Indeedee|100/100|[from] Grassy Terrain\n|-heal|p1a: Raging Bolt|82/100|[from] Grassy Terrain\n|-heal|p1a: Raging Bolt|89/100|[from] item: Leftovers\n|-damage|p2b: Ursaluna|94/100 brn|[from] brn\n|-fieldend|move: Grassy Terrain\n|upkeep\n|\n|t:|1771267389\n|switch|p1b: Rillaboom|Rillaboom, M|100/100\n|-fieldstart|move: Grassy Terrain|[from] ability: Grassy Surge|[of] p1b: Rillaboom\n|turn|16\n|\n|t:|1771267412\n|-terastallize|p1a: Raging Bolt|Fairy\n|move|p2b: Ursaluna|Protect|p2b: Ursaluna\n|-singleturn|p2b: Ursaluna|Protect\n|move|p2a: Indeedee|Protect||[still]\n|-fail|p2a: Indeedee\n|move|p1b: Rillaboom|Fake Out|p2a: Indeedee\n|-damage|p2a: Indeedee|87/100\n|move|p1a: Raging Bolt|Dragon Pulse|p2b: Ursaluna\n|-activate|p2b: Ursaluna|move: Protect\n|\n|-heal|p2b: Ursaluna|100/100 brn|[from] Grassy Terrain\n|-heal|p2a: Indeedee|93/100|[from] Grassy Terrain\n|-heal|p1a: Raging Bolt|95/100|[from] Grassy Terrain\n|-heal|p1a: Raging Bolt|100/100|[from] item: Leftovers\n|-damage|p2b: Ursaluna|94/100 brn|[from] brn\n|upkeep\n|turn|17\n|\n|t:|1771267427\n|move|p2a: Indeedee|Helping Hand|p2b: Ursaluna\n|-singleturn|p2b: Ursaluna|Helping Hand|[of] p2a: Indeedee\n|move|p1b: Rillaboom|Grassy Glide|p2b: Ursaluna\n|-supereffective|p2b: Ursaluna\n|-damage|p2b: Ursaluna|34/100 brn\n|move|p2b: Ursaluna|Facade|p1a: Raging Bolt\n|-damage|p1a: Raging Bolt|15/100\n|move|p1a: Raging Bolt|Dragon Pulse|p2b: Ursaluna\n|-damage|p2b: Ursaluna|0 fnt\n|faint|p2b: Ursaluna\n|\n|-heal|p2a: Indeedee|99/100|[from] Grassy Terrain\n|-heal|p1a: Raging Bolt|21/100|[from] Grassy Terrain\n|-heal|p1a: Raging Bolt|27/100|[from] item: Leftovers\n|upkeep\n|-message|Pieflavor97 forfeited.\n|\n|win|number c18\n|raw|number c18's rating: 1518 &rarr; <strong>1546</strong><br />(+28 for winning)\n|raw|Pieflavor97's rating: 1664 &rarr; <strong>1636</strong><br />(-28 for losing)\n|l|☆Pieflavor97\n|player|p2|\n|l|☆number c18\n|player|p1|\n", "uploadtime": 1771267681, "views": 1, "formatid": "gen9doublesou", "rating": 1546, "private": 0, "password": null}