{"id": "gen9doublesou-2540894354", "format": "[Gen 9] Doubles OU", "players": ["pigrider09", "qwqwwqqwwq"], "log": "|j|☆pigrider09\n|j|☆qwqwwqqwwq\n|t:|1771264745\n|gametype|doubles\n|player|p1|pigrider09|barry|1599\n|player|p2|qwqwwqqwwq|hiker-gen4|1672\n|gen|9\n|tier|[Gen 9] Doubles OU\n|rated|\n|rule|HP Percentage Mod: HP is shown in percentages\n|rule|Endless Battle Clause: Forcing endless battles is banned\n|rule|Species Clause: Limit one of each Pokémon\n|rule|OHKO Clause: OHKO moves are banned\n|rule|Evasion Moves Clause: Evasion moves are banned\n|rule|Gravity Sleep Clause: The combination of sleep-inducing moves with imperfect accuracy and Gravity or Gigantamax Orbeetle are banned\n|rule|Evasion Abilities Clause: Evasion abilities are banned\n|clearpoke\n|poke|p1|Tyranitar, F|\n|poke|p1|Ogerpon-Wellspring, F|\n|poke|p1|Houndstone, M|\n|poke|p1|Ting-Lu|\n|poke|p1|Cresselia, F|\n|poke|p1|Iron Bundle|\n|poke|p2|Scizor, F|\n|poke|p2|Dragonite, F|\n|poke|p2|Tornadus, M|\n|poke|p2|Chandelure, F|\n|poke|p2|Golem, M|\n|poke|p2|Articuno-Galar|\n|teampreview\n|inactive|Battle timer is ON: inactive players will automatically lose when time's up. (requested by pigrider09)\n|\n|t:|1771264772\n|teamsize|p1|6\n|teamsize|p2|6\n|start\n|switch|p1a: Moose on the Loose|Ting-Lu|100/100\n|switch|p1b: Ogerpoggies|Ogerpon-Wellspring, F|100/100\n|switch|p2a: Scizor|Scizor, F|100/100\n|switch|p2b: Chandelure|Chandelure, F|100/100\n|-ability|p1a: Moose on the Loose|Vessel of Ruin\n|turn|1\n|\n|t:|1771264788\n|move|p2b: Chandelure|Protect|p2b: Chandelure\n|-singleturn|p2b: Chandelure|Protect\n|move|p1b: Ogerpoggies|Ivy Cudgel|p2b: Chandelure|[anim] Ivy Cudgel Water\n|-activate|p2b: Chandelure|move: Protect\n|move|p2a: Scizor|Bug Bite|p1a: Moose on the Loose\n|-supereffective|p1a: Moose on the Loose\n|-damage|p1a: Moose on the Loose|52/100\n|move|p1a: Moose on the Loose|Stealth Rock|p2b: Chandelure\n|-sidestart|p2: qwqwwqqwwq|move: Stealth Rock\n|\n|-heal|p1a: Moose on the Loose|58/100|[from] item: Leftovers\n|upkeep\n|turn|2\n|\n|t:|1771264804\n|move|p1b: Ogerpoggies|Ivy Cudgel|p2b: Chandelure|[anim] Ivy Cudgel Water\n|-supereffective|p2b: Chandelure\n|-enditem|p2b: Chandelure|Focus Sash\n|-damage|p2b: Chandelure|1/100\n|move|p2b: Chandelure|Heat Wave|p1b: Ogerpoggies|[spread] p1a,p1b\n|-damage|p1a: Moose on the Loose|39/100\n|-damage|p1b: Ogerpoggies|64/100\n|move|p2a: Scizor|Bug Bite|p1a: Moose on the Loose\n|-supereffective|p1a: Moose on the Loose\n|-damage|p1a: Moose on the Loose|0 fnt\n|faint|p1a: Moose on the Loose\n|\n|upkeep\n|\n|t:|1771264819\n|switch|p1a: Stop Fighting!|Tyranitar, F|100/100\n|-weather|Sandstorm|[from] ability: Sand Stream|[of] p1a: Stop Fighting!\n|turn|3\n|\n|t:|1771264828\n|move|p2a: Scizor|Bullet Punch|p1a: Stop Fighting!\n|-supereffective|p1a: Stop Fighting!\n|-damage|p1a: Stop Fighting!|53/100\n|move|p1b: Ogerpoggies|Ivy Cudgel|p2a: Scizor|[anim] Ivy Cudgel Water\n|-damage|p2a: Scizor|28/100\n|move|p2b: Chandelure|Shadow Ball|p1b: Ogerpoggies\n|-damage|p1b: Ogerpoggies|9/100\n|move|p1a: Stop Fighting!|Rock Slide|p2b: Chandelure|[spread] p2a,p2b\n|-supereffective|p2b: Chandelure\n|-damage|p2a: Scizor|0 fnt\n|-damage|p2b: Chandelure|0 fnt\n|faint|p2a: Scizor\n|faint|p2b: Chandelure\n|\n|-weather|Sandstorm|[upkeep]\n|-damage|p1b: Ogerpoggies|3/100|[from] Sandstorm\n|upkeep\n|\n|t:|1771264851\n|switch|p2b: Tornadus|Tornadus, M|100/100\n|switch|p2a: Dragonite|Dragonite, F|100/100\n|-damage|p2b: Tornadus|75/100|[from] Stealth Rock\n|-damage|p2a: Dragonite|76/100|[from] Stealth Rock\n|turn|4\n|\n|t:|1771264872\n|-terastallize|p2a: Dragonite|Ground\n|move|p2b: Tornadus|Bleakwind Storm|p1b: Ogerpoggies|[spread] p1a,p1b\n|-resisted|p1a: Stop Fighting!\n|-supereffective|p1b: Ogerpoggies\n|-damage|p1a: Stop Fighting!|47/100\n|-damage|p1b: Ogerpoggies|0 fnt\n|-unboost|p1a: Stop Fighting!|spe|1\n|faint|p1b: Ogerpoggies\n|move|p2a: Dragonite|Dragon Dance|p2a: Dragonite\n|-boost|p2a: Dragonite|atk|1\n|-boost|p2a: Dragonite|spe|1\n|move|p1a: Stop Fighting!|Rock Slide|p2a: Dragonite|[spread] p2a,p2b\n|-resisted|p2a: Dragonite\n|-supereffective|p2b: Tornadus\n|-damage|p2a: Dragonite|65/100\n|-damage|p2b: Tornadus|0 fnt\n|faint|p2b: Tornadus\n|\n|-weather|Sandstorm|[upkeep]\n|upkeep\n|inactive|qwqwwqqwwq has 120 seconds left.\n|\n|t:|1771264890\n|switch|p2b: Golem|Golem, M|100/100\n|switch|p1b: Bundle of Joy|Iron Bundle|100/100\n|-damage|p2b: Golem|95/100|[from] Stealth Rock\n|-enditem|p1b: Bundle of Joy|Booster Energy\n|-activate|p1b: Bundle of Joy|ability: Quark Drive|[fromitem]\n|-start|p1b: Bundle of Joy|quarkdrivespe\n|turn|5\n|\n|t:|1771264905\n|move|p2a: Dragonite|Protect|p2a: Dragonite\n|-singleturn|p2a: Dragonite|Protect\n|move|p1b: Bundle of Joy|Hydro Pump|p2a: Dragonite\n|-activate|p2a: Dragonite|move: Protect\n|move|p2b: Golem|Rock Slide|p1b: Bundle of Joy|[spread] p1a,p1b\n|-supereffective|p1b: Bundle of Joy\n|-damage|p1a: Stop Fighting!|23/100\n|-damage|p1b: Bundle of Joy|22/100\n|move|p1a: Stop Fighting!|Icy Wind|p2b: Golem|[spread] p2b\n|-activate|p2a: Dragonite|move: Protect\n|-supereffective|p2b: Golem\n|-damage|p2b: Golem|76/100\n|-unboost|p2b: Golem|spe|1\n|-enditem|p2b: Golem|Weakness Policy\n|-boost|p2b: Golem|atk|2|[from] item: Weakness Policy\n|-boost|p2b: Golem|spa|2|[from] item: Weakness Policy\n|\n|-weather|Sandstorm|[upkeep]\n|-damage|p1b: Bundle of Joy|16/100|[from] Sandstorm\n|upkeep\n|turn|6\n|\n|t:|1771264934\n|move|p2a: Dragonite|Extreme Speed|p1b: Bundle of Joy\n|-damage|p1b: Bundle of Joy|0 fnt\n|faint|p1b: Bundle of Joy\n|-end|p1b: Bundle of Joy|Quark Drive|[silent]\n|move|p2b: Golem|Earthquake|p1a: Stop Fighting!|[spread] p2a,p1a\n|-supereffective|p1a: Stop Fighting!\n|-damage|p2a: Dragonite|0 fnt\n|-damage|p1a: Stop Fighting!|0 fnt\n|faint|p2a: Dragonite\n|faint|p1a: Stop Fighting!\n|\n|-weather|Sandstorm|[upkeep]\n|upkeep\n|inactive|pigrider09 has 120 seconds left.\n|\n|t:|1771264946\n|switch|p1b: Quinten Tarantino|Cresselia, F|100/100\n|switch|p2a: Articuno|Articuno-Galar|100/100\n|switch|p1a: Doggone it|Houndstone, M|100/100\n|-damage|p2a: Articuno|76/100|[from] Stealth Rock\n|turn|7\n|\n|t:|1771264962\n|-terastallize|p1b: Quinten Tarantino|Fairy\n|move|p2a: Articuno|Protect|p2a: Articuno\n|-singleturn|p2a: Articuno|Protect\n|move|p2b: Golem|Protect|p2b: Golem\n|-singleturn|p2b: Golem|Protect\n|move|p1a: Doggone it|Last Respects|p2b: Golem\n|-activate|p2b: Golem|move: Protect\n|move|p1b: Quinten Tarantino|Moonblast|p2a: Articuno\n|-activate|p2a: Articuno|move: Protect\n|\n|-weather|none\n|upkeep\n|turn|8\n|\n|t:|1771264981\n|move|p2a: Articuno|Hyper Voice|p1b: Quinten Tarantino|[spread] p1b\n|-immune|p1a: Doggone it\n|-damage|p1b: Quinten Tarantino|86/100\n|move|p1a: Doggone it|Last Respects|p2b: Golem\n|-damage|p2b: Golem|0 fnt\n|faint|p2b: Golem\n|move|p1b: Quinten Tarantino|Moonblast|p2a: Articuno\n|-damage|p2a: Articuno|47/100\n|-unboost|p2a: Articuno|spa|1\n|-ability|p2a: Articuno|Competitive|boost\n|-boost|p2a: Articuno|spa|2\n|\n|-heal|p1b: Quinten Tarantino|92/100|[from] item: Leftovers\n|upkeep\n|turn|9\n|\n|t:|1771264998\n|move|p2a: Articuno|Freezing Glare|p1a: Doggone it\n|-damage|p1a: Doggone it|15/100\n|move|p1a: Doggone it|Last Respects|p2a: Articuno\n|-supereffective|p2a: Articuno\n|-damage|p2a: Articuno|0 fnt\n|faint|p2a: Articuno\n|\n|win|pigrider09\n|raw|pigrider09's rating: 1599 &rarr; <strong>1623</strong><br />(+24 for winning)\n|raw|qwqwwqqwwq's rating: 1672 &rarr; <strong>1648</strong><br />(-24 for losing)\n|l|☆qwqwwqqwwq\n|player|p2|\n|l|☆pigrider09\n|player|p1|\n", "uploadtime": 1771265205, "views": 3, "formatid": "gen9doublesou", "rating": 1623, "private": 0, "password": null}