{"id": "gen9doublesou-2540918921", "format": "[Gen 9] Doubles OU", "players": ["TirTire", "Juantimers"], "log": "|j|☆TirTire\n|j|☆Juantimers\n|t:|1771267109\n|gametype|doubles\n|player|p1|TirTire|bugcatcher-gen4dp|1522\n|player|p2|Juantimers|266|1533\n|gen|9\n|tier|[Gen 9] Doubles OU\n|rated|\n|rule|HP Percentage Mod: HP is shown in percentages\n|rule|Endless Battle Clause: Forcing endless battles is banned\n|rule|Species Clause: Limit one of each Pokémon\n|rule|OHKO Clause: OHKO moves are banned\n|rule|Evasion Moves Clause: Evasion moves are banned\n|rule|Gravity Sleep Clause: The combination of sleep-inducing moves with imperfect accuracy and Gravity or Gigantamax Orbeetle are banned\n|rule|Evasion Abilities Clause: Evasion abilities are banned\n|clearpoke\n|poke|p1|Raging Bolt|\n|poke|p1|Torkoal, F|\n|poke|p1|Brute Bonnet|\n|poke|p1|Lilligant, F|\n|poke|p1|Incineroar, M|\n|poke|p1|Walking Wake|\n|poke|p2|Sneasler, M|\n|poke|p2|Armarouge, M|\n|poke|p2|Indeedee, M|\n|poke|p2|Roaring Moon|\n|poke|p2|Torkoal, M|\n|poke|p2|Walking Wake|\n|teampreview\n|inactive|Battle timer is ON: inactive players will automatically lose when time's up. (requested by Juantimers)\n|\n|t:|1771267126\n|teamsize|p1|6\n|teamsize|p2|6\n|start\n|switch|p1a: Daveed Digs|Torkoal, F|100/100\n|switch|p1b: ISSBROKIE|Lilligant, F|100/100\n|switch|p2a: Roaring Moon|Roaring Moon|100/100\n|switch|p2b: Sneasler|Sneasler, M|100/100\n|-weather|SunnyDay|[from] ability: Drought|[of] p1a: Daveed Digs\n|-activate|p2a: Roaring Moon|ability: Protosynthesis\n|-start|p2a: Roaring Moon|protosynthesisspe\n|turn|1\n|\n|t:|1771267141\n|switch|p1b: Joji|Incineroar, M|100/100\n|-ability|p1b: Joji|Intimidate|boost\n|-unboost|p2a: Roaring Moon|atk|1\n|-unboost|p2b: Sneasler|atk|1\n|move|p1a: Daveed Digs|Protect|p1a: Daveed Digs\n|-singleturn|p1a: Daveed Digs|Protect\n|move|p2b: Sneasler|Fake Out|p1b: Joji\n|-damage|p1b: Joji|92/100\n|-enditem|p1b: Joji|Eject Button\n|\n|t:|1771267156\n|switch|p1b: ISSBROKIE|Lilligant, F|100/100\n|move|p2a: Roaring Moon|Tailwind|p2a: Roaring Moon\n|-sidestart|p2: Juantimers|move: Tailwind\n|\n|-weather|SunnyDay|[upkeep]\n|upkeep\n|turn|2\n|\n|t:|1771267169\n|switch|p1a: Joji|Incineroar, M|92/100\n|-ability|p1a: Joji|Intimidate|boost\n|-unboost|p2a: Roaring Moon|atk|1\n|-unboost|p2b: Sneasler|atk|1\n|move|p2a: Roaring Moon|Taunt|p1b: ISSBROKIE\n|-start|p1b: ISSBROKIE|move: Taunt\n|move|p2b: Sneasler|U-turn|p1a: Joji\n|-damage|p1a: Joji|80/100\n|-status|p1a: Joji|psn|[from] ability: Poison Touch|[of] p2b: Sneasler\n|\n|t:|1771267177\n|switch|p2b: Walking Wake|Walking Wake|100/100|[from] U-turn\n|-activate|p2b: Walking Wake|ability: Protosynthesis\n|-start|p2b: Walking Wake|protosynthesisspe\n|cant|p1b: ISSBROKIE|move: Taunt|Sleep Powder\n|\n|-weather|SunnyDay|[upkeep]\n|-damage|p1a: Joji|68/100 psn|[from] psn\n|upkeep\n|turn|3\n|\n|t:|1771267196\n|move|p2a: Roaring Moon|Taunt|p1a: Joji\n|-start|p1a: Joji|move: Taunt\n|move|p2b: Walking Wake|Weather Ball|p1b: ISSBROKIE\n|-supereffective|p1b: ISSBROKIE\n|-enditem|p1b: ISSBROKIE|Focus Sash\n|-damage|p1b: ISSBROKIE|1/100\n|-damage|p2b: Walking Wake|91/100|[from] item: Life Orb\n|move|p1b: ISSBROKIE|Solar Beam||[still]\n|-prepare|p1b: ISSBROKIE|Solar Beam\n|-anim|p1b: ISSBROKIE|Solar Beam|p2b: Walking Wake\n|-damage|p2b: Walking Wake|29/100\n|move|p1a: Joji|Knock Off|p2b: Walking Wake\n|-damage|p2b: Walking Wake|0 fnt\n|-enditem|p2b: Walking Wake|Life Orb|[from] move: Knock Off|[of] p1a: Joji\n|faint|p2b: Walking Wake\n|-end|p2b: Walking Wake|Protosynthesis|[silent]\n|\n|-weather|SunnyDay|[upkeep]\n|-damage|p1a: Joji|55/100 psn|[from] psn\n|upkeep\n|\n|t:|1771267208\n|switch|p2b: Sneasler|Sneasler, M|100/100\n|turn|4\n|\n|t:|1771267215\n|switch|p1b: Aesop Rock|Brute Bonnet|100/100\n|-activate|p1b: Aesop Rock|ability: Protosynthesis\n|-start|p1b: Aesop Rock|protosynthesisatk\n|move|p2a: Roaring Moon|Knock Off|p1b: Aesop Rock\n|-resisted|p1b: Aesop Rock\n|-damage|p1b: Aesop Rock|89/100\n|-enditem|p1b: Aesop Rock|Clear Amulet|[from] move: Knock Off|[of] p2a: Roaring Moon\n|move|p2b: Sneasler|Close Combat|p1a: Joji\n|-supereffective|p1a: Joji\n|-damage|p1a: Joji|0 fnt\n|-unboost|p2b: Sneasler|def|1\n|-unboost|p2b: Sneasler|spd|1\n|faint|p1a: Joji\n|\n|-weather|SunnyDay|[upkeep]\n|-sideend|p2: Juantimers|move: Tailwind\n|upkeep\n|\n|t:|1771267219\n|switch|p1a: ISSBROKIE|Lilligant, F|1/100\n|turn|5\n|\n|t:|1771267236\n|move|p1a: ISSBROKIE|Weather Ball|p2b: Sneasler\n|-crit|p2b: Sneasler\n|-enditem|p2b: Sneasler|Focus Sash\n|-damage|p2b: Sneasler|1/100\n|move|p2a: Roaring Moon|Taunt|p1a: ISSBROKIE\n|-start|p1a: ISSBROKIE|move: Taunt\n|move|p2b: Sneasler|U-turn|p1a: ISSBROKIE\n|-supereffective|p1a: ISSBROKIE\n|-damage|p1a: ISSBROKIE|0 fnt\n|faint|p1a: ISSBROKIE\n|\n|t:|1771267247\n|switch|p2b: Armarouge|Armarouge, M|100/100|[from] U-turn\n|move|p1b: Aesop Rock|Spore|p2a: Roaring Moon\n|-status|p2a: Roaring Moon|slp|[from] move: Spore\n|\n|-weather|SunnyDay|[upkeep]\n|upkeep\n|\n|t:|1771267257\n|switch|p1a: MC Ride|Walking Wake|100/100\n|-activate|p1a: MC Ride|ability: Protosynthesis\n|-start|p1a: MC Ride|protosynthesisspa\n|turn|6\n|\n|t:|1771267283\n|move|p1b: Aesop Rock|Sucker Punch|p2b: Armarouge\n|-supereffective|p2b: Armarouge\n|-damage|p2b: Armarouge|0 fnt\n|faint|p2b: Armarouge\n|cant|p2a: Roaring Moon|slp\n|move|p1a: MC Ride|Snarl|p2a: Roaring Moon\n|-resisted|p2a: Roaring Moon\n|-damage|p2a: Roaring Moon|85/100 slp\n|-damage|p1a: MC Ride|91/100|[from] item: Life Orb\n|\n|-weather|SunnyDay|[upkeep]\n|upkeep\n|\n|t:|1771267286\n|switch|p2b: Sneasler|Sneasler, M|1/100\n|turn|7\n|\n|t:|1771267298\n|-end|p2a: Roaring Moon|Protosynthesis|[silent]\n|switch|p2a: Indeedee|Indeedee, M|100/100\n|-fieldstart|move: Psychic Terrain|[from] ability: Psychic Surge|[of] p2a: Indeedee\n|move|p1a: MC Ride|Protect|p1a: MC Ride\n|-singleturn|p1a: MC Ride|Protect\n|move|p2b: Sneasler|U-turn|p1b: Aesop Rock\n|-supereffective|p1b: Aesop Rock\n|-damage|p1b: Aesop Rock|8/100\n|\n|t:|1771267306\n|switch|p2b: Roaring Moon|Roaring Moon|85/100 slp|[from] U-turn\n|-activate|p2b: Roaring Moon|ability: Protosynthesis\n|-start|p2b: Roaring Moon|protosynthesisspe\n|move|p1b: Aesop Rock|Seed Bomb|p2a: Indeedee\n|-damage|p2a: Indeedee|0 fnt\n|faint|p2a: Indeedee\n|\n|-weather|SunnyDay|[upkeep]\n|upkeep\n|\n|t:|1771267308\n|switch|p2a: Sneasler|Sneasler, M|1/100\n|turn|8\n|\n|t:|1771267325\n|move|p1b: Aesop Rock|Rage Powder|p1b: Aesop Rock\n|-singleturn|p1b: Aesop Rock|move: Rage Powder\n|cant|p2b: Roaring Moon|slp\n|move|p2a: Sneasler|U-turn|p1b: Aesop Rock\n|-supereffective|p1b: Aesop Rock\n|-damage|p1b: Aesop Rock|0 fnt\n|faint|p1b: Aesop Rock\n|-end|p1b: Aesop Rock|Protosynthesis|[silent]\n|\n|t:|1771267330\n|switch|p2a: Torkoal|Torkoal, M|100/100|[from] U-turn\n|move|p1a: MC Ride|Snarl|p2a: Torkoal|[spread] p2a,p2b\n|-crit|p2a: Torkoal\n|-resisted|p2b: Roaring Moon\n|-damage|p2a: Torkoal|51/100\n|-damage|p2b: Roaring Moon|74/100 slp\n|-unboost|p2a: Torkoal|spa|1\n|-damage|p1a: MC Ride|81/100|[from] item: Life Orb\n|\n|-weather|none\n|-end|p2b: Roaring Moon|Protosynthesis\n|-end|p1a: MC Ride|Protosynthesis\n|upkeep\n|\n|t:|1771267350\n|switch|p1b: Daveed Digs|Torkoal, F|100/100\n|-weather|SunnyDay|[from] ability: Drought|[of] p1b: Daveed Digs\n|-activate|p2b: Roaring Moon|ability: Protosynthesis\n|-start|p2b: Roaring Moon|protosynthesisspe\n|-activate|p1a: MC Ride|ability: Protosynthesis\n|-start|p1a: MC Ride|protosynthesisspa\n|turn|9\n|\n|t:|1771267369\n|-terastallize|p2b: Roaring Moon|Fairy\n|move|p1a: MC Ride|Protect|p1a: MC Ride\n|-singleturn|p1a: MC Ride|Protect\n|-curestatus|p2b: Roaring Moon|slp|[msg]\n|move|p2b: Roaring Moon|Knock Off|p1a: MC Ride\n|-activate|p1a: MC Ride|move: Protect\n|move|p2a: Torkoal|Body Press|p1a: MC Ride\n|-activate|p1a: MC Ride|move: Protect\n|move|p1b: Daveed Digs|Eruption|p2b: Roaring Moon|[spread] p2a,p2b\n|-resisted|p2a: Torkoal\n|-damage|p2a: Torkoal|1/100\n|-damage|p2b: Roaring Moon|6/100\n|\n|-weather|SunnyDay|[upkeep]\n|upkeep\n|turn|10\n|\n|t:|1771267395\n|move|p2b: Roaring Moon|Knock Off|p1a: MC Ride\n|-damage|p1a: MC Ride|21/100\n|-enditem|p1a: MC Ride|Life Orb|[from] move: Knock Off|[of] p2b: Roaring Moon\n|move|p1a: MC Ride|Snarl|p2b: Roaring Moon|[spread] p2a,p2b\n|-resisted|p2b: Roaring Moon\n|-damage|p2a: Torkoal|0 fnt\n|-damage|p2b: Roaring Moon|0 fnt\n|faint|p2a: Torkoal\n|faint|p2b: Roaring Moon\n|-end|p2b: Roaring Moon|Protosynthesis|[silent]\n|move|p1b: Daveed Digs|Eruption|p2: Torkoal|[notarget]\n|-fail|p1b: Daveed Digs\n|\n|-weather|SunnyDay|[upkeep]\n|upkeep\n|\n|t:|1771267401\n|switch|p2b: Sneasler|Sneasler, M|1/100\n|turn|11\n|\n|t:|1771267406\n|move|p1a: MC Ride|Protect|p1a: MC Ride\n|-singleturn|p1a: MC Ride|Protect\n|move|p1b: Daveed Digs|Protect|p1b: Daveed Digs\n|-singleturn|p1b: Daveed Digs|Protect\n|move|p2b: Sneasler|Close Combat|p1b: Daveed Digs\n|-activate|p1b: Daveed Digs|move: Protect\n|\n|-weather|SunnyDay|[upkeep]\n|upkeep\n|turn|12\n|c|☆TirTire|gg\n|\n|t:|1771267413\n|move|p2b: Sneasler|Dire Claw|p1a: MC Ride\n|-damage|p1a: MC Ride|0 fnt\n|faint|p1a: MC Ride\n|-end|p1a: MC Ride|Protosynthesis|[silent]\n|move|p1b: Daveed Digs|Earth Power|p2b: Sneasler\n|-supereffective|p2b: Sneasler\n|-damage|p2b: Sneasler|0 fnt\n|faint|p2b: Sneasler\n|\n|win|TirTire\n|raw|TirTire's rating: 1522 &rarr; <strong>1543</strong><br />(+21 for winning)\n|raw|Juantimers's rating: 1533 &rarr; <strong>1512</strong><br />(-21 for losing)\n|l|☆TirTire\n|player|p1|\n|l|☆Juantimers\n|player|p2|\n", "uploadtime": 1771267681, "views": 1, "formatid": "gen9doublesou", "rating": 1512, "private": 0, "password": null}