{"id": "gen9doublesou-2540052869", "format": "[Gen 9] Doubles OU", "players": ["ultimathrash", "takisopalios"], "log": "|j|‽ultimathrash\n|j|☆takisopalios\n|t:|1771153050\n|gametype|doubles\n|player|p1|ultimathrash|pilot|1680\n|player|p2|takisopalios|shadowtriad|1624\n|gen|9\n|tier|[Gen 9] Doubles OU\n|rated|\n|rule|HP Percentage Mod: HP is shown in percentages\n|rule|Endless Battle Clause: Forcing endless battles is banned\n|rule|Species Clause: Limit one of each Pokémon\n|rule|OHKO Clause: OHKO moves are banned\n|rule|Evasion Moves Clause: Evasion moves are banned\n|rule|Gravity Sleep Clause: The combination of sleep-inducing moves with imperfect accuracy and Gravity or Gigantamax Orbeetle are banned\n|rule|Evasion Abilities Clause: Evasion abilities are banned\n|clearpoke\n|poke|p1|Ogerpon-Hearthflame, F|\n|poke|p1|Roaring Moon|\n|poke|p1|Okidogi, M|\n|poke|p1|Rillaboom, M|\n|poke|p1|Volcanion|\n|poke|p1|Landorus, M|\n|poke|p2|Tornadus, M|\n|poke|p2|Chien-Pao|\n|poke|p2|Gallade, M|\n|poke|p2|Chi-Yu|\n|poke|p2|Okidogi, M|\n|poke|p2|Raging Bolt|\n|teampreview\n|\n|t:|1771153079\n|teamsize|p1|6\n|teamsize|p2|6\n|start\n|switch|p1a: Volcanion|Volcanion|100/100\n|switch|p1b: Rillaboom|Rillaboom, M|100/100\n|switch|p2a: Tornadus|Tornadus, M|100/100\n|switch|p2b: Chi-Yu|Chi-Yu|100/100\n|-ability|p2b: Chi-Yu|Beads of Ruin\n|-fieldstart|move: Grassy Terrain|[from] ability: Grassy Surge|[of] p1b: Rillaboom\n|turn|1\n|inactive|Battle timer is ON: inactive players will automatically lose when time's up. (requested by ultimathrash)\n|\n|t:|1771153095\n|switch|p1b: Roaring Moon|Roaring Moon|100/100\n|-enditem|p1b: Roaring Moon|Booster Energy\n|-activate|p1b: Roaring Moon|ability: Protosynthesis|[fromitem]\n|-start|p1b: Roaring Moon|protosynthesisspe\n|move|p2b: Chi-Yu|Protect|p2b: Chi-Yu\n|-singleturn|p2b: Chi-Yu|Protect\n|move|p2a: Tornadus|Bleakwind Storm|p1a: Volcanion|[spread] p1a\n|-miss|p2a: Tornadus|p1b: Roaring Moon\n|-damage|p1a: Volcanion|68/100\n|move|p1a: Volcanion|Steam Eruption|p2b: Chi-Yu\n|-activate|p2b: Chi-Yu|move: Protect\n|\n|-heal|p1a: Volcanion|74/100|[from] Grassy Terrain\n|upkeep\n|turn|2\n|inactive|ultimathrash has 120 seconds left.\n|\n|t:|1771153128\n|switch|p2b: Raging Bolt|Raging Bolt|100/100\n|-enditem|p2b: Raging Bolt|Booster Energy\n|-activate|p2b: Raging Bolt|ability: Protosynthesis|[fromitem]\n|-start|p2b: Raging Bolt|protosynthesisspa\n|move|p2a: Tornadus|Tailwind|p2a: Tornadus\n|-sidestart|p2: takisopalios|move: Tailwind\n|move|p1b: Roaring Moon|Tailwind|p1b: Roaring Moon\n|-sidestart|p1: ultimathrash|move: Tailwind\n|move|p1a: Volcanion|Steam Eruption|p2b: Raging Bolt\n|-resisted|p2b: Raging Bolt\n|-damage|p2b: Raging Bolt|76/100\n|\n|-heal|p1a: Volcanion|80/100|[from] Grassy Terrain\n|-heal|p2b: Raging Bolt|82/100|[from] Grassy Terrain\n|upkeep\n|turn|3\n|\n|t:|1771153148\n|-terastallize|p2b: Raging Bolt|Electric\n|move|p1b: Roaring Moon|Protect|p1b: Roaring Moon\n|-singleturn|p1b: Roaring Moon|Protect\n|move|p2a: Tornadus|Bleakwind Storm|p1a: Volcanion|[spread] p1a\n|-activate|p1b: Roaring Moon|move: Protect\n|-damage|p1a: Volcanion|55/100\n|-unboost|p1a: Volcanion|spe|1\n|move|p2b: Raging Bolt|Electroweb|p1a: Volcanion|[spread] \n|-activate|p1b: Roaring Moon|move: Protect\n|-miss|p2b: Raging Bolt|p1a: Volcanion\n|move|p1a: Volcanion|Earth Power|p2b: Raging Bolt\n|-supereffective|p2b: Raging Bolt\n|-damage|p2b: Raging Bolt|29/100\n|\n|-heal|p2b: Raging Bolt|35/100|[from] Grassy Terrain\n|-heal|p1a: Volcanion|61/100|[from] Grassy Terrain\n|upkeep\n|turn|4\n|\n|t:|1771153165\n|switch|p1a: Landorus|Landorus, M|100/100\n|move|p1b: Roaring Moon|Knock Off|p2a: Tornadus\n|-damage|p2a: Tornadus|34/100\n|-enditem|p2a: Tornadus|Covert Cloak|[from] move: Knock Off|[of] p1b: Roaring Moon\n|move|p2a: Tornadus|Bleakwind Storm|p1a: Landorus|[spread] p1b\n|-miss|p2a: Tornadus|p1a: Landorus\n|-damage|p1b: Roaring Moon|59/100\n|-unboost|p1b: Roaring Moon|spe|1\n|move|p2b: Raging Bolt|Electroweb|p1b: Roaring Moon|[spread] p1b\n|-immune|p1a: Landorus\n|-resisted|p1b: Roaring Moon\n|-damage|p1b: Roaring Moon|35/100\n|-unboost|p1b: Roaring Moon|spe|1\n|\n|-heal|p1b: Roaring Moon|41/100|[from] Grassy Terrain\n|-heal|p2b: Raging Bolt|41/100|[from] Grassy Terrain\n|upkeep\n|turn|5\n|\n|t:|1771153190\n|-end|p1b: Roaring Moon|Protosynthesis|[silent]\n|switch|p1b: Rillaboom|Rillaboom, M|100/100\n|move|p2a: Tornadus|Protect|p2a: Tornadus\n|-singleturn|p2a: Tornadus|Protect\n|move|p1a: Landorus|Sludge Bomb|p2a: Tornadus\n|-activate|p2a: Tornadus|move: Protect\n|move|p2b: Raging Bolt|Dragon Pulse|p1a: Landorus\n|-damage|p1a: Landorus|15/100\n|\n|-heal|p2b: Raging Bolt|47/100|[from] Grassy Terrain\n|-sideend|p2: takisopalios|move: Tailwind\n|-sideend|p1: ultimathrash|move: Tailwind\n|-fieldend|move: Grassy Terrain\n|upkeep\n|turn|6\n|\n|t:|1771153211\n|switch|p2a: Gallade|Gallade, M|100/100\n|move|p1b: Rillaboom|Fake Out|p2a: Gallade\n|-damage|p2a: Gallade|78/100\n|move|p1a: Landorus|Sludge Bomb|p2a: Gallade\n|-damage|p2a: Gallade|39/100\n|move|p2b: Raging Bolt|Dragon Pulse|p1b: Rillaboom\n|-damage|p1b: Rillaboom|52/100\n|\n|upkeep\n|turn|7\n|\n|t:|1771153229\n|switch|p1b: Volcanion|Volcanion|61/100\n|-end|p2b: Raging Bolt|Protosynthesis|[silent]\n|switch|p2b: Tornadus|Tornadus, M|34/100\n|move|p1a: Landorus|Stealth Rock|p2a: Gallade\n|-sidestart|p2: takisopalios|move: Stealth Rock\n|move|p2a: Gallade|Sacred Sword|p1b: Volcanion\n|-damage|p1b: Volcanion|2/100\n|\n|upkeep\n|turn|8\n|inactive|ultimathrash has 120 seconds left.\n|\n|t:|1771153262\n|move|p2b: Tornadus|Tailwind|p2b: Tornadus\n|-sidestart|p2: takisopalios|move: Tailwind\n|move|p2a: Gallade|Sacred Sword|p1a: Landorus\n|-resisted|p1a: Landorus\n|-damage|p1a: Landorus|0 fnt\n|faint|p1a: Landorus\n|move|p1b: Volcanion|Heat Wave|p2b: Tornadus|[spread] p2a,p2b\n|-damage|p2a: Gallade|2/100\n|-damage|p2b: Tornadus|0 fnt\n|faint|p2b: Tornadus\n|\n|upkeep\n|inactive|ultimathrash has 120 seconds left.\n|\n|t:|1771153275\n|switch|p1a: Rillaboom|Rillaboom, M|52/100\n|switch|p2b: Raging Bolt|Raging Bolt, tera:Electric|47/100\n|-damage|p2b: Raging Bolt|35/100|[from] Stealth Rock\n|-fieldstart|move: Grassy Terrain|[from] ability: Grassy Surge|[of] p1a: Rillaboom\n|turn|9\n|\n|t:|1771153298\n|move|p2a: Gallade|Wide Guard|p2a: Gallade\n|-singleturn|p2a: Gallade|Wide Guard\n|move|p1a: Rillaboom|Fake Out|p2a: Gallade\n|-damage|p2a: Gallade|0 fnt\n|faint|p2a: Gallade\n|move|p2b: Raging Bolt|Electroweb|p1b: Volcanion|[spread] p1a,p1b\n|-resisted|p1a: Rillaboom\n|-supereffective|p1b: Volcanion\n|-damage|p1a: Rillaboom|38/100\n|-damage|p1b: Volcanion|0 fnt\n|-unboost|p1a: Rillaboom|spe|1\n|faint|p1b: Volcanion\n|\n|-heal|p2b: Raging Bolt|41/100|[from] Grassy Terrain\n|-heal|p1a: Rillaboom|44/100|[from] Grassy Terrain\n|upkeep\n|\n|t:|1771153314\n|switch|p2a: Chi-Yu|Chi-Yu|100/100\n|switch|p1b: Okidogi|Okidogi, M|100/100\n|-damage|p2a: Chi-Yu|75/100|[from] Stealth Rock\n|-ability|p2a: Chi-Yu|Beads of Ruin\n|turn|10\n|\n|t:|1771153328\n|switch|p1a: Ogerpon|Ogerpon-Hearthflame, F|100/100\n|-ability|p1a: Ogerpon|Mold Breaker\n|move|p2a: Chi-Yu|Heat Wave|p1a: Ogerpon|[spread] p1a,p1b\n|-damage|p1a: Ogerpon|39/100\n|-damage|p1b: Okidogi|63/100\n|move|p2b: Raging Bolt|Thunderbolt|p1b: Okidogi\n|-damage|p1b: Okidogi|3/100\n|move|p1b: Okidogi|Drain Punch|p2a: Chi-Yu\n|-supereffective|p2a: Chi-Yu\n|-damage|p2a: Chi-Yu|0 fnt\n|-heal|p1b: Okidogi|28/100|[from] drain|[of] p2a: Chi-Yu\n|faint|p2a: Chi-Yu\n|\n|-heal|p2b: Raging Bolt|47/100|[from] Grassy Terrain\n|-heal|p1a: Ogerpon|46/100|[from] Grassy Terrain\n|-heal|p1b: Okidogi|34/100|[from] Grassy Terrain\n|upkeep\n|\n|t:|1771153344\n|switch|p2a: Chien-Pao|Chien-Pao|100/100\n|-damage|p2a: Chien-Pao|76/100|[from] Stealth Rock\n|-ability|p2a: Chien-Pao|Sword of Ruin\n|turn|11\n|\n|t:|1771153360\n|move|p1a: Ogerpon|Spiky Shield|p1a: Ogerpon\n|-singleturn|p1a: Ogerpon|move: Protect\n|move|p2a: Chien-Pao|Sacred Sword|p1a: Ogerpon\n|-activate|p1a: Ogerpon|move: Protect\n|-damage|p2a: Chien-Pao|63/100|[from] Spiky Shield|[of] p1a: Ogerpon\n|move|p2b: Raging Bolt|Thunderbolt|p1b: Okidogi\n|-damage|p1b: Okidogi|0 fnt\n|faint|p1b: Okidogi\n|\n|-heal|p2a: Chien-Pao|69/100|[from] Grassy Terrain\n|-heal|p2b: Raging Bolt|53/100|[from] Grassy Terrain\n|-heal|p1a: Ogerpon|52/100|[from] Grassy Terrain\n|-sideend|p2: takisopalios|move: Tailwind\n|upkeep\n|\n|t:|1771153371\n|switch|p1b: Rillaboom|Rillaboom, M|44/100\n|turn|12\n|\n|t:|1771153377\n|move|p1b: Rillaboom|Fake Out|p2b: Raging Bolt\n|-damage|p2b: Raging Bolt|38/100\n|move|p2a: Chien-Pao|Ice Shard|p1b: Rillaboom\n|-supereffective|p1b: Rillaboom\n|-damage|p1b: Rillaboom|0 fnt\n|faint|p1b: Rillaboom\n|move|p1a: Ogerpon|Ivy Cudgel|p2b: Raging Bolt|[anim] Ivy Cudgel Fire\n|-damage|p2b: Raging Bolt|0 fnt\n|faint|p2b: Raging Bolt\n|-end|p2b: Raging Bolt|Protosynthesis|[silent]\n|\n|-heal|p2a: Chien-Pao|75/100|[from] Grassy Terrain\n|-heal|p1a: Ogerpon|58/100|[from] Grassy Terrain\n|upkeep\n|\n|t:|1771153386\n|switch|p1b: Roaring Moon|Roaring Moon|41/100\n|switch|p2b: Okidogi|Okidogi, M|100/100\n|-damage|p2b: Okidogi|95/100|[from] Stealth Rock\n|turn|13\n|\n|t:|1771153395\n|-terastallize|p1a: Ogerpon|Fire\n|detailschange|p1a: Ogerpon|Ogerpon-Hearthflame-Tera, F, tera:Fire\n|-ability|p1a: Ogerpon|Embody Aspect (Hearthflame)|boost\n|-boost|p1a: Ogerpon|atk|1\n|move|p2a: Chien-Pao|Ice Shard|p1b: Roaring Moon\n|-supereffective|p1b: Roaring Moon\n|-damage|p1b: Roaring Moon|0 fnt\n|faint|p1b: Roaring Moon\n|-end|p1b: Roaring Moon|Protosynthesis|[silent]\n|move|p1a: Ogerpon|Ivy Cudgel|p2b: Okidogi|[anim] Ivy Cudgel Fire\n|-damage|p2b: Okidogi|0 fnt\n|faint|p2b: Okidogi\n|\n|-heal|p2a: Chien-Pao|81/100|[from] Grassy Terrain\n|-heal|p1a: Ogerpon|64/100|[from] Grassy Terrain\n|-fieldend|move: Grassy Terrain\n|upkeep\n|turn|14\n|\n|t:|1771153408\n|move|p2a: Chien-Pao|Sucker Punch|p1a: Ogerpon\n|-damage|p1a: Ogerpon|9/100\n|move|p1a: Ogerpon|Ivy Cudgel|p2a: Chien-Pao|[anim] Ivy Cudgel Fire\n|-supereffective|p2a: Chien-Pao\n|-damage|p2a: Chien-Pao|0 fnt\n|faint|p2a: Chien-Pao\n|\n|win|ultimathrash\n|raw|ultimathrash's rating: 1680 &rarr; <strong>1697</strong><br />(+17 for winning)\n|raw|takisopalios's rating: 1624 &rarr; <strong>1607</strong><br />(-17 for losing)\n|l|☆takisopalios\n|player|p2|\n|l|‽ultimathrash\n|player|p1|\n", "uploadtime": 1771153723, "views": 11, "formatid": "gen9doublesou", "rating": 1607, "private": 0, "password": null}