{"id": "gen9doublesou-2540068296", "format": "[Gen 9] Doubles OU", "players": ["Lemecano", "StellaStar"], "log": "|j|☆Lemecano\n|j|☆StellaStar\n|t:|1771156120\n|gametype|doubles\n|player|p1|Lemecano|170|1554\n|player|p2|StellaStar|169|1547\n|gen|9\n|tier|[Gen 9] Doubles OU\n|rated|\n|rule|HP Percentage Mod: HP is shown in percentages\n|rule|Endless Battle Clause: Forcing endless battles is banned\n|rule|Species Clause: Limit one of each Pokémon\n|rule|OHKO Clause: OHKO moves are banned\n|rule|Evasion Moves Clause: Evasion moves are banned\n|rule|Gravity Sleep Clause: The combination of sleep-inducing moves with imperfect accuracy and Gravity or Gigantamax Orbeetle are banned\n|rule|Evasion Abilities Clause: Evasion abilities are banned\n|clearpoke\n|poke|p1|Regidrago|\n|poke|p1|Incineroar, F|\n|poke|p1|Clefable, M|\n|poke|p1|Ogerpon-Wellspring, F|\n|poke|p1|Raging Bolt|\n|poke|p1|Sneasler, M|\n|poke|p2|Sinistcha-Masterpiece|\n|poke|p2|Iron Hands|\n|poke|p2|Oranguru, M|\n|poke|p2|Hatterene, F|\n|poke|p2|Ursaluna-Bloodmoon, M|\n|poke|p2|Kingambit, F|\n|teampreview\n|inactive|Battle timer is ON: inactive players will automatically lose when time's up. (requested by Lemecano)\n|\n|t:|1771156136\n|teamsize|p1|6\n|teamsize|p2|6\n|start\n|switch|p1a: Ogerpon|Ogerpon-Wellspring, F|100/100\n|switch|p1b: Sneasler|Sneasler, M|100/100\n|switch|p2a: Oranguru|Oranguru, M, shiny|100/100\n|switch|p2b: Kingambit|Kingambit, F|100/100\n|turn|1\n|\n|t:|1771156153\n|switch|p2b: Hatterene|Hatterene, F, shiny|100/100\n|move|p1a: Ogerpon|Spiky Shield|p1a: Ogerpon\n|-singleturn|p1a: Ogerpon|move: Protect\n|move|p1b: Sneasler|Close Combat|p2b: Hatterene\n|-resisted|p2b: Hatterene\n|-damage|p2b: Hatterene|77/100\n|-unboost|p1b: Sneasler|def|1\n|-unboost|p1b: Sneasler|spd|1\n|-status|p2b: Hatterene|psn|[from] ability: Poison Touch|[of] p1b: Sneasler\n|-damage|p1b: Sneasler|91/100|[from] item: Life Orb\n|move|p2a: Oranguru|Trick Room|p2a: Oranguru\n|-fieldstart|move: Trick Room|[of] p2a: Oranguru\n|\n|-damage|p2b: Hatterene|65/100 psn|[from] psn\n|upkeep\n|turn|2\n|\n|t:|1771156172\n|switch|p1b: Incineroar|Incineroar, F|100/100\n|-ability|p1b: Incineroar|Intimidate|boost\n|-fail|p2a: Oranguru|unboost|Attack|[from] ability: Inner Focus|[of] p2a: Oranguru\n|-unboost|p2b: Hatterene|atk|1\n|move|p2b: Hatterene|Dazzling Gleam|p1b: Incineroar|[spread] p1a,p1b\n|-damage|p1a: Ogerpon|52/100\n|-damage|p1b: Incineroar|70/100\n|-damage|p2b: Hatterene|55/100 psn|[from] item: Life Orb\n|move|p2a: Oranguru|Instruct|p2b: Hatterene\n|-singleturn|p2b: Hatterene|move: Instruct|[of] p2a: Oranguru\n|move|p2b: Hatterene|Dazzling Gleam|p1a: Ogerpon|[spread] p1a,p1b\n|-damage|p1a: Ogerpon|10/100\n|-damage|p1b: Incineroar|38/100\n|-damage|p2b: Hatterene|45/100 psn|[from] item: Life Orb\n|move|p1a: Ogerpon|Ivy Cudgel|p2b: Hatterene|[anim] Ivy Cudgel Water\n|-damage|p2b: Hatterene|0 fnt\n|faint|p2b: Hatterene\n|\n|upkeep\n|c|☆Lemecano|glhf\n|inactive|StellaStar has 120 seconds left.\n|\n|t:|1771156210\n|switch|p2b: Ursaluna|Ursaluna-Bloodmoon, M|100/100\n|turn|3\n|\n|t:|1771156227\n|move|p1a: Ogerpon|Spiky Shield|p1a: Ogerpon\n|-singleturn|p1a: Ogerpon|move: Protect\n|move|p1b: Incineroar|Fake Out|p2b: Ursaluna\n|-damage|p2b: Ursaluna|93/100\n|cant|p2b: Ursaluna|flinch\n|move|p2a: Oranguru|Encore|p1b: Incineroar\n|-start|p1b: Incineroar|Encore\n|\n|upkeep\n|turn|4\n|\n|t:|1771156243\n|switch|p1b: Clefable|Clefable, M|100/100\n|move|p2b: Ursaluna|Hyper Voice|p1a: Ogerpon|[spread] p1a,p1b\n|-crit|p1a: Ogerpon\n|-damage|p1a: Ogerpon|0 fnt\n|-damage|p1b: Clefable|68/100\n|faint|p1a: Ogerpon\n|-enditem|p2b: Ursaluna|Throat Spray\n|-boost|p2b: Ursaluna|spa|1|[from] item: Throat Spray\n|move|p2a: Oranguru|Instruct|p2b: Ursaluna\n|-singleturn|p2b: Ursaluna|move: Instruct|[of] p2a: Oranguru\n|move|p2b: Ursaluna|Hyper Voice|p1b: Clefable\n|-damage|p1b: Clefable|26/100\n|-enditem|p1b: Clefable|Sitrus Berry|[eat]\n|-heal|p1b: Clefable|51/100|[from] item: Sitrus Berry\n|\n|upkeep\n|\n|t:|1771156252\n|switch|p1a: Regidrago|Regidrago|100/100\n|turn|5\n|\n|t:|1771156261\n|move|p1b: Clefable|Protect|p1b: Clefable\n|-singleturn|p1b: Clefable|Protect\n|move|p1a: Regidrago|Protect|p1a: Regidrago\n|-singleturn|p1a: Regidrago|Protect\n|move|p2b: Ursaluna|Blood Moon|p1a: Regidrago\n|-activate|p1a: Regidrago|move: Protect\n|move|p2a: Oranguru|Instruct|p2b: Ursaluna\n|-singleturn|p2b: Ursaluna|move: Instruct|[of] p2a: Oranguru\n|move|p2b: Ursaluna|Blood Moon|p1a: Regidrago\n|-activate|p1a: Regidrago|move: Protect\n|-hint|Some effects can force a Pokemon to use Blood Moon again in a row.\n|\n|-fieldend|move: Trick Room\n|upkeep\n|turn|6\n|\n|t:|1771156275\n|-terastallize|p1a: Regidrago|Dragon\n|move|p1a: Regidrago|Dragon Energy|p2b: Ursaluna|[spread] p2a,p2b\n|-damage|p2a: Oranguru|0 fnt\n|-damage|p2b: Ursaluna|0 fnt\n|faint|p2a: Oranguru\n|faint|p2b: Ursaluna\n|move|p1b: Clefable|Moonblast|p2: Oranguru|[notarget]\n|-fail|p1b: Clefable\n|\n|upkeep\n|\n|t:|1771156285\n|switch|p2a: Sinistcha|Sinistcha-Masterpiece, shiny|100/100\n|switch|p2b: Iron Hands|Iron Hands, shiny|100/100\n|-enditem|p2b: Iron Hands|Booster Energy\n|-activate|p2b: Iron Hands|ability: Quark Drive|[fromitem]\n|-start|p2b: Iron Hands|quarkdriveatk\n|turn|7\n|\n|t:|1771156298\n|move|p2b: Iron Hands|Fake Out|p1a: Regidrago\n|-damage|p1a: Regidrago|76/100\n|cant|p1a: Regidrago|flinch\n|move|p1b: Clefable|Moonblast|p2b: Iron Hands\n|-supereffective|p2b: Iron Hands\n|-damage|p2b: Iron Hands|33/100\n|move|p2a: Sinistcha|Trick Room|p2a: Sinistcha\n|-fieldstart|move: Trick Room|[of] p2a: Sinistcha\n|\n|upkeep\n|turn|8\n|\n|t:|1771156309\n|switch|p1a: Incineroar|Incineroar, F|38/100\n|-ability|p1a: Incineroar|Intimidate|boost\n|-unboost|p2a: Sinistcha|atk|1\n|-unboost|p2b: Iron Hands|atk|1\n|move|p2b: Iron Hands|Play Rough|p1a: Incineroar\n|-damage|p1a: Incineroar|10/100\n|move|p2a: Sinistcha|Shadow Ball|p1b: Clefable\n|-damage|p1b: Clefable|18/100\n|move|p1b: Clefable|Moonblast|p2b: Iron Hands\n|-supereffective|p2b: Iron Hands\n|-damage|p2b: Iron Hands|0 fnt\n|faint|p2b: Iron Hands\n|-end|p2b: Iron Hands|Quark Drive|[silent]\n|\n|upkeep\n|\n|t:|1771156314\n|switch|p2b: Kingambit|Kingambit, F|100/100\n|turn|9\n|\n|t:|1771156327\n|move|p1a: Incineroar|Fake Out|p2b: Kingambit\n|-resisted|p2b: Kingambit\n|-damage|p2b: Kingambit|97/100\n|cant|p2b: Kingambit|flinch\n|move|p2a: Sinistcha|Shadow Ball|p1b: Clefable\n|-crit|p1b: Clefable\n|-damage|p1b: Clefable|0 fnt\n|faint|p1b: Clefable\n|\n|upkeep\n|\n|t:|1771156336\n|switch|p1b: Sneasler|Sneasler, M|91/100\n|turn|10\n|\n|t:|1771156364\n|-terastallize|p2a: Sinistcha|Steel\n|move|p1b: Sneasler|Fake Out|p2b: Kingambit\n|-resisted|p2b: Kingambit\n|-damage|p2b: Kingambit|90/100\n|-damage|p1b: Sneasler|81/100|[from] item: Life Orb\n|cant|p2b: Kingambit|flinch\n|move|p2a: Sinistcha|Shadow Ball|p1b: Sneasler\n|-damage|p1b: Sneasler|24/100\n|-unboost|p1b: Sneasler|spd|1\n|move|p1a: Incineroar|Flare Blitz|p2a: Sinistcha\n|-supereffective|p2a: Sinistcha\n|-damage|p2a: Sinistcha|55/100\n|-enditem|p2a: Sinistcha|Weakness Policy\n|-boost|p2a: Sinistcha|atk|2|[from] item: Weakness Policy\n|-boost|p2a: Sinistcha|spa|2|[from] item: Weakness Policy\n|-damage|p1a: Incineroar|0 fnt|[from] Recoil\n|faint|p1a: Incineroar\n|\n|upkeep\n|\n|t:|1771156377\n|switch|p1a: Regidrago|Regidrago, tera:Dragon|76/100\n|turn|11\n|\n|t:|1771156387\n|move|p1a: Regidrago|Protect|p1a: Regidrago\n|-singleturn|p1a: Regidrago|Protect\n|move|p2b: Kingambit|Kowtow Cleave|p1a: Regidrago\n|-activate|p1a: Regidrago|move: Protect\n|move|p2a: Sinistcha|Matcha Gotcha|p1b: Sneasler|[spread] p1b\n|-activate|p1a: Regidrago|move: Protect\n|-resisted|p1b: Sneasler\n|-damage|p1b: Sneasler|0 fnt\n|-heal|p2a: Sinistcha|65/100|[from] drain|[of] p1b: Sneasler\n|faint|p1b: Sneasler\n|\n|-fieldend|move: Trick Room\n|upkeep\n|\n|t:|1771156397\n|switch|p1b: Raging Bolt|Raging Bolt|100/100\n|-enditem|p1b: Raging Bolt|Booster Energy\n|-activate|p1b: Raging Bolt|ability: Protosynthesis|[fromitem]\n|-start|p1b: Raging Bolt|protosynthesisspa\n|turn|12\n|\n|t:|1771156422\n|move|p2b: Kingambit|Sucker Punch|p1a: Regidrago\n|-damage|p1a: Regidrago|29/100\n|move|p1a: Regidrago|Dragon Energy|p2b: Kingambit|[spread] p2a,p2b\n|-resisted|p2a: Sinistcha\n|-resisted|p2b: Kingambit\n|-damage|p2a: Sinistcha|44/100\n|-damage|p2b: Kingambit|79/100\n|move|p1b: Raging Bolt|Thunderbolt|p2a: Sinistcha\n|-damage|p2a: Sinistcha|0 fnt\n|faint|p2a: Sinistcha\n|\n|upkeep\n|turn|13\n|\n|t:|1771156442\n|move|p1a: Regidrago|Protect|p1a: Regidrago\n|-singleturn|p1a: Regidrago|Protect\n|move|p2b: Kingambit|Sucker Punch||[still]\n|-fail|p2b: Kingambit\n|move|p1b: Raging Bolt|Thunderbolt|p2b: Kingambit\n|-damage|p2b: Kingambit|29/100\n|\n|upkeep\n|turn|14\n|-message|StellaStar forfeited.\n|\n|win|Lemecano\n|raw|Lemecano's rating: 1554 &rarr; <strong>1574</strong><br />(+20 for winning)\n|raw|StellaStar's rating: 1547 &rarr; <strong>1527</strong><br />(-20 for losing)\n|l|☆StellaStar\n|player|p2|\n|l|☆Lemecano\n|player|p1|\n", "uploadtime": 1771156813, "views": 15, "formatid": "gen9doublesou", "rating": 1527, "private": 0, "password": null}