{"id": "gen9doublesou-2540483968", "format": "[Gen 9] Doubles OU", "players": ["inakunana", "ismelllikesocksbro"], "log": "|j|☆inakunana\n|j|☆ismelllikesocksbro\n|t:|1771207740\n|gametype|doubles\n|player|p1|inakunana|erika|1703\n|player|p2|ismelllikesocksbro|dancer|1643\n|gen|9\n|tier|[Gen 9] Doubles OU\n|rated|\n|rule|HP Percentage Mod: HP is shown in percentages\n|rule|Endless Battle Clause: Forcing endless battles is banned\n|rule|Species Clause: Limit one of each Pokémon\n|rule|OHKO Clause: OHKO moves are banned\n|rule|Evasion Moves Clause: Evasion moves are banned\n|rule|Gravity Sleep Clause: The combination of sleep-inducing moves with imperfect accuracy and Gravity or Gigantamax Orbeetle are banned\n|rule|Evasion Abilities Clause: Evasion abilities are banned\n|clearpoke\n|poke|p1|Iron Crown|\n|poke|p1|Indeedee-F, F|\n|poke|p1|Ogerpon-Wellspring, F|\n|poke|p1|Landorus, M|\n|poke|p1|Okidogi, M|\n|poke|p1|Roaring Moon|\n|poke|p2|Chien-Pao|\n|poke|p2|Raging Bolt|\n|poke|p2|Incineroar, F|\n|poke|p2|Rillaboom, M|\n|poke|p2|Ogerpon-Hearthflame, F|\n|poke|p2|Landorus, M|\n|teampreview\n|inactive|Battle timer is ON: inactive players will automatically lose when time's up. (requested by ismelllikesocksbro)\n|inactive|inakunana also wants the timer to be on.\n|c|☆ismelllikesocksbro|Oh cmon\n|c|☆ismelllikesocksbro|Gl hf\n|\n|t:|1771207758\n|teamsize|p1|6\n|teamsize|p2|6\n|start\n|switch|p1a: Okidogi|Okidogi, M|100/100\n|switch|p1b: Roaring Moon|Roaring Moon|100/100\n|switch|p2a: Raging Bolt|Raging Bolt|100/100\n|switch|p2b: Chien-Pao|Chien-Pao, shiny|100/100\n|-ability|p2b: Chien-Pao|Sword of Ruin\n|-enditem|p1b: Roaring Moon|Booster Energy\n|-activate|p1b: Roaring Moon|ability: Protosynthesis|[fromitem]\n|-start|p1b: Roaring Moon|protosynthesisspe\n|turn|1\n|\n|t:|1771207768\n|move|p1b: Roaring Moon|Breaking Swipe|p2b: Chien-Pao|[spread] p2a,p2b\n|-supereffective|p2a: Raging Bolt\n|-damage|p2a: Raging Bolt|51/100\n|-damage|p2b: Chien-Pao|69/100\n|-unboost|p2a: Raging Bolt|atk|1\n|-unboost|p2b: Chien-Pao|atk|1\n|move|p2b: Chien-Pao|Icy Wind|p1a: Okidogi|[spread] p1a,p1b\n|-supereffective|p1b: Roaring Moon\n|-damage|p1a: Okidogi|93/100\n|-damage|p1b: Roaring Moon|80/100\n|-unboost|p1a: Okidogi|spe|1\n|-unboost|p1b: Roaring Moon|spe|1\n|move|p2a: Raging Bolt|Calm Mind|p2a: Raging Bolt\n|-boost|p2a: Raging Bolt|spa|1\n|-boost|p2a: Raging Bolt|spd|1\n|move|p1a: Okidogi|Knock Off|p2a: Raging Bolt\n|-damage|p2a: Raging Bolt|16/100\n|-enditem|p2a: Raging Bolt|Leftovers|[from] move: Knock Off|[of] p1a: Okidogi\n|\n|upkeep\n|turn|2\n|\n|t:|1771207784\n|move|p2a: Raging Bolt|Protect|p2a: Raging Bolt\n|-singleturn|p2a: Raging Bolt|Protect\n|move|p2b: Chien-Pao|Icy Wind|p1a: Okidogi|[spread] p1a,p1b\n|-supereffective|p1b: Roaring Moon\n|-damage|p1a: Okidogi|85/100\n|-damage|p1b: Roaring Moon|57/100\n|-unboost|p1a: Okidogi|spe|1\n|-unboost|p1b: Roaring Moon|spe|1\n|move|p1b: Roaring Moon|Breaking Swipe|p2a: Raging Bolt|[spread] p2b\n|-activate|p2a: Raging Bolt|move: Protect\n|-crit|p2b: Chien-Pao\n|-damage|p2b: Chien-Pao|24/100\n|-unboost|p2b: Chien-Pao|atk|1\n|move|p1a: Okidogi|Drain Punch|p2b: Chien-Pao\n|-supereffective|p2b: Chien-Pao\n|-damage|p2b: Chien-Pao|0 fnt\n|-heal|p1a: Okidogi|95/100|[from] drain|[of] p2b: Chien-Pao\n|faint|p2b: Chien-Pao\n|\n|upkeep\n|\n|t:|1771207795\n|switch|p2b: Incineroar|Incineroar, F|100/100\n|-ability|p2b: Incineroar|Intimidate|boost\n|-ability|p1a: Okidogi|Guard Dog|boost\n|-boost|p1a: Okidogi|atk|1\n|-unboost|p1b: Roaring Moon|atk|1\n|turn|3\n|\n|t:|1771207811\n|-end|p1b: Roaring Moon|Protosynthesis|[silent]\n|switch|p1b: lace|Indeedee-F, F|100/100\n|-fieldstart|move: Psychic Terrain|[from] ability: Psychic Surge|[of] p1b: lace\n|-enditem|p1b: lace|Psychic Seed\n|-boost|p1b: lace|spd|1|[from] item: Psychic Seed\n|-terastallize|p2a: Raging Bolt|Fairy\n|move|p2a: Raging Bolt|Calm Mind|p2a: Raging Bolt\n|-boost|p2a: Raging Bolt|spa|1\n|-boost|p2a: Raging Bolt|spd|1\n|move|p2b: Incineroar|Will-O-Wisp|p1a: Okidogi\n|-status|p1a: Okidogi|brn\n|move|p1a: Okidogi|Drain Punch|p2b: Incineroar\n|-supereffective|p2b: Incineroar\n|-damage|p2b: Incineroar|55/100\n|-heal|p1a: Okidogi|100/100 brn|[from] drain|[of] p2b: Incineroar\n|\n|-damage|p1a: Okidogi|94/100 brn|[from] brn\n|upkeep\n|turn|4\n|c|☆inakunana|se\n|c|☆inakunana|awwww\n|\n|t:|1771207835\n|-terastallize|p1b: lace|Fairy\n|move|p2a: Raging Bolt|Protect|p2a: Raging Bolt\n|-singleturn|p2a: Raging Bolt|Protect\n|move|p2b: Incineroar|Parting Shot|p1a: Okidogi\n|-unboost|p1a: Okidogi|atk|1\n|-unboost|p1a: Okidogi|spa|1\n|\n|t:|1771207841\n|switch|p2b: Rillaboom|Rillaboom, M|100/100|[from] Parting Shot\n|-fieldstart|move: Grassy Terrain|[from] ability: Grassy Surge|[of] p2b: Rillaboom\n|move|p1a: Okidogi|Poison Jab|p2a: Raging Bolt\n|-activate|p2a: Raging Bolt|move: Protect\n|move|p1b: lace|Trick Room|p1b: lace\n|-fieldstart|move: Trick Room|[of] p1b: lace\n|\n|-heal|p1a: Okidogi|100/100 brn|[from] Grassy Terrain\n|-heal|p2a: Raging Bolt|22/100|[from] Grassy Terrain\n|-damage|p1a: Okidogi|94/100 brn|[from] brn\n|upkeep\n|turn|5\n|\n|t:|1771207858\n|move|p2b: Rillaboom|Fake Out|p1a: Okidogi\n|-damage|p1a: Okidogi|84/100 brn\n|cant|p1a: Okidogi|flinch\n|move|p1b: lace|Dazzling Gleam|p2b: Rillaboom|[spread] p2a,p2b\n|-damage|p2a: Raging Bolt|14/100\n|-damage|p2b: Rillaboom|88/100\n|move|p2a: Raging Bolt|Calm Mind|p2a: Raging Bolt\n|-boost|p2a: Raging Bolt|spa|1\n|-boost|p2a: Raging Bolt|spd|1\n|\n|-heal|p1a: Okidogi|90/100 brn|[from] Grassy Terrain\n|-heal|p2a: Raging Bolt|20/100|[from] Grassy Terrain\n|-heal|p2b: Rillaboom|95/100|[from] Grassy Terrain\n|-damage|p1a: Okidogi|84/100 brn|[from] brn\n|upkeep\n|turn|6\n|\n|t:|1771207873\n|move|p2a: Raging Bolt|Protect|p2a: Raging Bolt\n|-singleturn|p2a: Raging Bolt|Protect\n|move|p1b: lace|Follow Me|p1b: lace\n|-singleturn|p1b: lace|move: Follow Me\n|move|p1a: Okidogi|Poison Jab|p2b: Rillaboom\n|-supereffective|p2b: Rillaboom\n|-damage|p2b: Rillaboom|54/100\n|-status|p2b: Rillaboom|psn\n|move|p2b: Rillaboom|Wood Hammer|p1b: lace\n|-damage|p1b: lace|20/100\n|-damage|p2b: Rillaboom|31/100 psn|[from] Recoil\n|\n|-heal|p1a: Okidogi|90/100 brn|[from] Grassy Terrain\n|-heal|p1b: lace|26/100|[from] Grassy Terrain\n|-heal|p2a: Raging Bolt|26/100|[from] Grassy Terrain\n|-heal|p2b: Rillaboom|37/100 psn|[from] Grassy Terrain\n|-damage|p2b: Rillaboom|25/100 psn|[from] psn\n|-damage|p1a: Okidogi|84/100 brn|[from] brn\n|upkeep\n|turn|7\n|\n|t:|1771207888\n|move|p1b: lace|Follow Me|p1b: lace\n|-singleturn|p1b: lace|move: Follow Me\n|move|p2b: Rillaboom|Grassy Glide|p1b: lace\n|-damage|p1b: lace|0 fnt\n|faint|p1b: lace\n|move|p1a: Okidogi|Poison Jab|p2a: Raging Bolt\n|-supereffective|p2a: Raging Bolt\n|-damage|p2a: Raging Bolt|0 fnt\n|faint|p2a: Raging Bolt\n|-end|p2a: Raging Bolt|Protosynthesis|[silent]\n|\n|-heal|p1a: Okidogi|90/100 brn|[from] Grassy Terrain\n|-heal|p2b: Rillaboom|31/100 psn|[from] Grassy Terrain\n|-damage|p2b: Rillaboom|19/100 psn|[from] psn\n|-damage|p1a: Okidogi|84/100 brn|[from] brn\n|upkeep\n|\n|t:|1771207901\n|switch|p1b: Roaring Moon|Roaring Moon|57/100\n|switch|p2a: Ogerpon|Ogerpon-Hearthflame, F|100/100\n|-ability|p2a: Ogerpon|Mold Breaker\n|turn|8\n|\n|t:|1771207908\n|switch|p2b: Incineroar|Incineroar, F|55/100\n|-ability|p2b: Incineroar|Intimidate|boost\n|-ability|p1a: Okidogi|Guard Dog|boost\n|-boost|p1a: Okidogi|atk|1\n|-unboost|p1b: Roaring Moon|atk|1\n|move|p1b: Roaring Moon|Protect|p1b: Roaring Moon\n|-singleturn|p1b: Roaring Moon|Protect\n|move|p1a: Okidogi|Poison Jab|p2a: Ogerpon\n|-supereffective|p2a: Ogerpon\n|-damage|p2a: Ogerpon|14/100\n|move|p2a: Ogerpon|Focus Energy|p2a: Ogerpon\n|-start|p2a: Ogerpon|move: Focus Energy\n|\n|-heal|p1a: Okidogi|90/100 brn|[from] Grassy Terrain\n|-heal|p2b: Incineroar|61/100|[from] Grassy Terrain\n|-heal|p2a: Ogerpon|20/100|[from] Grassy Terrain\n|-heal|p1b: Roaring Moon|63/100|[from] Grassy Terrain\n|-damage|p1a: Okidogi|84/100 brn|[from] brn\n|-fieldend|move: Trick Room\n|-fieldend|move: Grassy Terrain\n|upkeep\n|turn|9\n|\n|t:|1771207930\n|switch|p1a: crusty king khann|Landorus, M|100/100\n|move|p1b: Roaring Moon|Protect||[still]\n|-fail|p1b: Roaring Moon\n|move|p2b: Incineroar|Fake Out|p1b: Roaring Moon\n|-damage|p1b: Roaring Moon|51/100\n|move|p2a: Ogerpon|Ivy Cudgel|p1a: crusty king khann|[anim] Ivy Cudgel Fire\n|-crit|p1a: crusty king khann\n|-damage|p1a: crusty king khann|2/100\n|\n|upkeep\n|turn|10\n|\n|t:|1771207946\n|switch|p2b: Rillaboom|Rillaboom, M|19/100 psn\n|-fieldstart|move: Grassy Terrain|[from] ability: Grassy Surge|[of] p2b: Rillaboom\n|move|p2a: Ogerpon|Spiky Shield|p2a: Ogerpon\n|-singleturn|p2a: Ogerpon|move: Protect\n|move|p1b: Roaring Moon|Knock Off|p2a: Ogerpon\n|-activate|p2a: Ogerpon|move: Protect\n|-damage|p1b: Roaring Moon|38/100|[from] Spiky Shield|[of] p2a: Ogerpon\n|move|p1a: crusty king khann|Earth Power|p2b: Rillaboom\n|-resisted|p2b: Rillaboom\n|-damage|p2b: Rillaboom|0 fnt\n|faint|p2b: Rillaboom\n|\n|-heal|p1b: Roaring Moon|44/100|[from] Grassy Terrain\n|-heal|p2a: Ogerpon|26/100|[from] Grassy Terrain\n|upkeep\n|\n|t:|1771207951\n|switch|p2b: Incineroar|Incineroar, F|61/100\n|-ability|p2b: Incineroar|Intimidate|boost\n|-unboost|p1a: crusty king khann|atk|1\n|-unboost|p1b: Roaring Moon|atk|1\n|turn|11\n|\n|t:|1771207954\n|move|p1b: Roaring Moon|Protect|p1b: Roaring Moon\n|-singleturn|p1b: Roaring Moon|Protect\n|move|p1a: crusty king khann|Protect|p1a: crusty king khann\n|-singleturn|p1a: crusty king khann|Protect\n|move|p2b: Incineroar|Fake Out|p1a: crusty king khann\n|-activate|p1a: crusty king khann|move: Protect\n|move|p2a: Ogerpon|Ivy Cudgel|p1b: Roaring Moon|[anim] Ivy Cudgel Fire\n|-activate|p1b: Roaring Moon|move: Protect\n|\n|-heal|p1b: Roaring Moon|50/100|[from] Grassy Terrain\n|-heal|p2a: Ogerpon|32/100|[from] Grassy Terrain\n|-heal|p2b: Incineroar|68/100|[from] Grassy Terrain\n|upkeep\n|turn|12\n|\n|t:|1771207967\n|move|p2a: Ogerpon|Grassy Glide|p1a: crusty king khann\n|-crit|p1a: crusty king khann\n|-damage|p1a: crusty king khann|0 fnt\n|faint|p1a: crusty king khann\n|move|p1b: Roaring Moon|Tailwind|p1b: Roaring Moon\n|-sidestart|p1: inakunana|move: Tailwind\n|move|p2b: Incineroar|Will-O-Wisp|p1b: Roaring Moon|[miss]\n|-miss|p2b: Incineroar|p1b: Roaring Moon\n|\n|-heal|p1b: Roaring Moon|57/100|[from] Grassy Terrain\n|-heal|p2a: Ogerpon|38/100|[from] Grassy Terrain\n|-heal|p2b: Incineroar|74/100|[from] Grassy Terrain\n|upkeep\n|\n|t:|1771207972\n|switch|p1a: wet sinner|Ogerpon-Wellspring, F|100/100\n|turn|13\n|\n|t:|1771207978\n|move|p2a: Ogerpon|Spiky Shield|p2a: Ogerpon\n|-singleturn|p2a: Ogerpon|move: Protect\n|move|p1b: Roaring Moon|Breaking Swipe|p2a: Ogerpon|[spread] p2b\n|-activate|p2a: Ogerpon|move: Protect\n|-damage|p1b: Roaring Moon|44/100|[from] Spiky Shield|[of] p2a: Ogerpon\n|-crit|p2b: Incineroar\n|-damage|p2b: Incineroar|48/100\n|-unboost|p2b: Incineroar|atk|1\n|move|p1a: wet sinner|Ivy Cudgel|p2b: Incineroar|[anim] Ivy Cudgel Water\n|-supereffective|p2b: Incineroar\n|-damage|p2b: Incineroar|0 fnt\n|faint|p2b: Incineroar\n|\n|-heal|p1b: Roaring Moon|50/100|[from] Grassy Terrain\n|-heal|p2a: Ogerpon|44/100|[from] Grassy Terrain\n|upkeep\n|\n|t:|1771207984\n|switch|p2b: Landorus|Landorus, M|100/100\n|turn|14\n|\n|t:|1771207989\n|move|p1a: wet sinner|Spiky Shield|p1a: wet sinner\n|-singleturn|p1a: wet sinner|move: Protect\n|move|p2a: Ogerpon|Grassy Glide|p1a: wet sinner\n|-activate|p1a: wet sinner|move: Protect\n|-damage|p2a: Ogerpon|32/100|[from] Spiky Shield|[of] p1a: wet sinner\n|move|p1b: Roaring Moon|Knock Off|p2b: Landorus\n|-damage|p2b: Landorus|69/100\n|-enditem|p2b: Landorus|Life Orb|[from] move: Knock Off|[of] p1b: Roaring Moon\n|move|p2b: Landorus|Sludge Bomb|p1a: wet sinner\n|-activate|p1a: wet sinner|move: Protect\n|\n|-heal|p1b: Roaring Moon|56/100|[from] Grassy Terrain\n|-heal|p2a: Ogerpon|38/100|[from] Grassy Terrain\n|-fieldend|move: Grassy Terrain\n|upkeep\n|turn|15\n|\n|t:|1771207999\n|move|p2a: Ogerpon|Spiky Shield|p2a: Ogerpon\n|-singleturn|p2a: Ogerpon|move: Protect\n|move|p2b: Landorus|Protect|p2b: Landorus\n|-singleturn|p2b: Landorus|Protect\n|move|p1b: Roaring Moon|Breaking Swipe|p2b: Landorus|[spread] \n|-activate|p2a: Ogerpon|move: Protect\n|-damage|p1b: Roaring Moon|44/100|[from] Spiky Shield|[of] p2a: Ogerpon\n|-activate|p2b: Landorus|move: Protect\n|move|p1a: wet sinner|Ivy Cudgel|p2b: Landorus|[anim] Ivy Cudgel Water\n|-activate|p2b: Landorus|move: Protect\n|\n|-sideend|p1: inakunana|move: Tailwind\n|upkeep\n|turn|16\n|\n|t:|1771208007\n|move|p1b: Roaring Moon|Tailwind|p1b: Roaring Moon\n|-sidestart|p1: inakunana|move: Tailwind\n|move|p1a: wet sinner|Ivy Cudgel|p2b: Landorus|[anim] Ivy Cudgel Water\n|-supereffective|p2b: Landorus\n|-damage|p2b: Landorus|0 fnt\n|faint|p2b: Landorus\n|move|p2a: Ogerpon|Ivy Cudgel|p1b: Roaring Moon|[anim] Ivy Cudgel Fire\n|-resisted|p1b: Roaring Moon\n|-crit|p1b: Roaring Moon\n|-damage|p1b: Roaring Moon|0 fnt\n|faint|p1b: Roaring Moon\n|-end|p1b: Roaring Moon|Protosynthesis|[silent]\n|\n|upkeep\n|\n|t:|1771208011\n|switch|p1b: Iron Crown|Iron Crown|100/100\n|-enditem|p1b: Iron Crown|Booster Energy\n|-activate|p1b: Iron Crown|ability: Quark Drive|[fromitem]\n|-start|p1b: Iron Crown|quarkdrivespe\n|turn|17\n|\n|t:|1771208019\n|move|p1b: Iron Crown|Expanding Force|p2a: Ogerpon\n|-damage|p2a: Ogerpon|0 fnt\n|faint|p2a: Ogerpon\n|\n|win|inakunana\n|raw|inakunana's rating: 1703 &rarr; <strong>1720</strong><br />(+17 for winning)\n|raw|ismelllikesocksbro's rating: 1643 &rarr; <strong>1626</strong><br />(-17 for losing)\n|c|☆inakunana|ggs\n|c|☆ismelllikesocksbro|Ggs\n|l|☆ismelllikesocksbro\n|player|p2|\n", "uploadtime": 1771208028, "views": 15, "formatid": "gen9doublesou", "rating": 1626, "private": 0, "password": null}