{"id": "gen9doublesou-2539964722", "format": "[Gen 9] Doubles OU", "players": ["kittyredheart", "cesar097600"], "log": "|j|☆kittyredheart\n|j|☆cesar097600\n|t:|1771134614\n|gametype|doubles\n|player|p1|kittyredheart|elesa|1640\n|player|p2|cesar097600|ninjaboy|1562\n|gen|9\n|tier|[Gen 9] Doubles OU\n|rated|\n|rule|HP Percentage Mod: HP is shown in percentages\n|rule|Endless Battle Clause: Forcing endless battles is banned\n|rule|Species Clause: Limit one of each Pokémon\n|rule|OHKO Clause: OHKO moves are banned\n|rule|Evasion Moves Clause: Evasion moves are banned\n|rule|Gravity Sleep Clause: The combination of sleep-inducing moves with imperfect accuracy and Gravity or Gigantamax Orbeetle are banned\n|rule|Evasion Abilities Clause: Evasion abilities are banned\n|clearpoke\n|poke|p1|Chien-Pao|\n|poke|p1|Jirachi|\n|poke|p1|Incineroar, M|\n|poke|p1|Milotic, F|\n|poke|p1|Grimmsnarl, M|\n|poke|p1|Landorus-Therian, M|\n|poke|p2|Torkoal, M|\n|poke|p2|Roaring Moon|\n|poke|p2|Armarouge, F|\n|poke|p2|Lilligant-Hisui, F|\n|poke|p2|Kingambit, F|\n|poke|p2|Farigiraf, M|\n|teampreview\n|inactive|Battle timer is ON: inactive players will automatically lose when time's up. (requested by kittyredheart)\n|\n|t:|1771134632\n|teamsize|p1|6\n|teamsize|p2|6\n|start\n|switch|p1a: Incineroar|Incineroar, M|100/100\n|switch|p1b: Rudger|Grimmsnarl, M, shiny|100/100\n|switch|p2a: Kingambit|Kingambit, F|100/100\n|switch|p2b: Torkoal|Torkoal, M|100/100\n|-ability|p1a: Incineroar|Intimidate|boost\n|-unboost|p2a: Kingambit|atk|1\n|-ability|p2a: Kingambit|Defiant|boost\n|-boost|p2a: Kingambit|atk|2\n|-unboost|p2b: Torkoal|atk|1\n|-weather|SunnyDay|[from] ability: Drought|[of] p2b: Torkoal\n|turn|1\n|\n|t:|1771134656\n|switch|p2b: Farigiraf|Farigiraf, M|100/100\n|-terastallize|p1b: Rudger|Fairy\n|-terastallize|p2a: Kingambit|Fairy\n|move|p1a: Incineroar|Flame Charge|p2a: Kingambit\n|-damage|p2a: Kingambit|75/100\n|-boost|p1a: Incineroar|spe|1\n|move|p1b: Rudger|Spirit Break|p2a: Kingambit\n|-damage|p2a: Kingambit|38/100\n|-unboost|p2a: Kingambit|spa|1\n|-ability|p2a: Kingambit|Defiant|boost\n|-boost|p2a: Kingambit|atk|2\n|move|p2a: Kingambit|Iron Head|p1b: Rudger\n|-supereffective|p1b: Rudger\n|-damage|p1b: Rudger|0 fnt\n|faint|p1b: Rudger\n|\n|-weather|SunnyDay|[upkeep]\n|upkeep\n|inactive|kittyredheart has 120 seconds left.\n|\n|t:|1771134679\n|switch|p1b: Starkle|Jirachi|100/100\n|turn|2\n|\n|t:|1771134690\n|move|p2a: Kingambit|Sucker Punch|p1b: Starkle\n|-supereffective|p1b: Starkle\n|-damage|p1b: Starkle|0 fnt\n|faint|p1b: Starkle\n|move|p1a: Incineroar|Knock Off|p2b: Farigiraf\n|-supereffective|p2b: Farigiraf\n|-damage|p2b: Farigiraf|8/100\n|-enditem|p2b: Farigiraf|Throat Spray|[from] move: Knock Off|[of] p1a: Incineroar\n|move|p2b: Farigiraf|Trick Room|p2b: Farigiraf\n|-fieldstart|move: Trick Room|[of] p2b: Farigiraf\n|\n|-weather|SunnyDay|[upkeep]\n|upkeep\n|\n|t:|1771134697\n|switch|p1b: Milotic|Milotic, F|100/100\n|turn|3\n|\n|t:|1771134713\n|move|p2b: Farigiraf|Helping Hand|p2a: Kingambit\n|-singleturn|p2a: Kingambit|Helping Hand|[of] p2b: Farigiraf\n|move|p2a: Kingambit|Iron Head|p1b: Milotic\n|-resisted|p1b: Milotic\n|-damage|p1b: Milotic|15/100\n|move|p1b: Milotic|Hypnosis|p2a: Kingambit\n|-status|p2a: Kingambit|slp|[from] move: Hypnosis\n|move|p1a: Incineroar|Flame Charge|p2a: Kingambit\n|-damage|p2a: Kingambit|10/100 slp\n|-boost|p1a: Incineroar|spe|1\n|\n|-weather|SunnyDay|[upkeep]\n|upkeep\n|turn|4\n|\n|t:|1771134724\n|cant|p2a: Kingambit|slp\n|move|p2b: Farigiraf|Hyper Voice|p1a: Incineroar|[spread] p1a,p1b\n|-damage|p1a: Incineroar|81/100\n|-damage|p1b: Milotic|0 fnt\n|faint|p1b: Milotic\n|move|p1a: Incineroar|Flame Charge|p2a: Kingambit\n|-damage|p2a: Kingambit|0 fnt\n|-boost|p1a: Incineroar|spe|1\n|faint|p2a: Kingambit\n|\n|-weather|SunnyDay|[upkeep]\n|upkeep\n|\n|t:|1771134737\n|switch|p2a: Torkoal|Torkoal, M|100/100\n|switch|p1b: Landorus|Landorus-Therian, M|100/100\n|-ability|p1b: Landorus|Intimidate|boost\n|-unboost|p2a: Torkoal|atk|1\n|-unboost|p2b: Farigiraf|atk|1\n|turn|5\n|\n|t:|1771134745\n|move|p2a: Torkoal|Will-O-Wisp|p1b: Landorus\n|-status|p1b: Landorus|brn\n|move|p2b: Farigiraf|Hyper Voice|p1a: Incineroar|[spread] p1a,p1b\n|-damage|p1a: Incineroar|60/100\n|-damage|p1b: Landorus|69/100 brn\n|move|p1a: Incineroar|Knock Off|p2a: Torkoal\n|-damage|p2a: Torkoal|70/100\n|-enditem|p2a: Torkoal|Leftovers|[from] move: Knock Off|[of] p1a: Incineroar\n|move|p1b: Landorus|Stealth Rock|p2b: Farigiraf\n|-sidestart|p2: cesar097600|move: Stealth Rock\n|\n|-weather|none\n|-damage|p1b: Landorus|64/100 brn|[from] brn\n|upkeep\n|turn|6\n|\n|t:|1771134764\n|move|p2a: Torkoal|Body Press|p1a: Incineroar\n|-supereffective|p1a: Incineroar\n|-crit|p1a: Incineroar\n|-damage|p1a: Incineroar|0 fnt\n|faint|p1a: Incineroar\n|move|p2b: Farigiraf|Hyper Voice|p1b: Landorus\n|-damage|p1b: Landorus|21/100 brn\n|move|p1b: Landorus|Stealth Rock||[still]\n|-fail|p1b: Landorus\n|\n|-damage|p1b: Landorus|15/100 brn|[from] brn\n|-fieldend|move: Trick Room\n|upkeep\n|\n|t:|1771134766\n|switch|p1a: Chien-Pao|Chien-Pao|100/100\n|-ability|p1a: Chien-Pao|Sword of Ruin\n|turn|7\n|\n|t:|1771134777\n|move|p2b: Farigiraf|Protect|p2b: Farigiraf\n|-singleturn|p2b: Farigiraf|Protect\n|move|p1b: Landorus|Stealth Rock||[still]\n|-fail|p1b: Landorus\n|move|p1a: Chien-Pao|Crunch|p2b: Farigiraf\n|-activate|p2b: Farigiraf|move: Protect\n|move|p2a: Torkoal|Body Press|p1a: Chien-Pao\n|-supereffective|p1a: Chien-Pao\n|-crit|p1a: Chien-Pao\n|-damage|p1a: Chien-Pao|0 fnt\n|faint|p1a: Chien-Pao\n|\n|-damage|p1b: Landorus|9/100 brn|[from] brn\n|upkeep\n|turn|8\n|-message|kittyredheart forfeited.\n|\n|win|cesar097600\n|raw|kittyredheart's rating: 1640 &rarr; <strong>1616</strong><br />(-24 for losing)\n|raw|cesar097600's rating: 1562 &rarr; <strong>1586</strong><br />(+24 for winning)\n|l|☆kittyredheart\n|player|p1|\n|l|☆cesar097600\n|player|p2|\n", "uploadtime": 1771135115, "views": 16, "formatid": "gen9doublesou", "rating": 1586, "private": 0, "password": null}