{"id": "gen9doublesou-2540907604", "format": "[Gen 9] Doubles OU", "players": ["Whiteflame20", "Jslo32193"], "log": "|j|☆Whiteflame20\n|j|☆Jslo32193\n|t:|1771266027\n|gametype|doubles\n|player|p1|Whiteflame20|hilda-masters3|1597\n|player|p2|Jslo32193|lance|1516\n|gen|9\n|tier|[Gen 9] Doubles OU\n|rated|\n|rule|HP Percentage Mod: HP is shown in percentages\n|rule|Endless Battle Clause: Forcing endless battles is banned\n|rule|Species Clause: Limit one of each Pokémon\n|rule|OHKO Clause: OHKO moves are banned\n|rule|Evasion Moves Clause: Evasion moves are banned\n|rule|Gravity Sleep Clause: The combination of sleep-inducing moves with imperfect accuracy and Gravity or Gigantamax Orbeetle are banned\n|rule|Evasion Abilities Clause: Evasion abilities are banned\n|clearpoke\n|poke|p1|Mew|\n|poke|p1|Dragonite, M|\n|poke|p1|Chien-Pao|\n|poke|p1|Okidogi, M|\n|poke|p1|Gholdengo|\n|poke|p1|Ogerpon-Wellspring, F|\n|poke|p2|Tyranitar, M|\n|poke|p2|Excadrill, F|\n|poke|p2|Ogerpon-Cornerstone, F|\n|poke|p2|Dragonite, F|\n|poke|p2|Landorus, M|\n|poke|p2|Zapdos|\n|teampreview\n|\n|t:|1771266058\n|teamsize|p1|6\n|teamsize|p2|6\n|start\n|switch|p1a: Mew|Mew|100/100\n|switch|p1b: Dragonite|Dragonite, M|100/100\n|switch|p2a: Tyranitar|Tyranitar, M, shiny|100/100\n|switch|p2b: Ogerpon|Ogerpon-Cornerstone, F|100/100\n|-weather|Sandstorm|[from] ability: Sand Stream|[of] p2a: Tyranitar\n|turn|1\n|inactive|Battle timer is ON: inactive players will automatically lose when time's up. (requested by Jslo32193)\n|inactive|Whiteflame20 has 120 seconds left.\n|\n|t:|1771266113\n|-terastallize|p1b: Dragonite|Fairy\n|move|p2b: Ogerpon|U-turn|p1a: Mew\n|-supereffective|p1a: Mew\n|-damage|p1a: Mew|56/100\n|\n|t:|1771266122\n|switch|p2b: Zapdos|Zapdos|100/100|[from] U-turn\n|move|p1a: Mew|Stealth Rock|p2a: Tyranitar\n|-sidestart|p2: Jslo32193|move: Stealth Rock\n|move|p1b: Dragonite|Tailwind|p1b: Dragonite\n|-sidestart|p1: Whiteflame20|move: Tailwind\n|move|p2a: Tyranitar|Rock Slide|p1b: Dragonite|[spread] p1a,p1b\n|-damage|p1a: Mew|26/100\n|-damage|p1b: Dragonite|83/100\n|\n|-weather|Sandstorm|[upkeep]\n|-damage|p1a: Mew|20/100|[from] Sandstorm\n|-damage|p1b: Dragonite|78/100|[from] Sandstorm\n|upkeep\n|turn|2\n|inactive|Jslo32193 has 120 seconds left.\n|\n|t:|1771266157\n|move|p1a: Mew|Coaching|p1b: Dragonite\n|-boost|p1b: Dragonite|atk|1\n|-boost|p1b: Dragonite|def|1\n|move|p1b: Dragonite|Scale Shot|p2a: Tyranitar\n|-damage|p2a: Tyranitar|85/100\n|-damage|p2a: Tyranitar|69/100\n|-damage|p2a: Tyranitar|50/100\n|-crit|p2a: Tyranitar\n|-damage|p2a: Tyranitar|25/100\n|-damage|p2a: Tyranitar|9/100\n|-hitcount|p2a: Tyranitar|5\n|-unboost|p1b: Dragonite|def|1\n|-boost|p1b: Dragonite|spe|1\n|move|p2b: Zapdos|Tailwind|p2b: Zapdos\n|-sidestart|p2: Jslo32193|move: Tailwind\n|move|p2a: Tyranitar|Rock Slide|p1b: Dragonite|[spread] p1a,p1b\n|-damage|p1a: Mew|0 fnt\n|-damage|p1b: Dragonite|44/100\n|faint|p1a: Mew\n|\n|-weather|Sandstorm|[upkeep]\n|-damage|p1b: Dragonite|38/100|[from] Sandstorm\n|upkeep\n|inactive|Whiteflame20 has 120 seconds left.\n|\n|t:|1771266172\n|switch|p1a: Chien-Pao|Chien-Pao|100/100\n|-ability|p1a: Chien-Pao|Sword of Ruin\n|turn|3\n|\n|t:|1771266198\n|move|p2a: Tyranitar|Protect|p2a: Tyranitar\n|-singleturn|p2a: Tyranitar|Protect\n|move|p1a: Chien-Pao|Ice Spinner|p2b: Zapdos\n|-supereffective|p2b: Zapdos\n|-crit|p2b: Zapdos\n|-damage|p2b: Zapdos|0 fnt\n|faint|p2b: Zapdos\n|move|p1b: Dragonite|Stomping Tantrum|p2a: Tyranitar\n|-activate|p2a: Tyranitar|move: Protect\n|\n|-weather|Sandstorm|[upkeep]\n|-damage|p1a: Chien-Pao|95/100|[from] Sandstorm\n|-damage|p1b: Dragonite|32/100|[from] Sandstorm\n|upkeep\n|inactive|Jslo32193 has 120 seconds left.\n|\n|t:|1771266212\n|switch|p2b: Excadrill|Excadrill, F, shiny|100/100\n|-damage|p2b: Excadrill|97/100|[from] Stealth Rock\n|turn|4\n|inactive|Jslo32193 has 120 seconds left.\n|inactive|Whiteflame20 has 120 seconds left.\n|\n|t:|1771266265\n|switch|p2a: Landorus|Landorus, M, shiny|100/100\n|-damage|p2a: Landorus|88/100|[from] Stealth Rock\n|-terastallize|p2b: Excadrill|Ground\n|move|p1a: Chien-Pao|Sucker Punch||[still]\n|-fail|p1a: Chien-Pao\n|move|p2b: Excadrill|Earthquake|p1a: Chien-Pao|[spread] p1a,p1b\n|-immune|p2a: Landorus\n|-damage|p1a: Chien-Pao|12/100\n|-damage|p1b: Dragonite|0 fnt\n|faint|p1b: Dragonite\n|\n|-weather|Sandstorm|[upkeep]\n|-damage|p1a: Chien-Pao|6/100|[from] Sandstorm\n|-sideend|p1: Whiteflame20|move: Tailwind\n|upkeep\n|\n|t:|1771266279\n|switch|p1b: Ogerpon|Ogerpon-Wellspring, F|100/100\n|turn|5\n|\n|t:|1771266296\n|move|p1b: Ogerpon|Spiky Shield|p1b: Ogerpon\n|-singleturn|p1b: Ogerpon|move: Protect\n|move|p1a: Chien-Pao|Sucker Punch|p2b: Excadrill\n|-damage|p2b: Excadrill|29/100\n|move|p2b: Excadrill|Iron Head|p1a: Chien-Pao\n|-supereffective|p1a: Chien-Pao\n|-damage|p1a: Chien-Pao|0 fnt\n|faint|p1a: Chien-Pao\n|move|p2a: Landorus|Sludge Bomb|p1b: Ogerpon\n|-activate|p1b: Ogerpon|move: Protect\n|\n|-weather|Sandstorm|[upkeep]\n|-damage|p1b: Ogerpon|94/100|[from] Sandstorm\n|-sideend|p2: Jslo32193|move: Tailwind\n|upkeep\n|\n|t:|1771266303\n|switch|p1a: Gholdengo|Gholdengo|100/100\n|turn|6\n|\n|t:|1771266318\n|move|p1a: Gholdengo|Protect|p1a: Gholdengo\n|-singleturn|p1a: Gholdengo|Protect\n|move|p2b: Excadrill|X-Scissor|p1b: Ogerpon\n|-supereffective|p1b: Ogerpon\n|-damage|p1b: Ogerpon|18/100\n|move|p1b: Ogerpon|Ivy Cudgel|p2b: Excadrill|[anim] Ivy Cudgel Water\n|-supereffective|p2b: Excadrill\n|-damage|p2b: Excadrill|0 fnt\n|faint|p2b: Excadrill\n|move|p2a: Landorus|Earth Power|p1a: Gholdengo\n|-activate|p1a: Gholdengo|move: Protect\n|\n|-weather|Sandstorm|[upkeep]\n|-damage|p1b: Ogerpon|12/100|[from] Sandstorm\n|upkeep\n|\n|t:|1771266336\n|switch|p2b: Dragonite|Dragonite, F, shiny|100/100\n|-damage|p2b: Dragonite|76/100|[from] Stealth Rock\n|turn|7\n|\n|t:|1771266351\n|move|p2b: Dragonite|Extreme Speed|p1b: Ogerpon\n|-damage|p1b: Ogerpon|0 fnt\n|faint|p1b: Ogerpon\n|move|p1a: Gholdengo|Make It Rain|p2a: Landorus|[spread] p2a,p2b\n|-damage|p2a: Landorus|39/100\n|-damage|p2b: Dragonite|37/100\n|-unboost|p1a: Gholdengo|spa|1\n|move|p2a: Landorus|Earth Power|p1a: Gholdengo\n|-supereffective|p1a: Gholdengo\n|-damage|p1a: Gholdengo|0 fnt\n|faint|p1a: Gholdengo\n|-damage|p2a: Landorus|29/100|[from] item: Life Orb\n|\n|-weather|Sandstorm|[upkeep]\n|upkeep\n|\n|t:|1771266357\n|switch|p1b: Okidogi|Okidogi, M|100/100\n|turn|8\n|\n|t:|1771266374\n|move|p2a: Landorus|Earth Power|p1b: Okidogi\n|-supereffective|p1b: Okidogi\n|-damage|p1b: Okidogi|0 fnt\n|faint|p1b: Okidogi\n|-damage|p2a: Landorus|19/100|[from] item: Life Orb\n|\n|win|Jslo32193\n|raw|Whiteflame20's rating: 1597 &rarr; <strong>1572</strong><br />(-25 for losing)\n|raw|Jslo32193's rating: 1516 &rarr; <strong>1541</strong><br />(+25 for winning)\n|l|☆Whiteflame20\n|player|p1|\n|l|☆Jslo32193\n|player|p2|\n", "uploadtime": 1771266719, "views": 2, "formatid": "gen9doublesou", "rating": 1541, "private": 0, "password": null}