{"id": "gen9doublesou-2540025735", "format": "[Gen 9] Doubles OU", "players": ["goldmembernl97", "Andy6005"], "log": "|j|☆goldmembernl97\n|j|☆Andy6005\n|t:|1771147392\n|gametype|doubles\n|player|p1|goldmembernl97|shadowtriad|1552\n|player|p2|Andy6005|policeman-gen4|1593\n|gen|9\n|tier|[Gen 9] Doubles OU\n|rated|\n|rule|HP Percentage Mod: HP is shown in percentages\n|rule|Endless Battle Clause: Forcing endless battles is banned\n|rule|Species Clause: Limit one of each Pokémon\n|rule|OHKO Clause: OHKO moves are banned\n|rule|Evasion Moves Clause: Evasion moves are banned\n|rule|Gravity Sleep Clause: The combination of sleep-inducing moves with imperfect accuracy and Gravity or Gigantamax Orbeetle are banned\n|rule|Evasion Abilities Clause: Evasion abilities are banned\n|clearpoke\n|poke|p1|Volcarona, F|\n|poke|p1|Ogerpon-Wellspring, F|\n|poke|p1|Diancie|\n|poke|p1|Porygon2|\n|poke|p1|Tornadus, M|\n|poke|p1|Landorus, M|\n|poke|p2|Thundurus, M|\n|poke|p2|Enamorus, F|\n|poke|p2|Amoonguss, M|\n|poke|p2|Sneasler, F|\n|poke|p2|Chi-Yu|\n|poke|p2|Incineroar, M|\n|teampreview\n|inactive|Battle timer is ON: inactive players will automatically lose when time's up. (requested by goldmembernl97)\n|\n|t:|1771147437\n|teamsize|p1|6\n|teamsize|p2|6\n|start\n|switch|p1a: Diancie|Diancie|100/100\n|switch|p1b: Porygon2|Porygon2|100/100\n|switch|p2a: Chi-Yu|Chi-Yu|100/100\n|switch|p2b: Sneasler|Sneasler, F|100/100\n|-ability|p2a: Chi-Yu|Beads of Ruin\n|-ability|p1b: Porygon2|Beads of Ruin|Trace|[from] ability: Trace|[of] p2a: Chi-Yu\n|-ability|p1b: Porygon2|Beads of Ruin\n|turn|1\n|\n|t:|1771147450\n|-terastallize|p2a: Chi-Yu|Water\n|move|p1a: Diancie|Protect|p1a: Diancie\n|-singleturn|p1a: Diancie|Protect\n|move|p2b: Sneasler|Dire Claw|p1b: Porygon2\n|-damage|p1b: Porygon2|57/100\n|move|p2a: Chi-Yu|Tera Blast|p1a: Diancie|[anim] Tera Blast Water\n|-activate|p1a: Diancie|move: Protect\n|move|p1b: Porygon2|Psychic|p2b: Sneasler\n|-supereffective|p2b: Sneasler\n|-damage|p2b: Sneasler|0 fnt\n|faint|p2b: Sneasler\n|\n|upkeep\n|\n|t:|1771147471\n|switch|p2b: Thundurus|Thundurus, M|100/100\n|turn|2\n|\n|t:|1771147500\n|switch|p2a: Incineroar|Incineroar, M|100/100\n|-ability|p2a: Incineroar|Intimidate|boost\n|-fail|p1a: Diancie|unboost|[from] ability: Clear Body|[of] p1a: Diancie\n|-unboost|p1b: Porygon2|atk|1\n|switch|p1a: Ogerpon|Ogerpon-Wellspring, F|100/100\n|move|p2b: Thundurus|Taunt|p1b: Porygon2\n|-start|p1b: Porygon2|move: Taunt\n|move|p1b: Porygon2|Tri Attack|p2a: Incineroar\n|-damage|p2a: Incineroar|63/100\n|\n|upkeep\n|turn|3\n|\n|t:|1771147523\n|switch|p1a: Diancie|Diancie|100/100\n|switch|p2a: Enamorus|Enamorus, F|100/100\n|move|p2b: Thundurus|Eerie Impulse|p2a: Enamorus\n|-boost|p2a: Enamorus|spa|2\n|move|p1b: Porygon2|Tri Attack|p2b: Thundurus\n|-damage|p2b: Thundurus|55/100\n|\n|upkeep\n|turn|4\n|\n|t:|1771147545\n|move|p2b: Thundurus|Eerie Impulse|p2a: Enamorus\n|-boost|p2a: Enamorus|spa|2\n|move|p2a: Enamorus|Earth Power|p1a: Diancie\n|-supereffective|p1a: Diancie\n|-damage|p1a: Diancie|0 fnt\n|faint|p1a: Diancie\n|-damage|p2a: Enamorus|90/100|[from] item: Life Orb\n|move|p1b: Porygon2|Ice Beam|p2a: Enamorus\n|-supereffective|p2a: Enamorus\n|-damage|p2a: Enamorus|0 fnt\n|faint|p2a: Enamorus\n|\n|-end|p1b: Porygon2|move: Taunt\n|upkeep\n|inactive|goldmembernl97 has 120 seconds left.\n|inactive|goldmembernl97 has 90 seconds left.\n|\n|t:|1771147613\n|switch|p2a: Chi-Yu|Chi-Yu, tera:Water|100/100\n|switch|p1a: Volcarona|Volcarona, F|100/100\n|-ability|p2a: Chi-Yu|Beads of Ruin\n|turn|5\n|inactive|goldmembernl97 has 90 seconds left.\n|\n|t:|1771147640\n|-terastallize|p1a: Volcarona|Grass\n|move|p2b: Thundurus|Eerie Impulse|p1b: Porygon2\n|-unboost|p1b: Porygon2|spa|2\n|move|p2a: Chi-Yu|Tera Blast|p1a: Volcarona|[anim] Tera Blast Water\n|-resisted|p1a: Volcarona\n|-damage|p1a: Volcarona|56/100\n|move|p1a: Volcarona|Quiver Dance|p1a: Volcarona\n|-boost|p1a: Volcarona|spa|1\n|-boost|p1a: Volcarona|spd|1\n|-boost|p1a: Volcarona|spe|1\n|move|p1b: Porygon2|Tri Attack|p2a: Chi-Yu\n|-damage|p2a: Chi-Yu|77/100\n|\n|upkeep\n|turn|6\n|inactive|goldmembernl97 has 90 seconds left.\n|\n|t:|1771147661\n|switch|p2a: Incineroar|Incineroar, M|63/100\n|-ability|p2a: Incineroar|Intimidate|boost\n|-unboost|p1a: Volcarona|atk|1\n|-unboost|p1b: Porygon2|atk|1\n|switch|p1b: Ogerpon|Ogerpon-Wellspring, F|100/100\n|move|p2b: Thundurus|Eerie Impulse|p1a: Volcarona\n|-unboost|p1a: Volcarona|spa|2\n|move|p1a: Volcarona|Giga Drain|p2a: Incineroar\n|-resisted|p2a: Incineroar\n|-damage|p2a: Incineroar|52/100\n|-heal|p1a: Volcarona|62/100|[from] drain|[of] p2a: Incineroar\n|\n|upkeep\n|turn|7\n|\n|t:|1771147680\n|move|p2a: Incineroar|Fake Out|p1a: Volcarona\n|-damage|p1a: Volcarona|48/100\n|move|p2b: Thundurus|Thunder Wave|p1a: Volcarona\n|-status|p1a: Volcarona|par\n|move|p1b: Ogerpon|Ivy Cudgel|p2a: Incineroar|[anim] Ivy Cudgel Water\n|-supereffective|p2a: Incineroar\n|-damage|p2a: Incineroar|0 fnt\n|faint|p2a: Incineroar\n|cant|p1a: Volcarona|flinch\n|\n|upkeep\n|\n|t:|1771147683\n|switch|p2a: Chi-Yu|Chi-Yu, tera:Water|77/100\n|-ability|p2a: Chi-Yu|Beads of Ruin\n|turn|8\n|inactive|goldmembernl97 has 120 seconds left.\n|\n|t:|1771147700\n|switch|p1a: Porygon2|Porygon2|57/100\n|-ability|p1a: Porygon2|Beads of Ruin|Trace|[from] ability: Trace|[of] p2a: Chi-Yu\n|-ability|p1a: Porygon2|Beads of Ruin\n|move|p2b: Thundurus|Thunder Wave|p1b: Ogerpon\n|-status|p1b: Ogerpon|par\n|move|p2a: Chi-Yu|Heat Wave|p1a: Porygon2|[spread] p1a,p1b\n|-crit|p1b: Ogerpon\n|-damage|p1a: Porygon2|14/100\n|-damage|p1b: Ogerpon|0 fnt\n|faint|p1b: Ogerpon\n|\n|upkeep\n|-message|goldmembernl97 forfeited.\n|\n|win|Andy6005\n|raw|goldmembernl97's rating: 1552 &rarr; <strong>1534</strong><br />(-18 for losing)\n|raw|Andy6005's rating: 1593 &rarr; <strong>1611</strong><br />(+18 for winning)\n|l|☆goldmembernl97\n|player|p1|\n|l|☆Andy6005\n|player|p2|\n", "uploadtime": 1771148108, "views": 13, "formatid": "gen9doublesou", "rating": 1534, "private": 0, "password": null}