{"id": "gen9doublesou-2540690640", "format": "[Gen 9] Doubles OU", "players": ["sylent knight", "Kochu_shak"], "log": "|badge|p2|silver|gen9doublesou|30-8\n|uhtml|medal-msg|<div class=\"broadcast-blue\">Curious what those medals under the avatar are? PS now has Ladder Seasons! For more information, check out the <a href=\"https://www.smogon.com/forums/threads/3740067/\">thread on Smogon.</a></div>\n|j|☆sylent knight\n|j|☆Kochu_shak\n|t:|1771240888\n|gametype|doubles\n|player|p1|sylent knight|1|1552\n|player|p2|Kochu_shak|morty-masters2|1826\n|gen|9\n|tier|[Gen 9] Doubles OU\n|rated|\n|rule|HP Percentage Mod: HP is shown in percentages\n|rule|Endless Battle Clause: Forcing endless battles is banned\n|rule|Species Clause: Limit one of each Pokémon\n|rule|OHKO Clause: OHKO moves are banned\n|rule|Evasion Moves Clause: Evasion moves are banned\n|rule|Gravity Sleep Clause: The combination of sleep-inducing moves with imperfect accuracy and Gravity or Gigantamax Orbeetle are banned\n|rule|Evasion Abilities Clause: Evasion abilities are banned\n|clearpoke\n|poke|p1|Cetitan, F|\n|poke|p1|Glastrier|\n|poke|p1|Kyurem|\n|poke|p1|Ninetales-Alola, F|\n|poke|p1|Baxcalibur, F|\n|poke|p1|Weavile, M|\n|poke|p2|Torkoal, F|\n|poke|p2|Hoopa-Unbound|\n|poke|p2|Indeedee-F, F|\n|poke|p2|Hatterene, F|\n|poke|p2|Lilligant-Hisui, F|\n|poke|p2|Ursaluna, M|\n|teampreview\n|inactive|Battle timer is ON: inactive players will automatically lose when time's up. (requested by sylent knight)\n|\n|t:|1771240905\n|teamsize|p1|6\n|teamsize|p2|6\n|start\n|switch|p1a: Weavile|Weavile, M|100/100\n|switch|p1b: Kyurem|Kyurem|100/100\n|switch|p2a: Indeedee|Indeedee-F, F, shiny|100/100\n|switch|p2b: Hoopa|Hoopa-Unbound|100/100\n|-ability|p1a: Weavile|Pressure\n|-ability|p1b: Kyurem|Pressure\n|-fieldstart|move: Psychic Terrain|[from] ability: Psychic Surge|[of] p2a: Indeedee\n|turn|1\n|\n|t:|1771240914\n|-terastallize|p1b: Kyurem|Ice\n|move|p2a: Indeedee|Helping Hand|p2b: Hoopa\n|-singleturn|p2b: Hoopa|Helping Hand|[of] p2a: Indeedee\n|move|p2b: Hoopa|Expanding Force|p1a: Weavile|[spread] p1b\n|-immune|p1a: Weavile\n|-damage|p1b: Kyurem|10/100\n|move|p1a: Weavile|Knock Off|p2a: Indeedee\n|-supereffective|p2a: Indeedee\n|-damage|p2a: Indeedee|0 fnt\n|-enditem|p2a: Indeedee|Sitrus Berry|[from] move: Knock Off|[of] p1a: Weavile\n|faint|p2a: Indeedee\n|-damage|p1a: Weavile|91/100|[from] item: Life Orb\n|move|p1b: Kyurem|Blizzard|p2b: Hoopa|[miss]\n|-miss|p1b: Kyurem|p2b: Hoopa\n|\n|upkeep\n|\n|t:|1771240919\n|switch|p2a: Hatterene|Hatterene, F, shiny|100/100\n|turn|2\n|\n|t:|1771240930\n|move|p2b: Hoopa|Expanding Force|p1a: Weavile|[spread] p1b\n|-immune|p1a: Weavile\n|-damage|p1b: Kyurem|0 fnt\n|faint|p1b: Kyurem\n|move|p1a: Weavile|Knock Off|p2b: Hoopa\n|-damage|p2b: Hoopa|0 fnt\n|-enditem|p2b: Hoopa|Choice Scarf|[from] move: Knock Off|[of] p1a: Weavile\n|faint|p2b: Hoopa\n|-damage|p1a: Weavile|81/100|[from] item: Life Orb\n|move|p2a: Hatterene|Trick Room|p2a: Hatterene\n|-fieldstart|move: Trick Room|[of] p2a: Hatterene\n|\n|upkeep\n|\n|t:|1771240952\n|switch|p1b: Ninetales|Ninetales-Alola, F|100/100\n|switch|p2b: Torkoal|Torkoal, F, shiny|100/100\n|-weather|SunnyDay|[from] ability: Drought|[of] p2b: Torkoal\n|-weather|Snowscape|[from] ability: Snow Warning|[of] p1b: Ninetales\n|turn|3\n|l|☆Kochu_shak\n|inactive|Kochu_shak disconnected and has a minute to reconnect!\n|player|p2|\n|j|☆Kochu_shak\n|inactive|Kochu_shak reconnected and has 120 seconds left.\n|player|p2|Kochu_shak|morty-masters2|\n|inactive|Kochu_shak also wants the timer to be on.\n|\n|t:|1771240994\n|-terastallize|p2b: Torkoal|Fire\n|move|p2b: Torkoal|Eruption|p1a: Weavile|[spread] p1a,p1b\n|-supereffective|p1a: Weavile\n|-supereffective|p1b: Ninetales\n|-damage|p1a: Weavile|0 fnt\n|-damage|p1b: Ninetales|0 fnt\n|faint|p1a: Weavile\n|faint|p1b: Ninetales\n|move|p2a: Hatterene|Expanding Force|p1: Weavile|[notarget]\n|-fail|p2a: Hatterene\n|\n|-weather|Snowscape|[upkeep]\n|upkeep\n|\n|t:|1771241001\n|switch|p1b: Glastrier|Glastrier|100/100\n|switch|p1a: Baxcalibur|Baxcalibur, F|100/100\n|turn|4\n|\n|t:|1771241013\n|move|p2b: Torkoal|Eruption|p1a: Baxcalibur|[spread] p1a,p1b\n|-supereffective|p1b: Glastrier\n|-crit|p1b: Glastrier\n|-damage|p1a: Baxcalibur|53/100\n|-damage|p1b: Glastrier|0 fnt\n|faint|p1b: Glastrier\n|move|p2a: Hatterene|Expanding Force|p1a: Baxcalibur\n|-damage|p1a: Baxcalibur|2/100\n|move|p1a: Baxcalibur|Glaive Rush|p2b: Torkoal\n|-damage|p2b: Torkoal|59/100\n|-singlemove|p1a: Baxcalibur|Glaive Rush|[silent]\n|\n|-weather|Snowscape|[upkeep]\n|-heal|p1a: Baxcalibur|8/100|[from] ability: Ice Body\n|-heal|p1a: Baxcalibur|14/100|[from] item: Leftovers\n|upkeep\n|\n|t:|1771241019\n|switch|p1b: Cetitan|Cetitan, F|100/100\n|turn|5\n|\n|t:|1771241030\n|move|p2b: Torkoal|Eruption|p1b: Cetitan|[spread] p1a,p1b\n|-supereffective|p1b: Cetitan\n|-crit|p1b: Cetitan\n|-damage|p1a: Baxcalibur|0 fnt\n|-damage|p1b: Cetitan|0 fnt\n|faint|p1a: Baxcalibur\n|faint|p1b: Cetitan\n|\n|win|Kochu_shak\n|raw|sylent knight's rating: 1552 &rarr; <strong>1545</strong><br />(-7 for losing)\n|raw|Kochu_shak's rating: 1826 &rarr; <strong>1833</strong><br />(+7 for winning)\n|l|☆sylent knight\n|player|p1|\n", "uploadtime": 1771241397, "views": 8, "formatid": "gen9doublesou", "rating": 1545, "private": 0, "password": null}