{"id": "gen9doublesou-2540919781", "format": "[Gen 9] Doubles OU", "players": ["natana6l", "PPBOYLOL"], "log": "|j|☆natana6l\n|j|☆PPBOYLOL\n|t:|1771267189\n|gametype|doubles\n|player|p1|natana6l|flannery|1530\n|player|p2|PPBOYLOL|102|1559\n|gen|9\n|tier|[Gen 9] Doubles OU\n|rated|\n|rule|HP Percentage Mod: HP is shown in percentages\n|rule|Endless Battle Clause: Forcing endless battles is banned\n|rule|Species Clause: Limit one of each Pokémon\n|rule|OHKO Clause: OHKO moves are banned\n|rule|Evasion Moves Clause: Evasion moves are banned\n|rule|Gravity Sleep Clause: The combination of sleep-inducing moves with imperfect accuracy and Gravity or Gigantamax Orbeetle are banned\n|rule|Evasion Abilities Clause: Evasion abilities are banned\n|clearpoke\n|poke|p1|Tyranitar, M|\n|poke|p1|Latios, M|\n|poke|p1|Cinderace, M|\n|poke|p1|Ninetales-Alola, M|\n|poke|p1|Raging Bolt|\n|poke|p1|Serperior, F|\n|poke|p2|Torkoal, M|\n|poke|p2|Walking Wake|\n|poke|p2|Tornadus, M|\n|poke|p2|Typhlosion-Hisui, F|\n|poke|p2|Raging Bolt|\n|poke|p2|Ogerpon-Wellspring, F|\n|teampreview\n|\n|t:|1771267219\n|teamsize|p1|6\n|teamsize|p2|6\n|start\n|switch|p1a: Cinderace|Cinderace, M|100/100\n|switch|p1b: Ninetales|Ninetales-Alola, M, shiny|100/100\n|switch|p2a: Walking Wake|Walking Wake|100/100\n|switch|p2b: Tornadus|Tornadus, M|100/100\n|-weather|Snowscape|[from] ability: Snow Warning|[of] p1b: Ninetales\n|turn|1\n|\n|t:|1771267245\n|move|p1a: Cinderace|Sucker Punch|p2a: Walking Wake\n|-start|p1a: Cinderace|typechange|Dark|[from] ability: Libero\n|-damage|p2a: Walking Wake|59/100\n|move|p2b: Tornadus|Sunny Day|p2b: Tornadus\n|-weather|SunnyDay\n|-activate|p2a: Walking Wake|ability: Protosynthesis\n|-start|p2a: Walking Wake|protosynthesisspa\n|move|p2a: Walking Wake|Hydro Steam|p1a: Cinderace\n|-damage|p1a: Cinderace|14/100\n|-damage|p2a: Walking Wake|49/100|[from] item: Life Orb\n|move|p1b: Ninetales|Aurora Veil||[still]\n|-fail|p1b: Ninetales\n|\n|-weather|SunnyDay|[upkeep]\n|upkeep\n|turn|2\n|\n|t:|1771267286\n|switch|p1b: Latios|Latios, M|100/100\n|move|p2a: Walking Wake|Protect|p2a: Walking Wake\n|-singleturn|p2a: Walking Wake|Protect\n|move|p1a: Cinderace|Pyro Ball|p2b: Tornadus\n|-damage|p2b: Tornadus|35/100\n|move|p2b: Tornadus|Bleakwind Storm|p1a: Cinderace|[spread] p1b\n|-miss|p2b: Tornadus|p1a: Cinderace\n|-damage|p1b: Latios|69/100\n|\n|-weather|SunnyDay|[upkeep]\n|upkeep\n|turn|3\n|\n|t:|1771267320\n|move|p2b: Tornadus|Tailwind|p2b: Tornadus\n|-sidestart|p2: PPBOYLOL|move: Tailwind\n|move|p2a: Walking Wake|Hydro Steam|p1a: Cinderace\n|-damage|p1a: Cinderace|0 fnt\n|faint|p1a: Cinderace\n|-damage|p2a: Walking Wake|39/100|[from] item: Life Orb\n|move|p1b: Latios|Tailwind|p1b: Latios\n|-sidestart|p1: natana6l|move: Tailwind\n|\n|-weather|SunnyDay|[upkeep]\n|upkeep\n|\n|t:|1771267326\n|switch|p1a: Raging Bolt|Raging Bolt|100/100\n|-activate|p1a: Raging Bolt|ability: Protosynthesis\n|-start|p1a: Raging Bolt|protosynthesisspa\n|turn|4\n|\n|t:|1771267356\n|move|p2b: Tornadus|Protect|p2b: Tornadus\n|-singleturn|p2b: Tornadus|Protect\n|move|p1b: Latios|Ally Switch|p1b: Latios\n|swap|p1b: Latios|0|[from] move: Ally Switch\n|move|p2a: Walking Wake|Dragon Pulse|p1a: Latios\n|-supereffective|p1a: Latios\n|-damage|p1a: Latios|0 fnt\n|faint|p1a: Latios\n|-damage|p2a: Walking Wake|29/100|[from] item: Life Orb\n|move|p1b: Raging Bolt|Electroweb|p2a: Walking Wake|[spread] p2a\n|-activate|p2b: Tornadus|move: Protect\n|-damage|p2a: Walking Wake|0 fnt\n|faint|p2a: Walking Wake\n|-end|p2a: Walking Wake|Protosynthesis|[silent]\n|-damage|p1b: Raging Bolt|91/100|[from] item: Life Orb\n|\n|-weather|SunnyDay|[upkeep]\n|upkeep\n|\n|t:|1771267381\n|switch|p2a: Raging Bolt|Raging Bolt|100/100\n|switch|p1a: Serperior|Serperior, F, shiny|100/100\n|-activate|p2a: Raging Bolt|ability: Protosynthesis\n|-start|p2a: Raging Bolt|protosynthesisspa\n|turn|5\n|\n|t:|1771267400\n|-end|p1b: Raging Bolt|Protosynthesis|[silent]\n|switch|p1b: Tyranitar|Tyranitar, M|100/100\n|-weather|Sandstorm|[from] ability: Sand Stream|[of] p1b: Tyranitar\n|-end|p2a: Raging Bolt|Protosynthesis\n|-terastallize|p1a: Serperior|Ground\n|move|p1a: Serperior|Tera Blast|p2a: Raging Bolt|[anim] Tera Blast Ground\n|-supereffective|p2a: Raging Bolt\n|-damage|p2a: Raging Bolt|70/100\n|move|p2b: Tornadus|Bleakwind Storm|p1b: Tyranitar|[spread] p1a,p1b\n|-resisted|p1b: Tyranitar\n|-damage|p1a: Serperior|59/100\n|-damage|p1b: Tyranitar|89/100\n|-boost|p1a: Serperior|spe|1\n|-unboost|p1b: Tyranitar|spe|1\n|move|p2a: Raging Bolt|Electroweb|p1a: Serperior|[spread] p1b\n|-immune|p1a: Serperior\n|-damage|p1b: Tyranitar|74/100\n|-unboost|p1b: Tyranitar|spe|1\n|\n|-weather|Sandstorm|[upkeep]\n|-damage|p2b: Tornadus|29/100|[from] Sandstorm\n|-damage|p2a: Raging Bolt|63/100|[from] Sandstorm\n|upkeep\n|turn|6\n|\n|t:|1771267431\n|switch|p2b: Torkoal|Torkoal, M|100/100\n|-weather|SunnyDay|[from] ability: Drought|[of] p2b: Torkoal\n|-activate|p2a: Raging Bolt|ability: Protosynthesis\n|-start|p2a: Raging Bolt|protosynthesisspa\n|-end|p2a: Raging Bolt|Protosynthesis|[silent]\n|switch|p2a: Ogerpon|Ogerpon-Wellspring, F|100/100\n|move|p1a: Serperior|Leaf Storm|p2a: Ogerpon\n|-damage|p2a: Ogerpon|52/100\n|-boost|p1a: Serperior|spa|2\n|move|p1b: Tyranitar|Rock Slide|p2b: Torkoal|[spread] p2a,p2b\n|-supereffective|p2b: Torkoal\n|-damage|p2a: Ogerpon|20/100\n|-damage|p2b: Torkoal|57/100\n|\n|-weather|SunnyDay|[upkeep]\n|-sideend|p1: natana6l|move: Tailwind\n|-sideend|p2: PPBOYLOL|move: Tailwind\n|upkeep\n|turn|7\n|\n|t:|1771267457\n|move|p2a: Ogerpon|Spiky Shield|p2a: Ogerpon\n|-singleturn|p2a: Ogerpon|move: Protect\n|move|p1a: Serperior|Giga Drain|p2a: Ogerpon\n|-activate|p2a: Ogerpon|move: Protect\n|move|p1b: Tyranitar|Rock Slide|p2b: Torkoal|[spread] p2b\n|-activate|p2a: Ogerpon|move: Protect\n|-supereffective|p2b: Torkoal\n|-damage|p2b: Torkoal|13/100\n|move|p2b: Torkoal|Overheat|p1a: Serperior\n|-damage|p1a: Serperior|0 fnt\n|-unboost|p2b: Torkoal|spa|2\n|faint|p1a: Serperior\n|-enditem|p2b: Torkoal|Eject Pack\n|\n|t:|1771267479\n|switch|p2b: Tornadus|Tornadus, M|29/100\n|\n|-weather|SunnyDay|[upkeep]\n|upkeep\n|\n|t:|1771267489\n|switch|p1a: Raging Bolt|Raging Bolt|91/100\n|-activate|p1a: Raging Bolt|ability: Protosynthesis\n|-start|p1a: Raging Bolt|protosynthesisspa\n|turn|8\n|\n|t:|1771267509\n|move|p2b: Tornadus|Tailwind|p2b: Tornadus\n|-sidestart|p2: PPBOYLOL|move: Tailwind\n|move|p1a: Raging Bolt|Thunderclap|p2a: Ogerpon\n|-damage|p2a: Ogerpon|0 fnt\n|faint|p2a: Ogerpon\n|-damage|p1a: Raging Bolt|81/100|[from] item: Life Orb\n|move|p1b: Tyranitar|Rock Slide|p2b: Tornadus\n|-supereffective|p2b: Tornadus\n|-damage|p2b: Tornadus|0 fnt\n|faint|p2b: Tornadus\n|\n|-weather|SunnyDay|[upkeep]\n|upkeep\n|\n|t:|1771267525\n|switch|p2a: Typhlosion|Typhlosion-Hisui, F|100/100\n|switch|p2b: Raging Bolt|Raging Bolt|63/100\n|-item|p1a: Raging Bolt|Life Orb|[from] ability: Frisk|[of] p2a: Typhlosion\n|-item|p1b: Tyranitar|Weakness Policy|[from] ability: Frisk|[of] p2a: Typhlosion\n|-activate|p2b: Raging Bolt|ability: Protosynthesis\n|-start|p2b: Raging Bolt|protosynthesisspa\n|turn|9\n|\n|t:|1771267564\n|move|p1a: Raging Bolt|Thunderclap|p2a: Typhlosion\n|-damage|p2a: Typhlosion|19/100\n|-damage|p1a: Raging Bolt|71/100|[from] item: Life Orb\n|move|p2a: Typhlosion|Solar Beam||[still]\n|-prepare|p2a: Typhlosion|Solar Beam\n|-anim|p2a: Typhlosion|Solar Beam|p1b: Tyranitar\n|-supereffective|p1b: Tyranitar\n|-damage|p1b: Tyranitar|0 fnt\n|faint|p1b: Tyranitar\n|move|p2b: Raging Bolt|Dragon Pulse|p1a: Raging Bolt\n|-supereffective|p1a: Raging Bolt\n|-damage|p1a: Raging Bolt|0 fnt\n|faint|p1a: Raging Bolt\n|-end|p1a: Raging Bolt|Protosynthesis|[silent]\n|\n|-weather|SunnyDay|[upkeep]\n|upkeep\n|\n|t:|1771267574\n|switch|p1b: Ninetales|Ninetales-Alola, M, shiny|100/100\n|-weather|Snowscape|[from] ability: Snow Warning|[of] p1b: Ninetales\n|-end|p2b: Raging Bolt|Protosynthesis\n|turn|10\n|\n|t:|1771267580\n|-end|p2b: Raging Bolt|Protosynthesis|[silent]\n|switch|p2b: Torkoal|Torkoal, M|13/100\n|-weather|SunnyDay|[from] ability: Drought|[of] p2b: Torkoal\n|move|p2a: Typhlosion|Solar Beam||[still]\n|-prepare|p2a: Typhlosion|Solar Beam\n|-anim|p2a: Typhlosion|Solar Beam|p1b: Ninetales\n|-damage|p1b: Ninetales|42/100\n|move|p1b: Ninetales|Aurora Veil||[still]\n|-fail|p1b: Ninetales\n|\n|-weather|SunnyDay|[upkeep]\n|upkeep\n|turn|11\n|-message|natana6l forfeited.\n|\n|win|PPBOYLOL\n|raw|natana6l's rating: 1530 &rarr; <strong>1512</strong><br />(-18 for losing)\n|raw|PPBOYLOL's rating: 1559 &rarr; <strong>1577</strong><br />(+18 for winning)\n|l|☆natana6l\n|player|p1|\n|l|☆PPBOYLOL\n|player|p2|\n", "uploadtime": 1771267957, "views": 1, "formatid": "gen9doublesou", "rating": 1512, "private": 0, "password": null}