{"id": "gen9doublesou-2540312930", "format": "[Gen 9] Doubles OU", "players": ["gil321", "Quadmaster"], "log": "|badge|p2|bronze|gen9doublesou|100-8\n|uhtml|medal-msg|<div class=\"broadcast-blue\">Curious what those medals under the avatar are? PS now has Ladder Seasons! For more information, check out the <a href=\"https://www.smogon.com/forums/threads/3740067/\">thread on Smogon.</a></div>\n|j|☆gil321\n|j|☆Quadmaster\n|t:|1771187587\n|gametype|doubles\n|player|p1|gil321|rocketgrunt|1726\n|player|p2|Quadmaster|benga|1738\n|gen|9\n|tier|[Gen 9] Doubles OU\n|rated|\n|rule|HP Percentage Mod: HP is shown in percentages\n|rule|Endless Battle Clause: Forcing endless battles is banned\n|rule|Species Clause: Limit one of each Pokémon\n|rule|OHKO Clause: OHKO moves are banned\n|rule|Evasion Moves Clause: Evasion moves are banned\n|rule|Gravity Sleep Clause: The combination of sleep-inducing moves with imperfect accuracy and Gravity or Gigantamax Orbeetle are banned\n|rule|Evasion Abilities Clause: Evasion abilities are banned\n|clearpoke\n|poke|p1|Excadrill, M|\n|poke|p1|Chien-Pao|\n|poke|p1|Tyranitar, M|\n|poke|p1|Dragonite, F|\n|poke|p1|Amoonguss, M|\n|poke|p1|Landorus, M|\n|poke|p2|Corviknight, F|\n|poke|p2|Grimmsnarl, M|\n|poke|p2|Goodra-Hisui, M|\n|poke|p2|Sinistcha-Masterpiece|\n|poke|p2|Gouging Fire|\n|poke|p2|Landorus, M|\n|teampreview\n|\n|t:|1771187598\n|teamsize|p1|6\n|teamsize|p2|6\n|start\n|switch|p1a: Van dijk|Tyranitar, M|100/100\n|switch|p1b: Depay|Landorus, M|100/100\n|switch|p2a: Grimmsnarl|Grimmsnarl, M|100/100\n|switch|p2b: Corviknight|Corviknight, F|100/100\n|-weather|Sandstorm|[from] ability: Sand Stream|[of] p1a: Van dijk\n|turn|1\n|\n|t:|1771187631\n|switch|p2b: Landorus|Landorus, M|100/100\n|-terastallize|p1a: Van dijk|Flying\n|move|p2a: Grimmsnarl|Reflect|p2a: Grimmsnarl\n|-sidestart|p2: Quadmaster|Reflect\n|move|p1b: Depay|Weather Ball|p2b: Landorus\n|-damage|p2b: Landorus|50/100\n|move|p1a: Van dijk|Knock Off|p2b: Landorus\n|-crit|p2b: Landorus\n|-damage|p2b: Landorus|0 fnt\n|-enditem|p2b: Landorus|Life Orb|[from] move: Knock Off|[of] p1a: Van dijk\n|faint|p2b: Landorus\n|\n|-weather|Sandstorm|[upkeep]\n|-damage|p2a: Grimmsnarl|94/100|[from] Sandstorm\n|-damage|p1a: Van dijk|94/100|[from] Sandstorm\n|upkeep\n|\n|t:|1771187642\n|switch|p2b: Goodra|Goodra-Hisui, M|100/100\n|turn|2\n|\n|t:|1771187651\n|move|p2a: Grimmsnarl|Light Screen|p2a: Grimmsnarl\n|-sidestart|p2: Quadmaster|move: Light Screen\n|move|p1b: Depay|Sandsear Storm|p2b: Goodra|[spread] p2a,p2b\n|-supereffective|p2b: Goodra\n|-damage|p2a: Grimmsnarl|70/100\n|-damage|p2b: Goodra|71/100\n|-status|p2b: Goodra|brn\n|move|p2b: Goodra|Ice Beam|p1b: Depay\n|-supereffective|p1b: Depay\n|-enditem|p1b: Depay|Focus Sash\n|-damage|p1b: Depay|1/100\n|move|p1a: Van dijk|Low Kick|p2b: Goodra\n|-supereffective|p2b: Goodra\n|-damage|p2b: Goodra|15/100 brn\n|\n|-weather|Sandstorm|[upkeep]\n|-damage|p2a: Grimmsnarl|64/100|[from] Sandstorm\n|-damage|p1a: Van dijk|88/100|[from] Sandstorm\n|-damage|p2b: Goodra|9/100 brn|[from] brn\n|upkeep\n|turn|3\n|\n|t:|1771187668\n|switch|p2b: Sinistcha|Sinistcha-Masterpiece|100/100\n|-heal|p2a: Grimmsnarl|89/100|[from] ability: Hospitality|[of] p2b: Sinistcha\n|move|p1b: Depay|Sandsear Storm|p2b: Sinistcha|[spread] p2a,p2b\n|-resisted|p2b: Sinistcha\n|-damage|p2a: Grimmsnarl|64/100\n|-damage|p2b: Sinistcha|81/100\n|move|p2a: Grimmsnarl|Spirit Break|p1b: Depay\n|-damage|p1b: Depay|0 fnt\n|faint|p1b: Depay\n|move|p1a: Van dijk|Rock Slide|p2b: Sinistcha|[spread] p2a,p2b\n|-damage|p2a: Grimmsnarl|42/100\n|-damage|p2b: Sinistcha|68/100\n|\n|-weather|Sandstorm|[upkeep]\n|-damage|p2b: Sinistcha|61/100|[from] Sandstorm\n|-damage|p2a: Grimmsnarl|36/100|[from] Sandstorm\n|-damage|p1a: Van dijk|82/100|[from] Sandstorm\n|-heal|p2b: Sinistcha|68/100|[from] item: Leftovers\n|upkeep\n|\n|t:|1771187692\n|switch|p1b: Vini Jr|Chien-Pao|100/100\n|-ability|p1b: Vini Jr|Sword of Ruin\n|turn|4\n|\n|t:|1771187698\n|move|p1b: Vini Jr|Ice Spinner|p2a: Grimmsnarl\n|-damage|p2a: Grimmsnarl|0 fnt\n|faint|p2a: Grimmsnarl\n|move|p2b: Sinistcha|Matcha Gotcha|p1a: Van dijk|[spread] p1a,p1b\n|-resisted|p1a: Van dijk\n|-damage|p1a: Van dijk|75/100\n|-heal|p2b: Sinistcha|72/100|[from] drain|[of] p1a: Van dijk\n|-damage|p1b: Vini Jr|64/100\n|-heal|p2b: Sinistcha|87/100|[from] drain|[of] p1b: Vini Jr\n|move|p1a: Van dijk|Knock Off|p2b: Sinistcha\n|-supereffective|p2b: Sinistcha\n|-damage|p2b: Sinistcha|29/100\n|-enditem|p2b: Sinistcha|Leftovers|[from] move: Knock Off|[of] p1a: Van dijk\n|\n|-weather|Sandstorm|[upkeep]\n|-damage|p1b: Vini Jr|58/100|[from] Sandstorm\n|-damage|p2b: Sinistcha|22/100|[from] Sandstorm\n|-damage|p1a: Van dijk|69/100|[from] Sandstorm\n|upkeep\n|\n|t:|1771187720\n|switch|p2a: Gouging Fire|Gouging Fire|100/100\n|turn|5\n|\n|t:|1771187725\n|switch|p2b: Goodra|Goodra-Hisui, M|9/100 brn\n|move|p1b: Vini Jr|Protect|p1b: Vini Jr\n|-singleturn|p1b: Vini Jr|Protect\n|move|p2a: Gouging Fire|Dragon Dance|p2a: Gouging Fire\n|-boost|p2a: Gouging Fire|atk|1\n|-boost|p2a: Gouging Fire|spe|1\n|move|p1a: Van dijk|Rock Slide|p2a: Gouging Fire|[spread] p2a,p2b\n|-supereffective|p2a: Gouging Fire\n|-resisted|p2b: Goodra\n|-damage|p2a: Gouging Fire|61/100\n|-damage|p2b: Goodra|0 fnt\n|faint|p2b: Goodra\n|\n|-weather|none\n|upkeep\n|\n|t:|1771187736\n|switch|p2b: Sinistcha|Sinistcha-Masterpiece|22/100\n|-heal|p2a: Gouging Fire|86/100|[from] ability: Hospitality|[of] p2b: Sinistcha\n|turn|6\n|\n|t:|1771187743\n|switch|p1a: Amoonguss|Amoonguss, M|100/100\n|move|p2a: Gouging Fire|Heat Crash|p1b: Vini Jr\n|-supereffective|p1b: Vini Jr\n|-damage|p1b: Vini Jr|0 fnt\n|faint|p1b: Vini Jr\n|move|p2b: Sinistcha|Life Dew|p2b: Sinistcha|[spread] p2a,p2b\n|-heal|p2a: Gouging Fire|100/100\n|-heal|p2b: Sinistcha|48/100\n|\n|upkeep\n|\n|t:|1771187754\n|switch|p1b: Van dijk|Tyranitar, M, tera:Flying|69/100\n|-weather|Sandstorm|[from] ability: Sand Stream|[of] p1b: Van dijk\n|turn|7\n|\n|t:|1771187767\n|move|p2a: Gouging Fire|Heat Crash|p1a: Amoonguss\n|-supereffective|p1a: Amoonguss\n|-damage|p1a: Amoonguss|0 fnt\n|faint|p1a: Amoonguss\n|move|p2b: Sinistcha|Life Dew||[still]|[spread] p2a,p2b\n|-fail|p2a: Gouging Fire|heal\n|-heal|p2b: Sinistcha|73/100\n|move|p1b: Van dijk|Knock Off|p2b: Sinistcha\n|-supereffective|p2b: Sinistcha\n|-damage|p2b: Sinistcha|42/100\n|\n|-weather|Sandstorm|[upkeep]\n|-damage|p2a: Gouging Fire|94/100|[from] Sandstorm\n|-damage|p2b: Sinistcha|35/100|[from] Sandstorm\n|-damage|p1b: Van dijk|63/100|[from] Sandstorm\n|upkeep\n|\n|t:|1771187778\n|switch|p1a: Messi|Excadrill, M|100/100\n|turn|8\n|\n|t:|1771187789\n|-terastallize|p2a: Gouging Fire|Grass\n|move|p1a: Messi|Earthquake|p2b: Sinistcha|[spread] p2a,p2b\n|-immune|p1b: Van dijk\n|-resisted|p2a: Gouging Fire\n|-resisted|p2b: Sinistcha\n|-damage|p2a: Gouging Fire|83/100\n|-damage|p2b: Sinistcha|26/100\n|move|p2a: Gouging Fire|Heat Crash|p1a: Messi\n|-supereffective|p1a: Messi\n|-enditem|p1a: Messi|Focus Sash\n|-damage|p1a: Messi|1/100\n|move|p2b: Sinistcha|Matcha Gotcha|p1a: Messi|[spread] p1a,p1b\n|-resisted|p1b: Van dijk\n|-damage|p1a: Messi|0 fnt\n|-heal|p2b: Sinistcha|26/100|[from] drain|[of] p1a: Messi\n|-damage|p1b: Van dijk|56/100\n|-heal|p2b: Sinistcha|30/100|[from] drain|[of] p1b: Van dijk\n|faint|p1a: Messi\n|move|p1b: Van dijk|Rock Slide|p2b: Sinistcha|[spread] p2b\n|-miss|p1b: Van dijk|p2a: Gouging Fire\n|-damage|p2b: Sinistcha|17/100\n|\n|-weather|Sandstorm|[upkeep]\n|-damage|p2a: Gouging Fire|76/100|[from] Sandstorm\n|-damage|p2b: Sinistcha|11/100|[from] Sandstorm\n|-damage|p1b: Van dijk|50/100|[from] Sandstorm\n|-sideend|p2: Quadmaster|Reflect\n|upkeep\n|\n|t:|1771187796\n|switch|p1a: C. Ronaldo (C)|Dragonite, F|100/100\n|turn|9\n|\n|t:|1771187801\n|move|p1a: C. Ronaldo (C)|Extreme Speed|p2a: Gouging Fire\n|-damage|p2a: Gouging Fire|43/100\n|move|p2a: Gouging Fire|Dragon Claw|p1b: Van dijk\n|-damage|p1b: Van dijk|11/100\n|move|p2b: Sinistcha|Life Dew|p2b: Sinistcha|[spread] p2a,p2b\n|-heal|p2a: Gouging Fire|68/100\n|-heal|p2b: Sinistcha|36/100\n|move|p1b: Van dijk|Rock Slide|p2b: Sinistcha|[spread] p2a,p2b\n|-damage|p2a: Gouging Fire|47/100\n|-damage|p2b: Sinistcha|19/100\n|\n|-weather|Sandstorm|[upkeep]\n|-damage|p2a: Gouging Fire|40/100|[from] Sandstorm\n|-damage|p2b: Sinistcha|13/100|[from] Sandstorm\n|-damage|p1a: C. Ronaldo (C)|94/100|[from] Sandstorm\n|-damage|p1b: Van dijk|5/100|[from] Sandstorm\n|-sideend|p2: Quadmaster|move: Light Screen\n|upkeep\n|turn|10\n|c|☆gil321|gg\n|-message|gil321 forfeited.\n|\n|win|Quadmaster\n|raw|gil321's rating: 1726 &rarr; <strong>1707</strong><br />(-19 for losing)\n|raw|Quadmaster's rating: 1738 &rarr; <strong>1757</strong><br />(+19 for winning)\n|l|☆gil321\n|player|p1|\n|c|☆Quadmaster|gg\n|l|☆Quadmaster\n|player|p2|\n", "uploadtime": 1771188041, "views": 14, "formatid": "gen9doublesou", "rating": 1707, "private": 0, "password": null}