{"id": "gen9doublesou-2540885163", "format": "[Gen 9] Doubles OU", "players": ["Grimspy", "slipperyegg"], "log": "|j|☆Grimspy\n|j|☆slipperyegg\n|t:|1771263859\n|gametype|doubles\n|player|p1|Grimspy|boarder|1502\n|player|p2|slipperyegg|silver|1580\n|gen|9\n|tier|[Gen 9] Doubles OU\n|rated|\n|rule|HP Percentage Mod: HP is shown in percentages\n|rule|Endless Battle Clause: Forcing endless battles is banned\n|rule|Species Clause: Limit one of each Pokémon\n|rule|OHKO Clause: OHKO moves are banned\n|rule|Evasion Moves Clause: Evasion moves are banned\n|rule|Gravity Sleep Clause: The combination of sleep-inducing moves with imperfect accuracy and Gravity or Gigantamax Orbeetle are banned\n|rule|Evasion Abilities Clause: Evasion abilities are banned\n|clearpoke\n|poke|p1|Moltres-Galar|\n|poke|p1|Iron Hands|\n|poke|p1|Sinistcha|\n|poke|p1|Incineroar, F|\n|poke|p1|Ninetales-Alola, M|\n|poke|p1|Kyurem|\n|poke|p2|Landorus, M|\n|poke|p2|Tornadus, M|\n|poke|p2|Ninetales-Alola, F|\n|poke|p2|Brute Bonnet|\n|poke|p2|Chi-Yu|\n|poke|p2|Rotom-Wash|\n|teampreview\n|inactive|Battle timer is ON: inactive players will automatically lose when time's up. (requested by Grimspy)\n|\n|t:|1771263888\n|teamsize|p1|6\n|teamsize|p2|6\n|start\n|switch|p1a: Moltres|Moltres-Galar|100/100\n|switch|p1b: Ninetales|Ninetales-Alola, M|100/100\n|switch|p2a: Tornadus|Tornadus, M|100/100\n|switch|p2b: Brute Bonnet|Brute Bonnet|100/100\n|-weather|Snowscape|[from] ability: Snow Warning|[of] p1b: Ninetales\n|-enditem|p2b: Brute Bonnet|Booster Energy\n|-activate|p2b: Brute Bonnet|ability: Protosynthesis|[fromitem]\n|-start|p2b: Brute Bonnet|protosynthesisdef\n|turn|1\n|inactive|Grimspy has 120 seconds left.\n|\n|t:|1771263918\n|move|p2a: Tornadus|Rain Dance|p2a: Tornadus\n|-weather|RainDance\n|move|p1b: Ninetales|Encore|p2a: Tornadus\n|-start|p2a: Tornadus|Encore\n|move|p1a: Moltres|Tailwind|p1a: Moltres\n|-sidestart|p1: Grimspy|move: Tailwind\n|move|p2b: Brute Bonnet|Spore|p1a: Moltres\n|-status|p1a: Moltres|slp|[from] move: Spore\n|\n|-weather|RainDance|[upkeep]\n|upkeep\n|turn|2\n|inactive|Grimspy has 120 seconds left.\n|\n|t:|1771263966\n|switch|p1b: Iron Hands|Iron Hands|100/100\n|switch|p2a: Rotom|Rotom-Wash, shiny|100/100\n|cant|p1a: Moltres|slp\n|move|p2b: Brute Bonnet|Spore|p1b: Iron Hands\n|-status|p1b: Iron Hands|slp|[from] move: Spore\n|\n|-weather|RainDance|[upkeep]\n|upkeep\n|turn|3\n|inactive|Grimspy has 120 seconds left.\n|\n|t:|1771263986\n|-end|p2b: Brute Bonnet|Protosynthesis|[silent]\n|switch|p2b: Chi-Yu|Chi-Yu|100/100\n|-ability|p2b: Chi-Yu|Beads of Ruin\n|-terastallize|p1a: Moltres|Poison\n|cant|p1a: Moltres|slp\n|cant|p1b: Iron Hands|slp\n|move|p2a: Rotom|Thunderbolt|p1a: Moltres\n|-damage|p1a: Moltres|42/100 slp\n|-ability|p1a: Moltres|Berserk|boost\n|-boost|p1a: Moltres|spa|1\n|-enditem|p1a: Moltres|Sitrus Berry|[eat]\n|-heal|p1a: Moltres|66/100 slp|[from] item: Sitrus Berry\n|\n|-weather|RainDance|[upkeep]\n|upkeep\n|turn|4\n|\n|t:|1771264004\n|cant|p1a: Moltres|slp\n|-curestatus|p1b: Iron Hands|slp|[msg]\n|move|p1b: Iron Hands|Drain Punch|p2b: Chi-Yu\n|-supereffective|p2b: Chi-Yu\n|-damage|p2b: Chi-Yu|0 fnt\n|faint|p2b: Chi-Yu\n|move|p2a: Rotom|Thunderbolt|p1a: Moltres\n|-damage|p1a: Moltres|23/100 slp\n|-ability|p1a: Moltres|Berserk|boost\n|-boost|p1a: Moltres|spa|1\n|\n|-weather|RainDance|[upkeep]\n|-sideend|p1: Grimspy|move: Tailwind\n|upkeep\n|\n|t:|1771264020\n|switch|p2b: Brute Bonnet|Brute Bonnet|100/100\n|turn|5\n|\n|t:|1771264034\n|-curestatus|p1a: Moltres|slp|[msg]\n|move|p1a: Moltres|Protect|p1a: Moltres\n|-singleturn|p1a: Moltres|Protect\n|move|p2a: Rotom|Thunderbolt|p1a: Moltres\n|-activate|p1a: Moltres|move: Protect\n|move|p1b: Iron Hands|Swords Dance|p1b: Iron Hands\n|-boost|p1b: Iron Hands|atk|2\n|move|p2b: Brute Bonnet|Spore|p1a: Moltres\n|-activate|p1a: Moltres|move: Protect\n|\n|-weather|none\n|upkeep\n|turn|6\n|c|☆slipperyegg|oh no\n|\n|t:|1771264055\n|switch|p1a: Ninetales|Ninetales-Alola, M|100/100\n|-weather|Snowscape|[from] ability: Snow Warning|[of] p1a: Ninetales\n|move|p2a: Rotom|Thunderbolt|p1a: Ninetales\n|-damage|p1a: Ninetales|40/100\n|-status|p1a: Ninetales|par\n|move|p1b: Iron Hands|Fire Punch|p2b: Brute Bonnet\n|-supereffective|p2b: Brute Bonnet\n|-damage|p2b: Brute Bonnet|25/100\n|move|p2b: Brute Bonnet|Spore|p1b: Iron Hands\n|-status|p1b: Iron Hands|slp|[from] move: Spore\n|\n|-weather|Snowscape|[upkeep]\n|upkeep\n|turn|7\n|\n|t:|1771264082\n|-end|p2b: Brute Bonnet|Protosynthesis|[silent]\n|switch|p2b: Ninetales|Ninetales-Alola, F|100/100\n|cant|p1a: Ninetales|par\n|move|p2a: Rotom|Thunderbolt|p1a: Ninetales\n|-damage|p1a: Ninetales|0 fnt\n|faint|p1a: Ninetales\n|cant|p1b: Iron Hands|slp\n|\n|-weather|Snowscape|[upkeep]\n|upkeep\n|\n|t:|1771264092\n|switch|p1a: Kyurem|Kyurem|100/100\n|-ability|p1a: Kyurem|Pressure\n|turn|8\n|\n|t:|1771264099\n|switch|p2a: Brute Bonnet|Brute Bonnet|25/100\n|move|p2b: Ninetales|Aurora Veil|p2b: Ninetales\n|-sidestart|p2: slipperyegg|move: Aurora Veil\n|move|p1a: Kyurem|Flash Cannon|p2b: Ninetales\n|-supereffective|p2b: Ninetales\n|-damage|p2b: Ninetales|0 fnt\n|faint|p2b: Ninetales\n|-curestatus|p1b: Iron Hands|slp|[msg]\n|move|p1b: Iron Hands|Drain Punch|p2a: Brute Bonnet\n|-supereffective|p2a: Brute Bonnet\n|-damage|p2a: Brute Bonnet|0 fnt\n|faint|p2a: Brute Bonnet\n|-end|p2a: Brute Bonnet|Protosynthesis|[silent]\n|\n|-weather|Snowscape|[upkeep]\n|upkeep\n|\n|t:|1771264120\n|switch|p2b: Landorus|Landorus, M|100/100\n|switch|p2a: Rotom|Rotom-Wash, shiny|100/100\n|turn|9\n|\n|t:|1771264137\n|move|p1b: Iron Hands|Protect|p1b: Iron Hands\n|-singleturn|p1b: Iron Hands|Protect\n|move|p2b: Landorus|Focus Blast|p1a: Kyurem\n|-supereffective|p1a: Kyurem\n|-damage|p1a: Kyurem|32/100\n|move|p2a: Rotom|Volt Switch|p1b: Iron Hands\n|-activate|p1b: Iron Hands|move: Protect\n|move|p1a: Kyurem|Freeze-Dry|p2a: Rotom\n|-supereffective|p2a: Rotom\n|-damage|p2a: Rotom|31/100\n|\n|-weather|Snowscape|[upkeep]\n|upkeep\n|turn|10\n|\n|t:|1771264161\n|switch|p1a: Sinistcha|Sinistcha|100/100\n|move|p2b: Landorus|Sandsear Storm|p1b: Iron Hands|[spread] p1a,p1b\n|-resisted|p1a: Sinistcha\n|-supereffective|p1b: Iron Hands\n|-damage|p1a: Sinistcha|73/100\n|-damage|p1b: Iron Hands|9/100\n|move|p2a: Rotom|Volt Switch|p1a: Sinistcha\n|-resisted|p1a: Sinistcha\n|-damage|p1a: Sinistcha|46/100\n|-enditem|p1a: Sinistcha|Sitrus Berry|[eat]\n|-heal|p1a: Sinistcha|71/100|[from] item: Sitrus Berry\n|\n|t:|1771264171\n|switch|p2a: Tornadus|Tornadus, M|100/100|[from] Volt Switch\n|move|p1b: Iron Hands|Fire Punch|p2a: Tornadus\n|-damage|p2a: Tornadus|49/100\n|\n|-weather|none\n|upkeep\n|turn|11\n|inactive|Grimspy has 120 seconds left.\n|inactive|slipperyegg has 120 seconds left.\n|\n|t:|1771264202\n|move|p1b: Iron Hands|Protect|p1b: Iron Hands\n|-singleturn|p1b: Iron Hands|Protect\n|move|p2a: Tornadus|Bleakwind Storm|p1a: Sinistcha|[spread] p1a\n|-activate|p1b: Iron Hands|move: Protect\n|-supereffective|p1a: Sinistcha\n|-damage|p1a: Sinistcha|0 fnt\n|faint|p1a: Sinistcha\n|move|p2b: Landorus|Sludge Bomb|p1b: Iron Hands\n|-activate|p1b: Iron Hands|move: Protect\n|\n|upkeep\n|inactive|Grimspy has 120 seconds left.\n|\n|t:|1771264215\n|switch|p1a: Kyurem|Kyurem|32/100\n|-ability|p1a: Kyurem|Pressure\n|turn|12\n|\n|t:|1771264230\n|-end|p1b: Iron Hands|Quark Drive|[silent]\n|switch|p1b: Incineroar|Incineroar, F|100/100\n|-ability|p1b: Incineroar|Intimidate|boost\n|-unboost|p2a: Tornadus|atk|1\n|-unboost|p2b: Landorus|atk|1\n|move|p2a: Tornadus|Rain Dance|p2a: Tornadus\n|-weather|RainDance\n|move|p2b: Landorus|Sandsear Storm|p1a: Kyurem|[spread] p1a,p1b\n|-supereffective|p1b: Incineroar\n|-damage|p1a: Kyurem|6/100\n|-damage|p1b: Incineroar|1/100\n|move|p1a: Kyurem|Blizzard|p2b: Landorus|[spread] p2a,p2b\n|-supereffective|p2a: Tornadus\n|-supereffective|p2b: Landorus\n|-damage|p2a: Tornadus|0 fnt\n|-damage|p2b: Landorus|0 fnt\n|faint|p2a: Tornadus\n|faint|p2b: Landorus\n|\n|-weather|RainDance|[upkeep]\n|upkeep\n|\n|t:|1771264246\n|switch|p2b: Rotom|Rotom-Wash, shiny|31/100\n|turn|13\n|c|☆slipperyegg|even with all the luck i had i couldn't win\n|c|☆slipperyegg|gg\n|\n|t:|1771264262\n|move|p1b: Incineroar|Fake Out|p2b: Rotom\n|-damage|p2b: Rotom|21/100\n|cant|p2b: Rotom|flinch\n|move|p1a: Kyurem|Freeze-Dry|p2b: Rotom\n|-supereffective|p2b: Rotom\n|-damage|p2b: Rotom|0 fnt\n|faint|p2b: Rotom\n|\n|win|Grimspy\n|raw|Grimspy's rating: 1502 &rarr; <strong>1526</strong><br />(+24 for winning)\n|raw|slipperyegg's rating: 1580 &rarr; <strong>1556</strong><br />(-24 for losing)\n|l|☆slipperyegg\n|player|p2|\n", "uploadtime": 1771264654, "views": 3, "formatid": "gen9doublesou", "rating": 1526, "private": 0, "password": null}