{"id": "gen9doublesou-2540098504", "format": "[Gen 9] Doubles OU", "players": ["Lemecano", "cesar097600"], "log": "|j|☆Lemecano\n|j|☆cesar097600\n|t:|1771161514\n|gametype|doubles\n|player|p1|Lemecano|170|1607\n|player|p2|cesar097600|ninjaboy|1551\n|gen|9\n|tier|[Gen 9] Doubles OU\n|rated|\n|rule|HP Percentage Mod: HP is shown in percentages\n|rule|Endless Battle Clause: Forcing endless battles is banned\n|rule|Species Clause: Limit one of each Pokémon\n|rule|OHKO Clause: OHKO moves are banned\n|rule|Evasion Moves Clause: Evasion moves are banned\n|rule|Gravity Sleep Clause: The combination of sleep-inducing moves with imperfect accuracy and Gravity or Gigantamax Orbeetle are banned\n|rule|Evasion Abilities Clause: Evasion abilities are banned\n|clearpoke\n|poke|p1|Regidrago|\n|poke|p1|Incineroar, M|\n|poke|p1|Clefable, F|\n|poke|p1|Ogerpon-Wellspring, F|\n|poke|p1|Raging Bolt|\n|poke|p1|Sneasler, F|\n|poke|p2|Torkoal, M|\n|poke|p2|Roaring Moon|\n|poke|p2|Armarouge, F|\n|poke|p2|Lilligant-Hisui, F|\n|poke|p2|Kingambit, M|\n|poke|p2|Farigiraf, M|\n|teampreview\n|inactive|Battle timer is ON: inactive players will automatically lose when time's up. (requested by Lemecano)\n|inactive|cesar097600 has 120 seconds left.\n|inactive|cesar097600 has 90 seconds left.\n|inactive|cesar097600 has 60 seconds left.\n|\n|t:|1771161606\n|teamsize|p1|6\n|teamsize|p2|6\n|start\n|switch|p1a: Sneasler|Sneasler, F|100/100\n|switch|p1b: Ogerpon|Ogerpon-Wellspring, F|100/100\n|switch|p2a: Kingambit|Kingambit, M|100/100\n|switch|p2b: Armarouge|Armarouge, F|100/100\n|turn|1\n|\n|t:|1771161624\n|-terastallize|p2a: Kingambit|Fairy\n|move|p1a: Sneasler|Close Combat|p2a: Kingambit\n|-resisted|p2a: Kingambit\n|-damage|p2a: Kingambit|73/100\n|-unboost|p1a: Sneasler|def|1\n|-unboost|p1a: Sneasler|spd|1\n|-status|p2a: Kingambit|psn|[from] ability: Poison Touch|[of] p1a: Sneasler\n|-damage|p1a: Sneasler|91/100|[from] item: Life Orb\n|move|p1b: Ogerpon|Ivy Cudgel|p2b: Armarouge|[anim] Ivy Cudgel Water\n|-supereffective|p2b: Armarouge\n|-enditem|p2b: Armarouge|Focus Sash\n|-damage|p2b: Armarouge|1/100\n|-ability|p2b: Armarouge|Weak Armor|boost\n|-unboost|p2b: Armarouge|def|1\n|-boost|p2b: Armarouge|spe|2\n|move|p2b: Armarouge|Psychic|p1a: Sneasler\n|-supereffective|p1a: Sneasler\n|-crit|p1a: Sneasler\n|-damage|p1a: Sneasler|0 fnt\n|faint|p1a: Sneasler\n|move|p2a: Kingambit|Iron Head|p1b: Ogerpon\n|-resisted|p1b: Ogerpon\n|-damage|p1b: Ogerpon|76/100\n|\n|-damage|p2a: Kingambit|60/100 psn|[from] psn\n|upkeep\n|\n|t:|1771161636\n|switch|p1a: Raging Bolt|Raging Bolt|100/100\n|-enditem|p1a: Raging Bolt|Booster Energy\n|-activate|p1a: Raging Bolt|ability: Protosynthesis|[fromitem]\n|-start|p1a: Raging Bolt|protosynthesisspa\n|turn|2\n|\n|t:|1771161656\n|move|p1a: Raging Bolt|Thunderclap||[still]\n|-fail|p1a: Raging Bolt\n|move|p2b: Armarouge|Destiny Bond|p2b: Armarouge\n|-singlemove|p2b: Armarouge|Destiny Bond\n|move|p1b: Ogerpon|Ivy Cudgel|p2a: Kingambit|[anim] Ivy Cudgel Water\n|-damage|p2a: Kingambit|24/100 psn\n|move|p2a: Kingambit|Swords Dance|p2a: Kingambit\n|-boost|p2a: Kingambit|atk|2\n|\n|-damage|p2a: Kingambit|11/100 psn|[from] psn\n|upkeep\n|turn|3\n|\n|t:|1771161686\n|move|p1b: Ogerpon|Spiky Shield|p1b: Ogerpon\n|-singleturn|p1b: Ogerpon|move: Protect\n|move|p2b: Armarouge|Wide Guard|p2b: Armarouge\n|-singleturn|p2b: Armarouge|Wide Guard\n|move|p1a: Raging Bolt|Thunderclap|p2a: Kingambit\n|-damage|p2a: Kingambit|0 fnt\n|faint|p2a: Kingambit\n|\n|upkeep\n|\n|t:|1771161690\n|switch|p2a: Lilligant|Lilligant-Hisui, F|100/100\n|turn|4\n|\n|t:|1771161710\n|switch|p2b: Torkoal|Torkoal, M|100/100\n|-weather|SunnyDay|[from] ability: Drought|[of] p2b: Torkoal\n|move|p1a: Raging Bolt|Thunderclap||[still]\n|-fail|p1a: Raging Bolt\n|move|p2a: Lilligant|Encore|p1b: Ogerpon\n|-start|p1b: Ogerpon|Encore\n|move|p1b: Ogerpon|Spiky Shield||[still]\n|-fail|p1b: Ogerpon\n|\n|-weather|SunnyDay|[upkeep]\n|upkeep\n|turn|5\n|\n|t:|1771161732\n|move|p1b: Ogerpon|Spiky Shield|p1b: Ogerpon\n|-singleturn|p1b: Ogerpon|move: Protect\n|move|p2a: Lilligant|Close Combat|p1a: Raging Bolt\n|-damage|p1a: Raging Bolt|54/100\n|-unboost|p2a: Lilligant|def|1\n|-unboost|p2a: Lilligant|spd|1\n|move|p1a: Raging Bolt|Thunderbolt|p2b: Torkoal\n|-damage|p2b: Torkoal|0 fnt\n|faint|p2b: Torkoal\n|\n|-weather|SunnyDay|[upkeep]\n|upkeep\n|\n|t:|1771161744\n|switch|p2b: Farigiraf|Farigiraf, M|100/100\n|turn|6\n|\n|t:|1771161763\n|switch|p1b: Incineroar|Incineroar, M|100/100\n|-ability|p1b: Incineroar|Intimidate|boost\n|-unboost|p2a: Lilligant|atk|1\n|-unboost|p2b: Farigiraf|atk|1\n|move|p2a: Lilligant|Close Combat|p1a: Raging Bolt\n|-damage|p1a: Raging Bolt|19/100\n|-unboost|p2a: Lilligant|def|1\n|-unboost|p2a: Lilligant|spd|1\n|move|p1a: Raging Bolt|Thunderbolt|p2a: Lilligant\n|-resisted|p2a: Lilligant\n|-enditem|p2a: Lilligant|Focus Sash\n|-damage|p2a: Lilligant|1/100\n|move|p2b: Farigiraf|Hyper Voice|p1a: Raging Bolt|[spread] p1a,p1b\n|-damage|p1a: Raging Bolt|0 fnt\n|-damage|p1b: Incineroar|81/100\n|faint|p1a: Raging Bolt\n|-end|p1a: Raging Bolt|Protosynthesis|[silent]\n|-enditem|p2b: Farigiraf|Throat Spray\n|-boost|p2b: Farigiraf|spa|1|[from] item: Throat Spray\n|\n|-weather|SunnyDay|[upkeep]\n|upkeep\n|\n|t:|1771161780\n|switch|p1a: Regidrago|Regidrago|100/100\n|turn|7\n|\n|t:|1771161800\n|-terastallize|p1a: Regidrago|Dragon\n|move|p2b: Farigiraf|Helping Hand|p2a: Lilligant\n|-singleturn|p2a: Lilligant|Helping Hand|[of] p2b: Farigiraf\n|move|p1b: Incineroar|Fake Out||[still]\n|cant|p2b: Farigiraf|ability: Armor Tail|Fake Out|[of] p1b: Incineroar\n|move|p2a: Lilligant|Close Combat|p1a: Regidrago\n|-damage|p1a: Regidrago|35/100\n|-unboost|p2a: Lilligant|def|1\n|-unboost|p2a: Lilligant|spd|1\n|move|p1a: Regidrago|Dragon Energy|p2a: Lilligant|[spread] p2a,p2b\n|-damage|p2a: Lilligant|0 fnt\n|-damage|p2b: Farigiraf|67/100\n|faint|p2a: Lilligant\n|\n|-weather|SunnyDay|[upkeep]\n|upkeep\n|\n|t:|1771161811\n|switch|p2a: Roaring Moon|Roaring Moon|100/100\n|-activate|p2a: Roaring Moon|ability: Protosynthesis\n|-start|p2a: Roaring Moon|protosynthesisspe\n|turn|8\n|\n|t:|1771161838\n|switch|p1a: Clefable|Clefable, F|100/100\n|move|p2b: Farigiraf|Protect|p2b: Farigiraf\n|-singleturn|p2b: Farigiraf|Protect\n|move|p2a: Roaring Moon|Knock Off|p1a: Clefable\n|-resisted|p1a: Clefable\n|-damage|p1a: Clefable|77/100\n|-enditem|p1a: Clefable|Sitrus Berry|[from] move: Knock Off|[of] p2a: Roaring Moon\n|move|p1b: Incineroar|Flare Blitz|p2b: Farigiraf\n|-activate|p2b: Farigiraf|move: Protect\n|\n|-weather|none\n|-end|p2a: Roaring Moon|Protosynthesis\n|upkeep\n|-enditem|p2a: Roaring Moon|Booster Energy\n|-activate|p2a: Roaring Moon|ability: Protosynthesis|[fromitem]\n|-start|p2a: Roaring Moon|protosynthesisspe\n|turn|9\n|\n|t:|1771161856\n|-end|p2a: Roaring Moon|Protosynthesis|[silent]\n|switch|p2a: Armarouge|Armarouge, F|1/100\n|move|p1a: Clefable|Moonblast|p2a: Armarouge\n|-resisted|p2a: Armarouge\n|-damage|p2a: Armarouge|0 fnt\n|faint|p2a: Armarouge\n|move|p1b: Incineroar|Knock Off|p2b: Farigiraf\n|-supereffective|p2b: Farigiraf\n|-damage|p2b: Farigiraf|17/100\n|move|p2b: Farigiraf|Hyper Voice|p1b: Incineroar|[spread] p1a,p1b\n|-damage|p1a: Clefable|58/100\n|-damage|p1b: Incineroar|53/100\n|\n|upkeep\n|\n|t:|1771161860\n|switch|p2a: Roaring Moon|Roaring Moon|100/100\n|turn|10\n|-message|cesar097600 forfeited.\n|\n|win|Lemecano\n|raw|Lemecano's rating: 1607 &rarr; <strong>1624</strong><br />(+17 for winning)\n|raw|cesar097600's rating: 1551 &rarr; <strong>1534</strong><br />(-17 for losing)\n|l|☆cesar097600\n|player|p2|\n|l|☆Lemecano\n|player|p1|\n", "uploadtime": 1771162197, "views": 10, "formatid": "gen9doublesou", "rating": 1534, "private": 0, "password": null}