{"id": "gen9doublesou-2540555734", "format": "[Gen 9] Doubles OU", "players": ["DejuRoy", "drapionelectivire"], "log": "|badge|p2|silver|gen9doublesou|30-8\n|uhtml|medal-msg|<div class=\"broadcast-blue\">Curious what those medals under the avatar are? PS now has Ladder Seasons! For more information, check out the <a href=\"https://www.smogon.com/forums/threads/3740067/\">thread on Smogon.</a></div>\n|j|☆DejuRoy\n|j|☆drapionelectivire\n|t:|1771217421\n|gametype|doubles\n|player|p1|DejuRoy|mai|1574\n|player|p2|drapionelectivire|2|1788\n|gen|9\n|tier|[Gen 9] Doubles OU\n|rated|\n|rule|HP Percentage Mod: HP is shown in percentages\n|rule|Endless Battle Clause: Forcing endless battles is banned\n|rule|Species Clause: Limit one of each Pokémon\n|rule|OHKO Clause: OHKO moves are banned\n|rule|Evasion Moves Clause: Evasion moves are banned\n|rule|Gravity Sleep Clause: The combination of sleep-inducing moves with imperfect accuracy and Gravity or Gigantamax Orbeetle are banned\n|rule|Evasion Abilities Clause: Evasion abilities are banned\n|clearpoke\n|poke|p1|Tyranitar, F|\n|poke|p1|Garganacl, M|\n|poke|p1|Glimmora, F|\n|poke|p1|Iron Boulder|\n|poke|p1|Kleavor, M|\n|poke|p1|Ogerpon-Cornerstone, F|\n|poke|p2|Torkoal, M|\n|poke|p2|Lilligant-Hisui, F|\n|poke|p2|Farigiraf, F|\n|poke|p2|Raging Bolt|\n|poke|p2|Walking Wake|\n|poke|p2|Typhlosion-Hisui, F|\n|teampreview\n|inactive|Battle timer is ON: inactive players will automatically lose when time's up. (requested by drapionelectivire)\n|\n|t:|1771217444\n|teamsize|p1|6\n|teamsize|p2|6\n|start\n|switch|p1a: Light Bub|Glimmora, F, shiny|100/100\n|switch|p1b: Robot Rock|Iron Boulder|100/100\n|switch|p2a: Torkoal|Torkoal, M|100/100\n|switch|p2b: Walking Wake|Walking Wake|100/100\n|-weather|SunnyDay|[from] ability: Drought|[of] p2a: Torkoal\n|-activate|p2b: Walking Wake|ability: Protosynthesis\n|-start|p2b: Walking Wake|protosynthesisspe\n|-enditem|p1b: Robot Rock|Booster Energy\n|-activate|p1b: Robot Rock|ability: Quark Drive|[fromitem]\n|-start|p1b: Robot Rock|quarkdriveatk\n|turn|1\n|\n|t:|1771217457\n|switch|p1a: Copyright Laws|Tyranitar, F|100/100\n|-weather|Sandstorm|[from] ability: Sand Stream|[of] p1a: Copyright Laws\n|-end|p2b: Walking Wake|Protosynthesis\n|-terastallize|p1b: Robot Rock|Ground\n|move|p2a: Torkoal|Protect|p2a: Torkoal\n|-singleturn|p2a: Torkoal|Protect\n|move|p2b: Walking Wake|Hydro Steam|p1b: Robot Rock\n|-supereffective|p1b: Robot Rock\n|-damage|p1b: Robot Rock|0 fnt\n|faint|p1b: Robot Rock\n|-end|p1b: Robot Rock|Quark Drive|[silent]\n|-damage|p2b: Walking Wake|91/100|[from] item: Life Orb\n|\n|-weather|Sandstorm|[upkeep]\n|-damage|p2b: Walking Wake|84/100|[from] Sandstorm\n|-damage|p2a: Torkoal|95/100|[from] Sandstorm\n|upkeep\n|\n|t:|1771217464\n|switch|p1b: Light Bub|Glimmora, F, shiny|100/100\n|turn|2\n|\n|t:|1771217483\n|switch|p2a: Farigiraf|Farigiraf, F|100/100\n|move|p2b: Walking Wake|Hydro Steam|p1a: Copyright Laws\n|-supereffective|p1a: Copyright Laws\n|-damage|p1a: Copyright Laws|34/100\n|-damage|p2b: Walking Wake|74/100|[from] item: Life Orb\n|move|p1a: Copyright Laws|Rock Slide|p2b: Walking Wake|[spread] p2a\n|-miss|p1a: Copyright Laws|p2b: Walking Wake\n|-damage|p2a: Farigiraf|67/100\n|move|p1b: Light Bub|Meteor Beam||[still]\n|-prepare|p1b: Light Bub|Meteor Beam\n|-boost|p1b: Light Bub|spa|1\n|-enditem|p1b: Light Bub|Power Herb\n|-anim|p1b: Light Bub|Meteor Beam|p2b: Walking Wake\n|-damage|p2b: Walking Wake|0 fnt\n|faint|p2b: Walking Wake\n|-end|p2b: Walking Wake|Protosynthesis|[silent]\n|\n|-weather|Sandstorm|[upkeep]\n|-damage|p2a: Farigiraf|61/100|[from] Sandstorm\n|upkeep\n|inactive|drapionelectivire has 120 seconds left.\n|\n|t:|1771217505\n|switch|p2b: Lilligant|Lilligant-Hisui, F, shiny|100/100\n|turn|3\n|\n|t:|1771217522\n|switch|p1a: Cleveland|Kleavor, M|100/100\n|switch|p2a: Torkoal|Torkoal, M|95/100\n|-weather|SunnyDay|[from] ability: Drought|[of] p2a: Torkoal\n|move|p2b: Lilligant|Solar Blade||[still]\n|-prepare|p2b: Lilligant|Solar Blade\n|-anim|p2b: Lilligant|Solar Blade|p1a: Cleveland\n|-damage|p1a: Cleveland|21/100\n|move|p1b: Light Bub|Venoshock|p2b: Lilligant\n|-supereffective|p2b: Lilligant\n|-enditem|p2b: Lilligant|Focus Sash\n|-damage|p2b: Lilligant|1/100\n|\n|-weather|SunnyDay|[upkeep]\n|upkeep\n|turn|4\n|j| galeslove\n|\n|t:|1771217546\n|switch|p2a: Farigiraf|Farigiraf, F|61/100\n|move|p1a: Cleveland|Feint||[still]\n|cant|p2a: Farigiraf|ability: Armor Tail|Feint|[of] p1a: Cleveland\n|move|p2b: Lilligant|Solar Blade||[still]\n|-prepare|p2b: Lilligant|Solar Blade\n|-anim|p2b: Lilligant|Solar Blade|p1b: Light Bub\n|-damage|p1b: Light Bub|31/100\n|-activate|p1b: Light Bub|ability: Toxic Debris\n|-sidestart|p2: drapionelectivire|move: Toxic Spikes\n|move|p1b: Light Bub|Earth Power|p2a: Farigiraf\n|-damage|p2a: Farigiraf|9/100\n|\n|-weather|SunnyDay|[upkeep]\n|upkeep\n|turn|5\n|c|☆DejuRoy|damn\n|\n|t:|1771217569\n|switch|p1a: Copyright Laws|Tyranitar, F|34/100\n|-weather|Sandstorm|[from] ability: Sand Stream|[of] p1a: Copyright Laws\n|switch|p1b: Juniper|Ogerpon-Cornerstone, F|100/100\n|move|p2b: Lilligant|Close Combat|p1b: Juniper\n|-supereffective|p1b: Juniper\n|-ability|p1b: Juniper|Sturdy\n|-damage|p1b: Juniper|1/100\n|-unboost|p2b: Lilligant|def|1\n|-unboost|p2b: Lilligant|spd|1\n|move|p2a: Farigiraf|Hyper Voice|p1b: Juniper|[spread] p1a,p1b\n|-resisted|p1a: Copyright Laws\n|-resisted|p1b: Juniper\n|-damage|p1a: Copyright Laws|23/100\n|-damage|p1b: Juniper|0 fnt\n|faint|p1b: Juniper\n|-enditem|p2a: Farigiraf|Throat Spray\n|-boost|p2a: Farigiraf|spa|1|[from] item: Throat Spray\n|\n|-weather|Sandstorm|[upkeep]\n|-damage|p2b: Lilligant|0 fnt|[from] Sandstorm\n|-damage|p2a: Farigiraf|3/100|[from] Sandstorm\n|faint|p2b: Lilligant\n|upkeep\n|\n|t:|1771217584\n|switch|p1b: Sediman|Garganacl, M|100/100\n|switch|p2b: Torkoal|Torkoal, M|95/100\n|-status|p2b: Torkoal|psn\n|-weather|SunnyDay|[from] ability: Drought|[of] p2b: Torkoal\n|turn|6\n|\n|t:|1771217609\n|switch|p2b: Raging Bolt|Raging Bolt|100/100\n|-status|p2b: Raging Bolt|psn\n|-activate|p2b: Raging Bolt|ability: Protosynthesis\n|-start|p2b: Raging Bolt|protosynthesisspa\n|move|p1a: Copyright Laws|Rock Slide|p2a: Farigiraf|[spread] p2a,p2b\n|-damage|p2a: Farigiraf|0 fnt\n|-damage|p2b: Raging Bolt|73/100 psn\n|faint|p2a: Farigiraf\n|move|p1b: Sediman|Iron Defense|p1b: Sediman\n|-boost|p1b: Sediman|def|2\n|\n|-weather|SunnyDay|[upkeep]\n|-heal|p2b: Raging Bolt|79/100 psn|[from] item: Leftovers\n|-damage|p2b: Raging Bolt|66/100 psn|[from] psn\n|upkeep\n|\n|t:|1771217616\n|switch|p2a: Typhlosion|Typhlosion-Hisui, F|100/100\n|-status|p2a: Typhlosion|psn\n|turn|7\n|\n|t:|1771217632\n|switch|p1a: Light Bub|Glimmora, F, shiny|31/100\n|move|p2a: Typhlosion|Focus Blast|p1a: Light Bub\n|-damage|p1a: Light Bub|0 fnt\n|faint|p1a: Light Bub\n|move|p2b: Raging Bolt|Thunderbolt|p1b: Sediman\n|-damage|p1b: Sediman|54/100\n|move|p1b: Sediman|Salt Cure|p2a: Typhlosion\n|-supereffective|p2a: Typhlosion\n|-damage|p2a: Typhlosion|63/100 psn\n|-start|p2a: Typhlosion|Salt Cure\n|\n|-weather|SunnyDay|[upkeep]\n|-heal|p2b: Raging Bolt|73/100 psn|[from] item: Leftovers\n|-damage|p2a: Typhlosion|50/100 psn|[from] psn\n|-damage|p2b: Raging Bolt|60/100 psn|[from] psn\n|-damage|p2a: Typhlosion|38/100 psn|[from] Salt Cure\n|upkeep\n|\n|t:|1771217650\n|switch|p1a: Cleveland|Kleavor, M|21/100\n|turn|8\n|\n|t:|1771217668\n|switch|p2a: Torkoal|Torkoal, M|95/100 psn\n|switch|p1a: Copyright Laws|Tyranitar, F|23/100\n|-weather|Sandstorm|[from] ability: Sand Stream|[of] p1a: Copyright Laws\n|-end|p2b: Raging Bolt|Protosynthesis\n|move|p2b: Raging Bolt|Thunderclap||[still]\n|-fail|p2b: Raging Bolt\n|move|p1b: Sediman|Body Press|p2b: Raging Bolt\n|-crit|p2b: Raging Bolt\n|-damage|p2b: Raging Bolt|0 fnt\n|faint|p2b: Raging Bolt\n|-end|p2b: Raging Bolt|Protosynthesis|[silent]\n|\n|-weather|Sandstorm|[upkeep]\n|-damage|p2a: Torkoal|89/100 psn|[from] Sandstorm\n|-damage|p2a: Torkoal|76/100 psn|[from] psn\n|upkeep\n|\n|t:|1771217681\n|switch|p2b: Typhlosion|Typhlosion-Hisui, F|38/100 psn\n|turn|9\n|\n|t:|1771217688\n|-terastallize|p2b: Typhlosion|Fire\n|move|p2b: Typhlosion|Heat Wave|p1b: Sediman|[spread] p1a,p1b\n|-resisted|p1a: Copyright Laws\n|-resisted|p1b: Sediman\n|-damage|p1a: Copyright Laws|7/100\n|-damage|p1b: Sediman|42/100\n|-enditem|p1b: Sediman|Sitrus Berry|[eat]\n|-heal|p1b: Sediman|67/100|[from] item: Sitrus Berry\n|move|p1a: Copyright Laws|Rock Slide|p2b: Typhlosion|[spread] p2a,p2b\n|-supereffective|p2a: Torkoal\n|-supereffective|p2b: Typhlosion\n|-damage|p2a: Torkoal|19/100 psn\n|-damage|p2b: Typhlosion|0 fnt\n|faint|p2b: Typhlosion\n|move|p1b: Sediman|Body Press|p2a: Torkoal\n|-damage|p2a: Torkoal|0 fnt\n|faint|p2a: Torkoal\n|\n|win|DejuRoy\n|raw|DejuRoy's rating: 1574 &rarr; <strong>1605</strong><br />(+31 for winning)\n|raw|drapionelectivire's rating: 1788 &rarr; <strong>1757</strong><br />(-31 for losing)\n|c|☆DejuRoy|gg\n|c|☆drapionelectivire|Ggwp\n|l|☆drapionelectivire\n|player|p2|\n", "uploadtime": 1771217704, "views": 14, "formatid": "gen9doublesou", "rating": 1605, "private": 0, "password": null}