{"id": "gen9doublesou-2540022262", "format": "[Gen 9] Doubles OU", "players": ["wly_noname", "Smashworth Gaming"], "log": "|j|☆wly_noname\n|j|☆Smashworth Gaming\n|t:|1771146635\n|gametype|doubles\n|player|p1|wly_noname|cynthia-gen4|1528\n|player|p2|Smashworth Gaming|colress|1559\n|gen|9\n|tier|[Gen 9] Doubles OU\n|rated|\n|rule|HP Percentage Mod: HP is shown in percentages\n|rule|Endless Battle Clause: Forcing endless battles is banned\n|rule|Species Clause: Limit one of each Pokémon\n|rule|OHKO Clause: OHKO moves are banned\n|rule|Evasion Moves Clause: Evasion moves are banned\n|rule|Gravity Sleep Clause: The combination of sleep-inducing moves with imperfect accuracy and Gravity or Gigantamax Orbeetle are banned\n|rule|Evasion Abilities Clause: Evasion abilities are banned\n|clearpoke\n|poke|p1|Incineroar, M|\n|poke|p1|Iron Hands|\n|poke|p1|Sinistcha|\n|poke|p1|Ting-Lu|\n|poke|p1|Gouging Fire|\n|poke|p1|Zapdos-Galar|\n|poke|p2|Farigiraf, F|\n|poke|p2|Primarina, F|\n|poke|p2|Glimmora, F|\n|poke|p2|Iron Hands|\n|poke|p2|Ursaluna-Bloodmoon, M|\n|poke|p2|Sinistcha-Masterpiece|\n|teampreview\n|inactive|Battle timer is ON: inactive players will automatically lose when time's up. (requested by wly_noname)\n|c|☆wly_noname|Glhf\n|\n|t:|1771146664\n|teamsize|p1|6\n|teamsize|p2|6\n|start\n|switch|p1a: Ting-Lu|Ting-Lu|100/100\n|switch|p1b: Gouging Fire|Gouging Fire|100/100\n|switch|p2a: Farigiraf|Farigiraf, F|100/100\n|switch|p2b: Glimmora|Glimmora, F|100/100\n|-ability|p1a: Ting-Lu|Vessel of Ruin\n|-enditem|p1b: Gouging Fire|Booster Energy\n|-activate|p1b: Gouging Fire|ability: Protosynthesis|[fromitem]\n|-start|p1b: Gouging Fire|protosynthesisspe\n|turn|1\n|\n|t:|1771146675\n|move|p1b: Gouging Fire|Howl|p1b: Gouging Fire|[spread] p1a,p1b\n|-boost|p1a: Ting-Lu|atk|1\n|-boost|p1b: Gouging Fire|atk|1\n|move|p2b: Glimmora|Mortal Spin|p1b: Gouging Fire|[spread] p1a,p1b\n|-resisted|p1a: Ting-Lu\n|-damage|p1a: Ting-Lu|99/100\n|-damage|p1b: Gouging Fire|96/100\n|-status|p1a: Ting-Lu|psn\n|-status|p1b: Gouging Fire|psn\n|move|p1a: Ting-Lu|Payback|p2a: Farigiraf\n|-supereffective|p2a: Farigiraf\n|-damage|p2a: Farigiraf|32/100\n|move|p2a: Farigiraf|Trick Room|p2a: Farigiraf\n|-fieldstart|move: Trick Room|[of] p2a: Farigiraf\n|\n|-heal|p1a: Ting-Lu|100/100 psn|[from] item: Leftovers\n|-damage|p1a: Ting-Lu|88/100 psn|[from] psn\n|-damage|p1b: Gouging Fire|84/100 psn|[from] psn\n|upkeep\n|turn|2\n|\n|t:|1771146693\n|move|p1a: Ting-Lu|Stomping Tantrum|p2b: Glimmora\n|-supereffective|p2b: Glimmora\n|-damage|p2b: Glimmora|0 fnt\n|-activate|p2b: Glimmora|ability: Toxic Debris\n|-sidestart|p1: wly_noname|move: Toxic Spikes\n|faint|p2b: Glimmora\n|move|p2a: Farigiraf|Hyper Voice|p1a: Ting-Lu|[spread] p1a,p1b\n|-damage|p1a: Ting-Lu|72/100 psn\n|-damage|p1b: Gouging Fire|64/100 psn\n|-enditem|p2a: Farigiraf|Throat Spray\n|-boost|p2a: Farigiraf|spa|1|[from] item: Throat Spray\n|move|p1b: Gouging Fire|Breaking Swipe|p2a: Farigiraf\n|-damage|p2a: Farigiraf|0 fnt\n|faint|p2a: Farigiraf\n|\n|-heal|p1a: Ting-Lu|78/100 psn|[from] item: Leftovers\n|-damage|p1a: Ting-Lu|66/100 psn|[from] psn\n|-damage|p1b: Gouging Fire|51/100 psn|[from] psn\n|upkeep\n|\n|t:|1771146709\n|switch|p2a: Primarina|Primarina, F|100/100\n|switch|p2b: Ursaluna|Ursaluna-Bloodmoon, M|100/100\n|turn|3\n|\n|t:|1771146737\n|-end|p1b: Gouging Fire|Protosynthesis|[silent]\n|switch|p1b: Sinistcha|Sinistcha|100/100\n|-status|p1b: Sinistcha|psn\n|-heal|p1a: Ting-Lu|91/100 psn|[from] ability: Hospitality|[of] p1b: Sinistcha\n|move|p1a: Ting-Lu|Stomping Tantrum|p2a: Primarina\n|-damage|p2a: Primarina|22/100\n|move|p2b: Ursaluna|Earth Power|p1b: Sinistcha\n|-resisted|p1b: Sinistcha\n|-damage|p1b: Sinistcha|77/100 psn\n|move|p2a: Primarina|Hyper Voice|p1b: Sinistcha|[spread] p1a,p1b\n|-supereffective|p1a: Ting-Lu\n|-resisted|p1b: Sinistcha\n|-damage|p1a: Ting-Lu|46/100 psn\n|-damage|p1b: Sinistcha|60/100 psn\n|-enditem|p2a: Primarina|Throat Spray\n|-boost|p2a: Primarina|spa|1|[from] item: Throat Spray\n|\n|-heal|p1a: Ting-Lu|52/100 psn|[from] item: Leftovers\n|-heal|p1b: Sinistcha|66/100 psn|[from] item: Leftovers\n|-damage|p1a: Ting-Lu|40/100 psn|[from] psn\n|-damage|p1b: Sinistcha|54/100 psn|[from] psn\n|upkeep\n|turn|4\n|\n|t:|1771146758\n|move|p2a: Primarina|Protect|p2a: Primarina\n|-singleturn|p2a: Primarina|Protect\n|move|p1a: Ting-Lu|Stomping Tantrum|p2a: Primarina\n|-activate|p2a: Primarina|move: Protect\n|move|p2b: Ursaluna|Blood Moon|p1b: Sinistcha\n|-damage|p1b: Sinistcha|0 fnt\n|faint|p1b: Sinistcha\n|\n|-heal|p1a: Ting-Lu|46/100 psn|[from] item: Leftovers\n|-damage|p1a: Ting-Lu|33/100 psn|[from] psn\n|upkeep\n|\n|t:|1771146773\n|switch|p1b: Incineroar|Incineroar, M|100/100\n|-status|p1b: Incineroar|psn\n|-ability|p1b: Incineroar|Intimidate|boost\n|-unboost|p2a: Primarina|atk|1\n|-unboost|p2b: Ursaluna|atk|1\n|turn|5\n|\n|t:|1771146784\n|switch|p2b: Iron Hands|Iron Hands|100/100\n|move|p1b: Incineroar|Fake Out|p2b: Iron Hands\n|-damage|p2b: Iron Hands|93/100\n|move|p1a: Ting-Lu|Stomping Tantrum|p2a: Primarina\n|-damage|p2a: Primarina|0 fnt\n|faint|p2a: Primarina\n|\n|-heal|p1a: Ting-Lu|39/100 psn|[from] item: Leftovers\n|-damage|p1a: Ting-Lu|27/100 psn|[from] psn\n|-damage|p1b: Incineroar|88/100 psn|[from] psn\n|-fieldend|move: Trick Room\n|upkeep\n|\n|t:|1771146796\n|switch|p2a: Ursaluna|Ursaluna-Bloodmoon, M|100/100\n|turn|6\n|\n|t:|1771146818\n|move|p2b: Iron Hands|Fake Out|p1a: Ting-Lu\n|-damage|p1a: Ting-Lu|18/100 psn\n|move|p1b: Incineroar|Parting Shot|p2b: Iron Hands\n|-unboost|p2b: Iron Hands|atk|1\n|-unboost|p2b: Iron Hands|spa|1\n|\n|t:|1771146826\n|switch|p1b: Gouging Fire|Gouging Fire|51/100 psn|[from] Parting Shot\n|move|p2a: Ursaluna|Blood Moon|p1b: Gouging Fire\n|-damage|p1b: Gouging Fire|0 fnt\n|faint|p1b: Gouging Fire\n|-end|p1b: Gouging Fire|Protosynthesis|[silent]\n|cant|p1a: Ting-Lu|flinch\n|\n|-heal|p1a: Ting-Lu|24/100 psn|[from] item: Leftovers\n|-damage|p1a: Ting-Lu|12/100 psn|[from] psn\n|upkeep\n|\n|t:|1771146834\n|switch|p1b: Zapdos|Zapdos-Galar|100/100\n|turn|7\n|\n|t:|1771146848\n|-terastallize|p2a: Ursaluna|Ghost\n|move|p1b: Zapdos|Protect|p1b: Zapdos\n|-singleturn|p1b: Zapdos|Protect\n|move|p2a: Ursaluna|Hyper Voice|p1b: Zapdos|[spread] p1a\n|-activate|p1b: Zapdos|move: Protect\n|-damage|p1a: Ting-Lu|0 fnt\n|faint|p1a: Ting-Lu\n|move|p2b: Iron Hands|Wild Charge|p1b: Zapdos\n|-activate|p1b: Zapdos|move: Protect\n|\n|upkeep\n|\n|t:|1771146856\n|switch|p1a: Incineroar|Incineroar, M|88/100 psn\n|-ability|p1a: Incineroar|Intimidate|boost\n|-unboost|p2a: Ursaluna|atk|1\n|-unboost|p2b: Iron Hands|atk|1\n|turn|8\n|\n|t:|1771146870\n|move|p1b: Zapdos|Brave Bird|p2a: Ursaluna\n|-damage|p2a: Ursaluna|53/100\n|-damage|p1b: Zapdos|83/100|[from] Recoil\n|move|p1a: Incineroar|Knock Off|p2a: Ursaluna\n|-supereffective|p2a: Ursaluna\n|-damage|p2a: Ursaluna|0 fnt\n|-enditem|p2a: Ursaluna|Assault Vest|[from] move: Knock Off|[of] p1a: Incineroar\n|faint|p2a: Ursaluna\n|move|p2b: Iron Hands|Wild Charge|p1b: Zapdos\n|-supereffective|p1b: Zapdos\n|-damage|p1b: Zapdos|19/100\n|-damage|p2b: Iron Hands|82/100|[from] Recoil\n|\n|-damage|p1a: Incineroar|76/100 psn|[from] psn\n|upkeep\n|\n|t:|1771146883\n|switch|p2a: Sinistcha|Sinistcha-Masterpiece|100/100\n|-heal|p2b: Iron Hands|100/100|[from] ability: Hospitality|[of] p2a: Sinistcha\n|turn|9\n|\n|t:|1771146894\n|move|p1b: Zapdos|Close Combat|p2b: Iron Hands\n|-damage|p2b: Iron Hands|58/100\n|-unboost|p1b: Zapdos|def|1\n|-unboost|p1b: Zapdos|spd|1\n|move|p1a: Incineroar|Parting Shot|p2b: Iron Hands\n|-unboost|p2b: Iron Hands|atk|1\n|-unboost|p2b: Iron Hands|spa|1\n|\n|t:|1771146902\n|switch|p1a: Iron Hands|Iron Hands|100/100|[from] Parting Shot\n|-status|p1a: Iron Hands|psn\n|move|p2a: Sinistcha|Matcha Gotcha|p1b: Zapdos|[spread] p1a,p1b\n|-resisted|p1b: Zapdos\n|-crit|p1b: Zapdos\n|-damage|p1a: Iron Hands|87/100 psn\n|-damage|p1b: Zapdos|0 fnt\n|faint|p1b: Zapdos\n|move|p2b: Iron Hands|Close Combat|p1a: Iron Hands\n|-damage|p1a: Iron Hands|68/100 psn\n|-unboost|p2b: Iron Hands|def|1\n|-unboost|p2b: Iron Hands|spd|1\n|\n|-damage|p1a: Iron Hands|55/100 psn|[from] psn\n|upkeep\n|\n|t:|1771146910\n|switch|p1b: Incineroar|Incineroar, M|76/100 psn\n|-ability|p1b: Incineroar|Intimidate|boost\n|-unboost|p2a: Sinistcha|atk|1\n|-unboost|p2b: Iron Hands|atk|1\n|turn|10\n|\n|t:|1771146927\n|move|p1b: Incineroar|Fake Out|p2b: Iron Hands\n|-damage|p2b: Iron Hands|47/100\n|move|p1a: Iron Hands|Drain Punch|p2b: Iron Hands\n|-damage|p2b: Iron Hands|0 fnt\n|-heal|p1a: Iron Hands|78/100 psn|[from] drain|[of] p2b: Iron Hands\n|faint|p2b: Iron Hands\n|-end|p2b: Iron Hands|Quark Drive|[silent]\n|move|p2a: Sinistcha|Matcha Gotcha|p1a: Iron Hands|[spread] p1a,p1b\n|-resisted|p1b: Incineroar\n|-damage|p1a: Iron Hands|63/100 psn\n|-damage|p1b: Incineroar|65/100 psn\n|\n|-damage|p1b: Incineroar|52/100 psn|[from] psn\n|-damage|p1a: Iron Hands|51/100 psn|[from] psn\n|upkeep\n|turn|11\n|\n|t:|1771146940\n|move|p1b: Incineroar|Knock Off|p2a: Sinistcha\n|-supereffective|p2a: Sinistcha\n|-crit|p2a: Sinistcha\n|-damage|p2a: Sinistcha|5/100\n|-enditem|p2a: Sinistcha|Sitrus Berry|[from] move: Knock Off|[of] p1b: Incineroar\n|move|p1a: Iron Hands|Ice Punch|p2a: Sinistcha\n|-supereffective|p2a: Sinistcha\n|-damage|p2a: Sinistcha|0 fnt\n|faint|p2a: Sinistcha\n|\n|win|wly_noname\n|raw|wly_noname's rating: 1528 &rarr; <strong>1550</strong><br />(+22 for winning)\n|raw|Smashworth Gaming's rating: 1559 &rarr; <strong>1537</strong><br />(-22 for losing)\n|l|☆Smashworth Gaming\n|player|p2|\n|l|☆wly_noname\n|player|p1|\n", "uploadtime": 1771147266, "views": 13, "formatid": "gen9doublesou", "rating": 1537, "private": 0, "password": null}