{"id": "gen9doublesou-2540578617", "format": "[Gen 9] Doubles OU", "players": ["phononmode", "Corde1ia_"], "log": "|j|☆phononmode\n|j|☆Corde1ia_\n|t:|1771221016\n|gametype|doubles\n|player|p1|phononmode|169|1645\n|player|p2|Corde1ia_|acetrainerf-gen4dp|1558\n|gen|9\n|tier|[Gen 9] Doubles OU\n|rated|\n|rule|HP Percentage Mod: HP is shown in percentages\n|rule|Endless Battle Clause: Forcing endless battles is banned\n|rule|Species Clause: Limit one of each Pokémon\n|rule|OHKO Clause: OHKO moves are banned\n|rule|Evasion Moves Clause: Evasion moves are banned\n|rule|Gravity Sleep Clause: The combination of sleep-inducing moves with imperfect accuracy and Gravity or Gigantamax Orbeetle are banned\n|rule|Evasion Abilities Clause: Evasion abilities are banned\n|clearpoke\n|poke|p1|Flamigo, F|\n|poke|p1|Blaziken, F|\n|poke|p1|Iron Hands|\n|poke|p1|Whimsicott, M|\n|poke|p1|Lucario, M|\n|poke|p1|Riolu, F|\n|poke|p2|Amoonguss, F|\n|poke|p2|Indeedee-F, F|\n|poke|p2|Torkoal, L99, F|\n|poke|p2|Diancie|\n|poke|p2|Hatterene, F|\n|poke|p2|Ursaluna-Bloodmoon, M|\n|teampreview\n|inactive|Battle timer is ON: inactive players will automatically lose when time's up. (requested by Corde1ia_)\n|\n|t:|1771221029\n|teamsize|p1|6\n|teamsize|p2|6\n|start\n|switch|p1a: Riolu|Riolu, F|100/100\n|switch|p1b: Lucario|Lucario, M|100/100\n|switch|p2a: Indeedee|Indeedee-F, F|100/100\n|switch|p2b: Hatterene|Hatterene, F, shiny|100/100\n|-fieldstart|move: Psychic Terrain|[from] ability: Psychic Surge|[of] p2a: Indeedee\n|turn|1\n|\n|t:|1771221043\n|move|p2a: Indeedee|Follow Me|p2a: Indeedee\n|-singleturn|p2a: Indeedee|move: Follow Me\n|move|p1a: Riolu|Coaching|p1b: Lucario\n|-boost|p1b: Lucario|atk|1\n|-boost|p1b: Lucario|def|1\n|move|p1b: Lucario|Meteor Mash|p2a: Indeedee\n|-damage|p2a: Indeedee|37/100\n|-boost|p1b: Lucario|atk|1\n|-enditem|p2a: Indeedee|Eject Button\n|\n|t:|1771221055\n|switch|p2a: Amoonguss|Amoonguss, F|100/100\n|move|p2b: Hatterene|Expanding Force|p1a: Riolu|[spread] p1a,p1b\n|-supereffective|p1a: Riolu\n|-enditem|p1a: Riolu|Focus Sash\n|-damage|p1a: Riolu|1/100\n|-damage|p1b: Lucario|0 fnt\n|faint|p1b: Lucario\n|-damage|p2b: Hatterene|91/100|[from] item: Life Orb\n|\n|upkeep\n|\n|t:|1771221071\n|switch|p1b: Blaziken|Blaziken, F|100/100\n|turn|2\n|\n|t:|1771221080\n|-terastallize|p2a: Amoonguss|Water\n|move|p2a: Amoonguss|Rage Powder|p2a: Amoonguss\n|-singleturn|p2a: Amoonguss|move: Rage Powder\n|move|p1a: Riolu|Coaching|p1b: Blaziken\n|-boost|p1b: Blaziken|atk|1\n|-boost|p1b: Blaziken|def|1\n|move|p1b: Blaziken|Flare Blitz|p2a: Amoonguss\n|-resisted|p2a: Amoonguss\n|-damage|p2a: Amoonguss|48/100\n|-enditem|p2a: Amoonguss|Sitrus Berry|[eat]\n|-heal|p2a: Amoonguss|73/100|[from] item: Sitrus Berry\n|-damage|p1b: Blaziken|76/100|[from] Recoil\n|move|p2b: Hatterene|Trick Room|p2b: Hatterene\n|-fieldstart|move: Trick Room|[of] p2b: Hatterene\n|\n|-ability|p1b: Blaziken|Speed Boost|boost\n|-boost|p1b: Blaziken|spe|1\n|upkeep\n|turn|3\n|\n|t:|1771221101\n|switch|p2a: Ursaluna|Ursaluna-Bloodmoon, M|100/100\n|move|p1a: Riolu|Copycat|p1a: Riolu\n|move|p1a: Riolu|Trick Room|p1a: Riolu|[from] move: Copycat\n|-fieldend|move: Trick Room\n|move|p1b: Blaziken|Flare Blitz|p2b: Hatterene\n|-damage|p2b: Hatterene|0 fnt\n|faint|p2b: Hatterene\n|-damage|p1b: Blaziken|45/100|[from] Recoil\n|\n|-ability|p1b: Blaziken|Speed Boost|boost\n|-boost|p1b: Blaziken|spe|1\n|upkeep\n|inactive|Corde1ia_ has 120 seconds left.\n|\n|t:|1771221117\n|switch|p2b: Indeedee|Indeedee-F, F|37/100\n|turn|4\n|\n|t:|1771221137\n|move|p2b: Indeedee|Follow Me|p2b: Indeedee\n|-singleturn|p2b: Indeedee|move: Follow Me\n|move|p1a: Riolu|Coaching|p1b: Blaziken\n|-boost|p1b: Blaziken|atk|1\n|-boost|p1b: Blaziken|def|1\n|move|p1b: Blaziken|Earthquake|p2a: Ursaluna|[spread] p1a,p2a,p2b\n|-damage|p1a: Riolu|0 fnt\n|-damage|p2a: Ursaluna|66/100\n|-damage|p2b: Indeedee|0 fnt\n|faint|p1a: Riolu\n|faint|p2b: Indeedee\n|move|p2a: Ursaluna|Earth Power|p1b: Blaziken\n|-supereffective|p1b: Blaziken\n|-damage|p1b: Blaziken|0 fnt\n|faint|p1b: Blaziken\n|-damage|p2a: Ursaluna|56/100|[from] item: Life Orb\n|\n|upkeep\n|\n|t:|1771221154\n|switch|p1b: Iron Hands|Iron Hands|100/100\n|switch|p1a: Whimsicott|Whimsicott, M|100/100\n|switch|p2b: Amoonguss|Amoonguss, F, tera:Water|100/100\n|turn|5\n|\n|t:|1771221169\n|move|p1a: Whimsicott|Tailwind|p1a: Whimsicott\n|-sidestart|p1: phononmode|move: Tailwind\n|move|p1b: Iron Hands|Wild Charge|p2b: Amoonguss\n|-supereffective|p2b: Amoonguss\n|-damage|p2b: Amoonguss|11/100\n|-damage|p1b: Iron Hands|82/100|[from] Recoil\n|move|p2a: Ursaluna|Earth Power|p1b: Iron Hands\n|-supereffective|p1b: Iron Hands\n|-damage|p1b: Iron Hands|24/100\n|-damage|p2a: Ursaluna|46/100|[from] item: Life Orb\n|move|p2b: Amoonguss|Pollen Puff|p2a: Ursaluna\n|-heal|p2a: Ursaluna|96/100\n|\n|-fieldend|move: Psychic Terrain\n|upkeep\n|turn|6\n|\n|t:|1771221197\n|switch|p2b: Torkoal|Torkoal, L99, F|100/100\n|-weather|SunnyDay|[from] ability: Drought|[of] p2b: Torkoal\n|move|p1a: Whimsicott|Encore|p2a: Ursaluna\n|-start|p2a: Ursaluna|Encore\n|move|p1b: Iron Hands|Drain Punch|p2b: Torkoal\n|-damage|p2b: Torkoal|75/100\n|-heal|p1b: Iron Hands|32/100|[from] drain|[of] p2b: Torkoal\n|move|p2a: Ursaluna|Earth Power|p1b: Iron Hands\n|-supereffective|p1b: Iron Hands\n|-damage|p1b: Iron Hands|0 fnt\n|faint|p1b: Iron Hands\n|-end|p1b: Iron Hands|Quark Drive|[silent]\n|-damage|p2a: Ursaluna|86/100|[from] item: Life Orb\n|\n|-weather|SunnyDay|[upkeep]\n|upkeep\n|\n|t:|1771221200\n|switch|p1b: Flamigo|Flamigo, F|100/100\n|-copyboost|p1b: Flamigo|p1a: Whimsicott|[from] ability: Costar\n|turn|7\n|\n|t:|1771221212\n|switch|p2a: Diancie|Diancie|100/100\n|move|p1a: Whimsicott|Beat Up|p2b: Torkoal\n|-damage|p2b: Torkoal|73/100\n|-damage|p2b: Torkoal|71/100\n|-hitcount|p2b: Torkoal|2\n|move|p1b: Flamigo|Close Combat|p2b: Torkoal\n|-damage|p2b: Torkoal|29/100\n|-unboost|p1b: Flamigo|def|1\n|-unboost|p1b: Flamigo|spd|1\n|move|p2b: Torkoal|Heat Wave|p1b: Flamigo|[spread] p1a,p1b\n|-supereffective|p1a: Whimsicott\n|-enditem|p1a: Whimsicott|Focus Sash\n|-damage|p1a: Whimsicott|1/100\n|-damage|p1b: Flamigo|0 fnt\n|faint|p1b: Flamigo\n|\n|-weather|SunnyDay|[upkeep]\n|upkeep\n|turn|8\n|j| Ihsanshade\n|-message|phononmode forfeited.\n|\n|win|Corde1ia_\n|raw|phononmode's rating: 1645 &rarr; <strong>1620</strong><br />(-25 for losing)\n|raw|Corde1ia_'s rating: 1558 &rarr; <strong>1583</strong><br />(+25 for winning)\n|l|☆phononmode\n|player|p1|\n|l|☆Corde1ia_\n|player|p2|\n|l| Ihsanshade\n", "uploadtime": 1771221586, "views": 13, "formatid": "gen9doublesou", "rating": 1583, "private": 0, "password": null}