{"id": "gen9doublesou-2540915206", "format": "[Gen 9] Doubles OU", "players": ["Pixarpt24", "Pieflavor97"], "log": "|j|☆Pixarpt24\n|j|☆Pieflavor97\n|t:|1771266758\n|gametype|doubles\n|player|p1|Pixarpt24|juggler|1598\n|player|p2|Pieflavor97|102|1647\n|gen|9\n|tier|[Gen 9] Doubles OU\n|rated|\n|rule|HP Percentage Mod: HP is shown in percentages\n|rule|Endless Battle Clause: Forcing endless battles is banned\n|rule|Species Clause: Limit one of each Pokémon\n|rule|OHKO Clause: OHKO moves are banned\n|rule|Evasion Moves Clause: Evasion moves are banned\n|rule|Gravity Sleep Clause: The combination of sleep-inducing moves with imperfect accuracy and Gravity or Gigantamax Orbeetle are banned\n|rule|Evasion Abilities Clause: Evasion abilities are banned\n|clearpoke\n|poke|p1|Ursaluna, F|\n|poke|p1|Hatterene, F|\n|poke|p1|Incineroar, M|\n|poke|p1|Breloom, M|\n|poke|p1|Kingambit, F|\n|poke|p1|Porygon2|\n|poke|p2|Cresselia, F|\n|poke|p2|Ursaluna, M|\n|poke|p2|Torkoal, M|\n|poke|p2|Indeedee-F, F|\n|poke|p2|Hatterene, F|\n|poke|p2|Enamorus-Therian, F|\n|teampreview\n|inactive|Battle timer is ON: inactive players will automatically lose when time's up. (requested by Pieflavor97)\n|inactive|Pieflavor97 has 120 seconds left.\n|\n|t:|1771266797\n|teamsize|p1|6\n|teamsize|p2|6\n|start\n|switch|p1a: Incineroar|Incineroar, M|100/100\n|switch|p1b: Breloom|Breloom, M|100/100\n|switch|p2a: Indeedee|Indeedee-F, F|100/100\n|switch|p2b: Hatterene|Hatterene, F|100/100\n|-fieldstart|move: Psychic Terrain|[from] ability: Psychic Surge|[of] p2a: Indeedee\n|-enditem|p2a: Indeedee|Psychic Seed\n|-boost|p2a: Indeedee|spd|1|[from] item: Psychic Seed\n|-ability|p1a: Incineroar|Intimidate|boost\n|-unboost|p2a: Indeedee|atk|1\n|-unboost|p2b: Hatterene|atk|1\n|turn|1\n|\n|t:|1771266816\n|move|p1b: Breloom|Bullet Seed|p2a: Indeedee\n|-damage|p2a: Indeedee|81/100\n|-damage|p2a: Indeedee|62/100\n|-hitcount|p2a: Indeedee|2\n|move|p1a: Incineroar|Parting Shot|p2b: Hatterene\n|move|p2b: Hatterene|Parting Shot|p1a: Incineroar|[from] ability: Magic Bounce\n|-unboost|p1a: Incineroar|atk|1\n|-unboost|p1a: Incineroar|spa|1\n|\n|t:|1771266829\n|switch|p2b: Enamorus|Enamorus-Therian, F|100/100|[from] Parting Shot\n|move|p2a: Indeedee|Trick Room|p2a: Indeedee\n|-fieldstart|move: Trick Room|[of] p2a: Indeedee\n|\n|upkeep\n|turn|2\n|\n|t:|1771266840\n|move|p2a: Indeedee|Helping Hand|p2b: Enamorus\n|-singleturn|p2b: Enamorus|Helping Hand|[of] p2a: Indeedee\n|move|p2b: Enamorus|Moonblast|p1a: Incineroar\n|-damage|p1a: Incineroar|7/100\n|-unboost|p1a: Incineroar|spa|1\n|-damage|p2b: Enamorus|91/100|[from] item: Life Orb\n|move|p1a: Incineroar|Parting Shot|p2b: Enamorus\n|-unboost|p2b: Enamorus|atk|1\n|-unboost|p2b: Enamorus|spa|1\n|\n|t:|1771266850\n|switch|p1a: Ursaluna|Ursaluna, F|100/100|[from] Parting Shot\n|move|p1b: Breloom|Bullet Seed|p2a: Indeedee\n|-damage|p2a: Indeedee|41/100\n|-damage|p2a: Indeedee|21/100\n|-hitcount|p2a: Indeedee|2\n|\n|-status|p1a: Ursaluna|brn|[from] item: Flame Orb\n|upkeep\n|turn|3\n|\n|t:|1771266867\n|move|p2a: Indeedee|Helping Hand|p2b: Enamorus\n|-singleturn|p2b: Enamorus|Helping Hand|[of] p2a: Indeedee\n|move|p2b: Enamorus|Moonblast|p1b: Breloom\n|-supereffective|p1b: Breloom\n|-enditem|p1b: Breloom|Focus Sash\n|-damage|p1b: Breloom|1/100\n|-damage|p2b: Enamorus|81/100|[from] item: Life Orb\n|move|p1a: Ursaluna|Facade|p2b: Enamorus\n|-damage|p2b: Enamorus|0 fnt\n|faint|p2b: Enamorus\n|move|p1b: Breloom|Bullet Seed|p2a: Indeedee\n|-damage|p2a: Indeedee|1/100\n|-damage|p2a: Indeedee|0 fnt\n|faint|p2a: Indeedee\n|-hitcount|p2: Indeedee|2\n|\n|-damage|p1a: Ursaluna|94/100 brn|[from] brn\n|upkeep\n|\n|t:|1771266879\n|switch|p2b: Hatterene|Hatterene, F|100/100\n|switch|p2a: Cresselia|Cresselia, F|100/100\n|turn|4\n|\n|t:|1771266888\n|move|p1b: Breloom|Protect|p1b: Breloom\n|-singleturn|p1b: Breloom|Protect\n|move|p2a: Cresselia|Ally Switch|p2a: Cresselia\n|swap|p2a: Cresselia|1|[from] move: Ally Switch\n|move|p2a: Hatterene|Expanding Force|p1a: Ursaluna|[spread] p1a\n|-activate|p1b: Breloom|move: Protect\n|-damage|p1a: Ursaluna|8/100 brn\n|-damage|p2a: Hatterene|91/100|[from] item: Life Orb\n|move|p1a: Ursaluna|Facade|p2a: Hatterene\n|-damage|p2a: Hatterene|0 fnt\n|faint|p2a: Hatterene\n|\n|-damage|p1a: Ursaluna|2/100 brn|[from] brn\n|upkeep\n|\n|t:|1771266903\n|switch|p2a: Torkoal|Torkoal, M|100/100\n|-weather|SunnyDay|[from] ability: Drought|[of] p2a: Torkoal\n|turn|5\n|\n|t:|1771266910\n|-terastallize|p2a: Torkoal|Fire\n|move|p2b: Cresselia|Protect|p2b: Cresselia\n|-singleturn|p2b: Cresselia|Protect\n|move|p2a: Torkoal|Eruption|p1a: Ursaluna|[spread] p1a,p1b\n|-supereffective|p1b: Breloom\n|-damage|p1a: Ursaluna|0 fnt\n|-damage|p1b: Breloom|0 fnt\n|faint|p1a: Ursaluna\n|faint|p1b: Breloom\n|\n|-weather|SunnyDay|[upkeep]\n|-fieldend|move: Trick Room\n|-fieldend|move: Psychic Terrain\n|upkeep\n|\n|t:|1771266923\n|switch|p1b: Hatterene|Hatterene, F|100/100\n|switch|p1a: Incineroar|Incineroar, M|7/100\n|-ability|p1a: Incineroar|Intimidate|boost\n|-unboost|p2a: Torkoal|atk|1\n|-unboost|p2b: Cresselia|atk|1\n|turn|6\n|\n|t:|1771266931\n|move|p2a: Torkoal|Protect|p2a: Torkoal\n|-singleturn|p2a: Torkoal|Protect\n|move|p1a: Incineroar|Knock Off|p2b: Cresselia\n|-supereffective|p2b: Cresselia\n|-damage|p2b: Cresselia|44/100\n|-enditem|p2b: Cresselia|Sitrus Berry|[from] move: Knock Off|[of] p1a: Incineroar\n|move|p1b: Hatterene|Psychic|p2a: Torkoal\n|-activate|p2a: Torkoal|move: Protect\n|move|p2b: Cresselia|Trick Room|p2b: Cresselia\n|-fieldstart|move: Trick Room|[of] p2b: Cresselia\n|\n|-weather|SunnyDay|[upkeep]\n|upkeep\n|turn|7\n|\n|t:|1771266957\n|move|p2b: Cresselia|Ally Switch|p2b: Cresselia\n|swap|p2b: Cresselia|0|[from] move: Ally Switch\n|move|p2b: Torkoal|Eruption|p1b: Hatterene|[spread] p1a,p1b\n|-resisted|p1a: Incineroar\n|-damage|p1a: Incineroar|0 fnt\n|-damage|p1b: Hatterene|14/100\n|-enditem|p1b: Hatterene|Sitrus Berry|[eat]\n|-heal|p1b: Hatterene|39/100|[from] item: Sitrus Berry\n|faint|p1a: Incineroar\n|move|p1b: Hatterene|Dazzling Gleam|p2b: Torkoal|[spread] p2a,p2b\n|-resisted|p2b: Torkoal\n|-damage|p2a: Cresselia|28/100\n|-damage|p2b: Torkoal|80/100\n|\n|-weather|SunnyDay|[upkeep]\n|upkeep\n|\n|t:|1771266966\n|switch|p1a: Kingambit|Kingambit, F|100/100\n|turn|8\n|\n|t:|1771266972\n|move|p1a: Kingambit|Protect|p1a: Kingambit\n|-singleturn|p1a: Kingambit|Protect\n|move|p2b: Torkoal|Heat Wave|p1b: Hatterene|[spread] p1b\n|-activate|p1a: Kingambit|move: Protect\n|-damage|p1b: Hatterene|0 fnt\n|faint|p1b: Hatterene\n|move|p2a: Cresselia|Lunar Blessing|p2a: Cresselia|[spread] p2a,p2b\n|-heal|p2a: Cresselia|53/100\n|-heal|p2b: Torkoal|100/100\n|\n|-weather|SunnyDay|[upkeep]\n|upkeep\n|\n|t:|1771266978\n|switch|p1b: Porygon2|Porygon2|100/100\n|-ability|p1b: Porygon2|Drought|Trace|[from] ability: Trace|[of] p2b: Torkoal\n|turn|9\n|\n|t:|1771266987\n|-terastallize|p1a: Kingambit|Fairy\n|move|p2a: Cresselia|Ally Switch|p2a: Cresselia\n|swap|p2a: Cresselia|1|[from] move: Ally Switch\n|move|p1a: Kingambit|Sucker Punch|p2a: Torkoal\n|-damage|p2a: Torkoal|60/100\n|-damage|p1a: Kingambit|91/100|[from] item: Life Orb\n|move|p2a: Torkoal|Eruption|p1b: Porygon2|[spread] p1a,p1b\n|-damage|p1a: Kingambit|27/100\n|-damage|p1b: Porygon2|55/100\n|move|p1b: Porygon2|Tera Blast|p2a: Torkoal\n|-damage|p2a: Torkoal|2/100\n|\n|-weather|none\n|upkeep\n|turn|10\n|\n|t:|1771267009\n|move|p1a: Kingambit|Protect|p1a: Kingambit\n|-singleturn|p1a: Kingambit|Protect\n|move|p2a: Torkoal|Heat Wave|p1a: Kingambit|[spread] p1b\n|-activate|p1a: Kingambit|move: Protect\n|-damage|p1b: Porygon2|24/100\n|move|p1b: Porygon2|Shadow Ball|p2b: Cresselia\n|-supereffective|p2b: Cresselia\n|-damage|p2b: Cresselia|24/100\n|move|p2b: Cresselia|Lunar Blessing|p2b: Cresselia|[spread] p2a,p2b\n|-heal|p2a: Torkoal|26/100\n|-heal|p2b: Cresselia|49/100\n|\n|-fieldend|move: Trick Room\n|upkeep\n|turn|11\n|\n|t:|1771267025\n|move|p1b: Porygon2|Shadow Ball|p2b: Cresselia\n|-supereffective|p2b: Cresselia\n|-damage|p2b: Cresselia|19/100\n|-unboost|p2b: Cresselia|spd|1\n|move|p1a: Kingambit|Iron Head|p2a: Torkoal\n|-resisted|p2a: Torkoal\n|-damage|p2a: Torkoal|3/100\n|-damage|p1a: Kingambit|17/100|[from] item: Life Orb\n|move|p2a: Torkoal|Heat Wave|p1a: Kingambit|[spread] p1a,p1b\n|-damage|p1a: Kingambit|0 fnt\n|-damage|p1b: Porygon2|0 fnt\n|faint|p1a: Kingambit\n|faint|p1b: Porygon2\n|\n|win|Pieflavor97\n|raw|Pixarpt24's rating: 1598 &rarr; <strong>1581</strong><br />(-17 for losing)\n|raw|Pieflavor97's rating: 1647 &rarr; <strong>1664</strong><br />(+17 for winning)\n|l|☆Pixarpt24\n|player|p1|\n|l|☆Pieflavor97\n|player|p2|\n", "uploadtime": 1771267268, "views": 2, "formatid": "gen9doublesou", "rating": 1581, "private": 0, "password": null}