{"id": "gen9doublesou-2539983757", "format": "[Gen 9] Doubles OU", "players": ["YouAreAPoopyFace", "el cien"], "log": "|j|☆YouAreAPoopyFace\n|j|‽el cien\n|t:|1771138287\n|gametype|doubles\n|player|p1|YouAreAPoopyFace|101|1527\n|player|p2|el cien|baker|1687\n|gen|9\n|tier|[Gen 9] Doubles OU\n|rated|\n|rule|HP Percentage Mod: HP is shown in percentages\n|rule|Endless Battle Clause: Forcing endless battles is banned\n|rule|Species Clause: Limit one of each Pokémon\n|rule|OHKO Clause: OHKO moves are banned\n|rule|Evasion Moves Clause: Evasion moves are banned\n|rule|Gravity Sleep Clause: The combination of sleep-inducing moves with imperfect accuracy and Gravity or Gigantamax Orbeetle are banned\n|rule|Evasion Abilities Clause: Evasion abilities are banned\n|clearpoke\n|poke|p1|Ogerpon-Wellspring, F|\n|poke|p1|Gouging Fire|\n|poke|p1|Ting-Lu|\n|poke|p1|Dragonite, F|\n|poke|p1|Chien-Pao|\n|poke|p1|Glimmora, F|\n|poke|p2|Spectrier|\n|poke|p2|Chi-Yu|\n|poke|p2|Landorus-Therian, M|\n|poke|p2|Ogerpon-Wellspring, F|\n|poke|p2|Whimsicott, M|\n|poke|p2|Iron Hands|\n|teampreview\n|\n|t:|1771138302\n|teamsize|p1|6\n|teamsize|p2|6\n|start\n|switch|p1a: Glimmora|Glimmora, F, shiny|100/100\n|switch|p1b: Ting-Lu|Ting-Lu|100/100\n|switch|p2a: Spectrier|Spectrier|100/100\n|switch|p2b: Whimsicott|Whimsicott, M|100/100\n|-ability|p1b: Ting-Lu|Vessel of Ruin\n|turn|1\n|inactive|Battle timer is ON: inactive players will automatically lose when time's up. (requested by YouAreAPoopyFace)\n|\n|t:|1771138329\n|move|p2b: Whimsicott|Moonblast|p1b: Ting-Lu\n|-supereffective|p1b: Ting-Lu\n|-damage|p1b: Ting-Lu|67/100\n|-unboost|p1b: Ting-Lu|spa|1\n|move|p2a: Spectrier|Shadow Ball|p1a: Glimmora\n|-damage|p1a: Glimmora|30/100\n|move|p1a: Glimmora|Stealth Rock|p2b: Whimsicott\n|-sidestart|p2: el cien|move: Stealth Rock\n|move|p1b: Ting-Lu|Snarl|p2a: Spectrier|[spread] p2b\n|-miss|p1b: Ting-Lu|p2a: Spectrier\n|-resisted|p2b: Whimsicott\n|-damage|p2b: Whimsicott|96/100\n|-unboost|p2b: Whimsicott|spa|1\n|\n|-heal|p1b: Ting-Lu|74/100|[from] item: Leftovers\n|upkeep\n|turn|2\n|c|☆YouAreAPoopyFace|Cool game\n|inactive|YouAreAPoopyFace has 120 seconds left.\n|\n|t:|1771138363\n|move|p1a: Glimmora|Spiky Shield|p1a: Glimmora\n|-singleturn|p1a: Glimmora|move: Protect\n|move|p2b: Whimsicott|Moonblast|p1b: Ting-Lu\n|-supereffective|p1b: Ting-Lu\n|-damage|p1b: Ting-Lu|50/100\n|move|p2a: Spectrier|Shadow Ball|p1a: Glimmora\n|-activate|p1a: Glimmora|move: Protect\n|move|p1b: Ting-Lu|Snarl|p2b: Whimsicott|[spread] p2a,p2b\n|-supereffective|p2a: Spectrier\n|-resisted|p2b: Whimsicott\n|-damage|p2a: Spectrier|88/100\n|-damage|p2b: Whimsicott|91/100\n|-unboost|p2a: Spectrier|spa|1\n|-unboost|p2b: Whimsicott|spa|1\n|\n|-heal|p1b: Ting-Lu|56/100|[from] item: Leftovers\n|upkeep\n|turn|3\n|\n|t:|1771138384\n|switch|p2b: Iron Hands|Iron Hands|100/100\n|-damage|p2b: Iron Hands|94/100|[from] Stealth Rock\n|move|p2a: Spectrier|Shadow Ball|p1a: Glimmora\n|-damage|p1a: Glimmora|0 fnt\n|faint|p1a: Glimmora\n|-ability|p2a: Spectrier|Grim Neigh|boost\n|-boost|p2a: Spectrier|spa|1\n|move|p1b: Ting-Lu|Whirlwind|p2a: Spectrier\n|drag|p2a: Chi-Yu|Chi-Yu|100/100\n|-damage|p2a: Chi-Yu|76/100|[from] Stealth Rock\n|-ability|p2a: Chi-Yu|Beads of Ruin\n|\n|-heal|p1b: Ting-Lu|62/100|[from] item: Leftovers\n|upkeep\n|inactive|YouAreAPoopyFace has 120 seconds left.\n|\n|t:|1771138395\n|switch|p1a: Gouging Fire|Gouging Fire|100/100\n|-enditem|p1a: Gouging Fire|Booster Energy\n|-activate|p1a: Gouging Fire|ability: Protosynthesis|[fromitem]\n|-start|p1a: Gouging Fire|protosynthesisspe\n|turn|4\n|\n|t:|1771138406\n|move|p1a: Gouging Fire|Burning Bulwark|p1a: Gouging Fire\n|-singleturn|p1a: Gouging Fire|move: Protect\n|move|p2a: Chi-Yu|Nasty Plot|p2a: Chi-Yu\n|-boost|p2a: Chi-Yu|spa|2\n|move|p2b: Iron Hands|Close Combat|p1b: Ting-Lu\n|-supereffective|p1b: Ting-Lu\n|-damage|p1b: Ting-Lu|9/100\n|-unboost|p2b: Iron Hands|def|1\n|-unboost|p2b: Iron Hands|spd|1\n|move|p1b: Ting-Lu|Ruination|p2b: Iron Hands\n|-damage|p2b: Iron Hands|47/100\n|\n|-heal|p1b: Ting-Lu|15/100|[from] item: Leftovers\n|upkeep\n|turn|5\n|\n|t:|1771138420\n|move|p1a: Gouging Fire|Breaking Swipe|p2b: Iron Hands|[spread] p2a,p2b\n|-crit|p2a: Chi-Yu\n|-damage|p2a: Chi-Yu|41/100\n|-damage|p2b: Iron Hands|29/100\n|-unboost|p2a: Chi-Yu|atk|1\n|-unboost|p2b: Iron Hands|atk|1\n|-enditem|p2a: Chi-Yu|Sitrus Berry|[eat]\n|-heal|p2a: Chi-Yu|66/100|[from] item: Sitrus Berry\n|move|p2a: Chi-Yu|Dark Pulse|p1a: Gouging Fire\n|-damage|p1a: Gouging Fire|21/100\n|move|p2b: Iron Hands|Close Combat|p1b: Ting-Lu\n|-supereffective|p1b: Ting-Lu\n|-damage|p1b: Ting-Lu|0 fnt\n|-unboost|p2b: Iron Hands|def|1\n|-unboost|p2b: Iron Hands|spd|1\n|faint|p1b: Ting-Lu\n|\n|upkeep\n|\n|t:|1771138436\n|switch|p1b: Chien-Pao|Chien-Pao, shiny|100/100\n|-ability|p1b: Chien-Pao|Sword of Ruin\n|turn|6\n|\n|t:|1771138463\n|move|p2a: Chi-Yu|Protect|p2a: Chi-Yu\n|-singleturn|p2a: Chi-Yu|Protect\n|move|p1a: Gouging Fire|Breaking Swipe|p2b: Iron Hands|[spread] p2b\n|-activate|p2a: Chi-Yu|move: Protect\n|-damage|p2b: Iron Hands|0 fnt\n|faint|p2b: Iron Hands\n|-end|p2b: Iron Hands|Quark Drive|[silent]\n|move|p1b: Chien-Pao|Sacred Sword|p2a: Chi-Yu\n|-activate|p2a: Chi-Yu|move: Protect\n|\n|upkeep\n|\n|t:|1771138476\n|switch|p2b: Whimsicott|Whimsicott, M|91/100\n|-damage|p2b: Whimsicott|79/100|[from] Stealth Rock\n|turn|7\n|\n|t:|1771138486\n|-terastallize|p2a: Chi-Yu|Ghost\n|move|p2b: Whimsicott|Tailwind|p2b: Whimsicott\n|-sidestart|p2: el cien|move: Tailwind\n|move|p2a: Chi-Yu|Heat Wave|p1b: Chien-Pao|[spread] p1a,p1b\n|-resisted|p1a: Gouging Fire\n|-supereffective|p1b: Chien-Pao\n|-damage|p1a: Gouging Fire|0 fnt\n|-enditem|p1b: Chien-Pao|Focus Sash\n|-damage|p1b: Chien-Pao|1/100\n|faint|p1a: Gouging Fire\n|-end|p1a: Gouging Fire|Protosynthesis|[silent]\n|move|p1b: Chien-Pao|Sacred Sword|p2a: Chi-Yu\n|-immune|p2a: Chi-Yu\n|\n|upkeep\n|\n|t:|1771138491\n|switch|p1a: Dragonite|Dragonite, F, shiny|100/100\n|turn|8\n|\n|t:|1771138505\n|move|p2a: Chi-Yu|Protect|p2a: Chi-Yu\n|-singleturn|p2a: Chi-Yu|Protect\n|move|p1b: Chien-Pao|Protect|p1b: Chien-Pao\n|-singleturn|p1b: Chien-Pao|Protect\n|move|p2b: Whimsicott|Moonblast|p1b: Chien-Pao\n|-activate|p1b: Chien-Pao|move: Protect\n|move|p1a: Dragonite|Tailwind|p1a: Dragonite\n|-sidestart|p1: YouAreAPoopyFace|move: Tailwind\n|\n|upkeep\n|turn|9\n|\n|t:|1771138516\n|move|p1a: Dragonite|Extreme Speed|p2b: Whimsicott\n|-damage|p2b: Whimsicott|20/100\n|move|p1b: Chien-Pao|Sucker Punch||[still]\n|-fail|p1b: Chien-Pao\n|move|p2b: Whimsicott|Moonblast|p1b: Chien-Pao\n|-supereffective|p1b: Chien-Pao\n|-damage|p1b: Chien-Pao|0 fnt\n|faint|p1b: Chien-Pao\n|move|p2a: Chi-Yu|Nasty Plot|p2a: Chi-Yu\n|-boost|p2a: Chi-Yu|spa|2\n|\n|upkeep\n|\n|t:|1771138522\n|switch|p1b: Ogerpon|Ogerpon-Wellspring, F|100/100\n|turn|10\n|\n|t:|1771138547\n|move|p1b: Ogerpon|Spiky Shield|p1b: Ogerpon\n|-singleturn|p1b: Ogerpon|move: Protect\n|move|p2a: Chi-Yu|Protect|p2a: Chi-Yu\n|-singleturn|p2a: Chi-Yu|Protect\n|move|p2b: Whimsicott|Moonblast|p1a: Dragonite\n|-supereffective|p1a: Dragonite\n|-damage|p1a: Dragonite|60/100\n|move|p1a: Dragonite|Scale Shot|p2a: Chi-Yu\n|-activate|p2a: Chi-Yu|move: Protect\n|\n|-sideend|p2: el cien|move: Tailwind\n|upkeep\n|turn|11\n|\n|t:|1771138573\n|switch|p2b: Spectrier|Spectrier|88/100\n|-damage|p2b: Spectrier|75/100|[from] Stealth Rock\n|switch|p2a: Ogerpon|Ogerpon-Wellspring, F|100/100\n|-damage|p2a: Ogerpon|88/100|[from] Stealth Rock\n|-terastallize|p1b: Ogerpon|Water\n|detailschange|p1b: Ogerpon|Ogerpon-Wellspring-Tera, F, tera:Water\n|-ability|p1b: Ogerpon|Embody Aspect (Wellspring)|boost\n|-boost|p1b: Ogerpon|spd|1\n|move|p1a: Dragonite|Extreme Speed|p2b: Spectrier\n|-immune|p2b: Spectrier\n|move|p1b: Ogerpon|Ivy Cudgel|p2a: Ogerpon|[anim] Ivy Cudgel Water\n|-heal|p2a: Ogerpon|100/100|[from] ability: Water Absorb|[of] p1b: Ogerpon\n|\n|-sideend|p1: YouAreAPoopyFace|move: Tailwind\n|upkeep\n|turn|12\n|\n|t:|1771138595\n|move|p1b: Ogerpon|Follow Me|p1b: Ogerpon\n|-singleturn|p1b: Ogerpon|move: Follow Me\n|move|p2b: Spectrier|Shadow Ball|p1b: Ogerpon\n|-damage|p1b: Ogerpon|50/100\n|move|p2a: Ogerpon|Power Whip|p1b: Ogerpon\n|-supereffective|p1b: Ogerpon\n|-damage|p1b: Ogerpon|0 fnt\n|faint|p1b: Ogerpon\n|detailschange|p1: Ogerpon|Ogerpon-Wellspring, F|[silent]\n|move|p1a: Dragonite|Tailwind|p1a: Dragonite\n|-sidestart|p1: YouAreAPoopyFace|move: Tailwind\n|\n|upkeep\n|turn|13\n|-message|YouAreAPoopyFace forfeited.\n|\n|win|el cien\n|raw|YouAreAPoopyFace's rating: 1527 &rarr; <strong>1516</strong><br />(-11 for losing)\n|raw|el cien's rating: 1687 &rarr; <strong>1698</strong><br />(+11 for winning)\n|l|☆YouAreAPoopyFace\n|player|p1|\n|l|‽el cien\n|player|p2|\n", "uploadtime": 1771138906, "views": 16, "formatid": "gen9doublesou", "rating": 1516, "private": 0, "password": null}