{"id": "gen9doublesou-2640023088", "format": "[Gen 9] Doubles OU", "players": ["enderbaby123", "mobtitan"], "log": "|j|‽enderbaby123\n|j|☆mobtitan\n|t:|1782565538\n|gametype|doubles\n|player|p1|enderbaby123|170|1778\n|player|p2|mobtitan|170|1565\n|gen|9\n|tier|[Gen 9] Doubles OU\n|rated|\n|rule|HP Percentage Mod: HP is shown in percentages\n|rule|Endless Battle Clause: Forcing endless battles is banned\n|rule|Species Clause: Limit one of each Pokémon\n|rule|OHKO Clause: OHKO moves are banned\n|rule|Evasion Moves Clause: Evasion moves are banned\n|rule|Gravity Sleep Clause: The combination of sleep-inducing moves with imperfect accuracy and Gravity or Gigantamax Orbeetle are banned\n|rule|Evasion Abilities Clause: Evasion abilities are banned\n|clearpoke\n|poke|p1|Chien-Pao|\n|poke|p1|Blastoise, M|\n|poke|p1|Pelipper, F|\n|poke|p1|Landorus, M|\n|poke|p1|Farigiraf, F|\n|poke|p1|Tornadus, M|\n|poke|p2|Farigiraf, F|\n|poke|p2|Whimsicott, F|\n|poke|p2|Gholdengo|\n|poke|p2|Hoopa-Unbound|\n|poke|p2|Regidrago|\n|poke|p2|Torkoal, L99, M|\n|teampreview\n|inactive|Battle timer is ON: inactive players will automatically lose when time's up. (requested by mobtitan)\n|inactive|mobtitan has 120 seconds left.\n|\n|t:|1782565578\n|teamsize|p1|6\n|teamsize|p2|6\n|start\n|switch|p1a: Tornadus|Tornadus, M|100/100\n|switch|p1b: Pelipper|Pelipper, F|100/100\n|switch|p2a: Whimsicott|Whimsicott, F|100/100\n|switch|p2b: Hoopa|Hoopa-Unbound|100/100\n|-weather|RainDance|[from] ability: Drizzle|[of] p1b: Pelipper\n|turn|1\n|\n|t:|1782565592\n|move|p2a: Whimsicott|Light Screen|p2a: Whimsicott\n|-sidestart|p2: mobtitan|move: Light Screen\n|move|p1a: Tornadus|Bleakwind Storm|p2b: Hoopa|[spread] p2a,p2b\n|-supereffective|p2a: Whimsicott\n|-damage|p2a: Whimsicott|15/100\n|-damage|p2b: Hoopa|81/100\n|move|p2b: Hoopa|Hyperspace Fury|p1b: Pelipper\n|-damage|p1b: Pelipper|49/100\n|-unboost|p2b: Hoopa|def|1\n|move|p1b: Pelipper|U-turn|p2b: Hoopa\n|-supereffective|p2b: Hoopa\n|-enditem|p2b: Hoopa|Tanga Berry|[eat]\n|-enditem|p2b: Hoopa|Tanga Berry|[weaken]\n|-damage|p2b: Hoopa|53/100\n|\n|t:|1782565620\n|switch|p1b: Chien-Pao|Chien-Pao|100/100|[from] U-turn\n|-ability|p1b: Chien-Pao|Sword of Ruin\n|\n|-weather|RainDance|[upkeep]\n|upkeep\n|turn|2\n|\n|t:|1782565635\n|move|p1b: Chien-Pao|Ice Shard|p2a: Whimsicott\n|-supereffective|p2a: Whimsicott\n|-damage|p2a: Whimsicott|0 fnt\n|faint|p2a: Whimsicott\n|move|p1a: Tornadus|Bleakwind Storm|p2b: Hoopa\n|-damage|p2b: Hoopa|28/100\n|move|p2b: Hoopa|Hyperspace Fury|p1a: Tornadus\n|-enditem|p1a: Tornadus|Focus Sash\n|-damage|p1a: Tornadus|1/100\n|-unboost|p2b: Hoopa|def|1\n|\n|-weather|RainDance|[upkeep]\n|upkeep\n|\n|t:|1782565647\n|switch|p2a: Farigiraf|Farigiraf, F|100/100\n|turn|3\n|\n|t:|1782565655\n|-terastallize|p1b: Chien-Pao|Dark\n|move|p2b: Hoopa|Ally Switch|p2b: Hoopa\n|swap|p2b: Hoopa|0|[from] move: Ally Switch\n|move|p1b: Chien-Pao|Throat Chop|p2a: Hoopa\n|-damage|p2a: Hoopa|0 fnt\n|faint|p2a: Hoopa\n|move|p1a: Tornadus|Bleakwind Storm|p2b: Farigiraf\n|-damage|p2b: Farigiraf|72/100\n|move|p2b: Farigiraf|Trick Room|p2b: Farigiraf\n|-fieldstart|move: Trick Room|[of] p2b: Farigiraf\n|\n|-weather|RainDance|[upkeep]\n|upkeep\n|\n|t:|1782565667\n|switch|p2a: Torkoal|Torkoal, L99, M|100/100\n|-weather|SunnyDay|[from] ability: Drought|[of] p2a: Torkoal\n|turn|4\n|\n|t:|1782565682\n|switch|p2a: Gholdengo|Gholdengo|100/100\n|switch|p1a: Pelipper|Pelipper, F|49/100\n|-weather|RainDance|[from] ability: Drizzle|[of] p1a: Pelipper\n|move|p2b: Farigiraf|Hyper Voice|p1b: Chien-Pao|[spread] p1a,p1b\n|-damage|p1a: Pelipper|14/100\n|-damage|p1b: Chien-Pao|60/100\n|move|p1b: Chien-Pao|Throat Chop|p2b: Farigiraf\n|-supereffective|p2b: Farigiraf\n|-damage|p2b: Farigiraf|0 fnt\n|faint|p2b: Farigiraf\n|\n|-weather|RainDance|[upkeep]\n|upkeep\n|\n|t:|1782565695\n|switch|p2b: Torkoal|Torkoal, L99, M|100/100\n|-weather|SunnyDay|[from] ability: Drought|[of] p2b: Torkoal\n|turn|5\n|inactive|enderbaby123 has 120 seconds left.\n|\n|t:|1782565731\n|switch|p1a: Farigiraf|Farigiraf, F|100/100\n|move|p1b: Chien-Pao|Protect|p1b: Chien-Pao\n|-singleturn|p1b: Chien-Pao|Protect\n|move|p2b: Torkoal|Heat Wave|p1a: Farigiraf|[spread] \n|-activate|p1b: Chien-Pao|move: Protect\n|-miss|p2b: Torkoal|p1a: Farigiraf\n|move|p2a: Gholdengo|Nasty Plot|p2a: Gholdengo\n|-boost|p2a: Gholdengo|spa|2\n|\n|-weather|SunnyDay|[upkeep]\n|-sideend|p2: mobtitan|move: Light Screen\n|upkeep\n|turn|6\n|inactive|enderbaby123 has 120 seconds left.\n|\n|t:|1782565754\n|switch|p1b: Pelipper|Pelipper, F|14/100\n|-weather|RainDance|[from] ability: Drizzle|[of] p1b: Pelipper\n|move|p1a: Farigiraf|Protect|p1a: Farigiraf\n|-singleturn|p1a: Farigiraf|Protect\n|move|p2b: Torkoal|Heat Wave|p1b: Pelipper|[spread] p1b\n|-activate|p1a: Farigiraf|move: Protect\n|-resisted|p1b: Pelipper\n|-damage|p1b: Pelipper|0 fnt\n|faint|p1b: Pelipper\n|move|p2a: Gholdengo|Make It Rain|p1a: Farigiraf\n|-activate|p1a: Farigiraf|move: Protect\n|\n|-weather|RainDance|[upkeep]\n|upkeep\n|inactive|enderbaby123 has 120 seconds left.\n|inactive|enderbaby123 has 90 seconds left.\n|\n|t:|1782565807\n|switch|p1b: Landorus|Landorus, M|100/100\n|turn|7\n|\n|t:|1782565816\n|switch|p2b: Regidrago|Regidrago|100/100\n|move|p1a: Farigiraf|Protect||[still]\n|-fail|p1a: Farigiraf\n|move|p2a: Gholdengo|Protect|p2a: Gholdengo\n|-singleturn|p2a: Gholdengo|Protect\n|move|p1b: Landorus|Protect||[still]\n|-fail|p1b: Landorus\n|\n|-weather|RainDance|[upkeep]\n|-fieldend|move: Trick Room\n|upkeep\n|turn|8\n|\n|t:|1782565833\n|switch|p2b: Torkoal|Torkoal, L99, M|100/100\n|-weather|SunnyDay|[from] ability: Drought|[of] p2b: Torkoal\n|move|p1a: Farigiraf|Helping Hand|p1b: Landorus\n|-singleturn|p1b: Landorus|Helping Hand|[of] p1a: Farigiraf\n|move|p1b: Landorus|Sandsear Storm|p2b: Torkoal|[spread] p2a,p2b\n|-supereffective|p2a: Gholdengo\n|-supereffective|p2b: Torkoal\n|-damage|p2a: Gholdengo|0 fnt\n|-damage|p2b: Torkoal|0 fnt\n|faint|p2a: Gholdengo\n|faint|p2b: Torkoal\n|\n|-weather|SunnyDay|[upkeep]\n|upkeep\n|-message|mobtitan forfeited.\n|\n|win|enderbaby123\n|raw|enderbaby123's rating: 1778 &rarr; <strong>1787</strong><br />(+9 for winning)\n|raw|mobtitan's rating: 1565 &rarr; <strong>1556</strong><br />(-9 for losing)\n|l|‽enderbaby123\n|player|p1|\n|l|☆mobtitan\n|player|p2|\n", "uploadtime": 1782566219, "views": 5, "formatid": "gen9doublesou", "rating": 1556, "private": 0, "password": null}