{"id": "gen9doublesou-2540492589", "format": "[Gen 9] Doubles OU", "players": ["commonblue", "Dancindragons"], "log": "|j|☆commonblue\n|j|☆Dancindragons\n|t:|1771208814\n|gametype|doubles\n|player|p1|commonblue|1|1613\n|player|p2|Dancindragons|1|1660\n|gen|9\n|tier|[Gen 9] Doubles OU\n|rated|\n|rule|HP Percentage Mod: HP is shown in percentages\n|rule|Endless Battle Clause: Forcing endless battles is banned\n|rule|Species Clause: Limit one of each Pokémon\n|rule|OHKO Clause: OHKO moves are banned\n|rule|Evasion Moves Clause: Evasion moves are banned\n|rule|Gravity Sleep Clause: The combination of sleep-inducing moves with imperfect accuracy and Gravity or Gigantamax Orbeetle are banned\n|rule|Evasion Abilities Clause: Evasion abilities are banned\n|clearpoke\n|poke|p1|Ursaluna, F|\n|poke|p1|Cresselia, F|\n|poke|p1|Incineroar, M|\n|poke|p1|Chien-Pao|\n|poke|p1|Raging Bolt|\n|poke|p1|Diancie|\n|poke|p2|Hatterene, F|\n|poke|p2|Brute Bonnet|\n|poke|p2|Hoopa-Unbound|\n|poke|p2|Ursaluna, F|\n|poke|p2|Indeedee-F, F|\n|poke|p2|Volcanion|\n|teampreview\n|\n|t:|1771208865\n|teamsize|p1|6\n|teamsize|p2|6\n|start\n|switch|p1a: Chien-Pao|Chien-Pao|100/100\n|switch|p1b: Diancie|Diancie|100/100\n|switch|p2a: Indeedee|Indeedee-F, F|100/100\n|switch|p2b: Hoopa|Hoopa-Unbound|100/100\n|-ability|p1a: Chien-Pao|Sword of Ruin\n|-fieldstart|move: Psychic Terrain|[from] ability: Psychic Surge|[of] p2a: Indeedee\n|-enditem|p2b: Hoopa|Psychic Seed\n|-boost|p2b: Hoopa|spd|1|[from] item: Psychic Seed\n|turn|1\n|\n|t:|1771208878\n|move|p2a: Indeedee|Follow Me|p2a: Indeedee\n|-singleturn|p2a: Indeedee|move: Follow Me\n|move|p1a: Chien-Pao|Ice Spinner|p2a: Indeedee\n|-damage|p2a: Indeedee|31/100\n|-fieldend|move: Psychic Terrain\n|move|p2b: Hoopa|Expanding Force|p1b: Diancie\n|-damage|p1b: Diancie|69/100\n|-item|p2b: Hoopa|Safety Goggles|[from] ability: Magician|[of] p1b: Diancie\n|move|p1b: Diancie|Diamond Storm|p2b: Hoopa|[spread] p2a,p2b\n|-damage|p2a: Indeedee|0 fnt\n|-damage|p2b: Hoopa|54/100\n|faint|p2a: Indeedee\n|\n|upkeep\n|\n|t:|1771208889\n|switch|p2a: Volcanion|Volcanion|100/100\n|turn|2\n|\n|t:|1771208911\n|-terastallize|p1b: Diancie|Grass\n|move|p1a: Chien-Pao|Ice Spinner|p2b: Hoopa\n|-damage|p2b: Hoopa|0 fnt\n|faint|p2b: Hoopa\n|move|p2a: Volcanion|Steam Eruption|p1b: Diancie\n|-resisted|p1b: Diancie\n|-damage|p1b: Diancie|49/100\n|move|p1b: Diancie|Trick Room|p1b: Diancie\n|-fieldstart|move: Trick Room|[of] p1b: Diancie\n|\n|upkeep\n|\n|t:|1771208917\n|switch|p2b: Hatterene|Hatterene, F|100/100\n|turn|3\n|\n|t:|1771208924\n|-terastallize|p2a: Volcanion|Grass\n|move|p1a: Chien-Pao|Sucker Punch|p2a: Volcanion\n|-damage|p2a: Volcanion|63/100\n|move|p2b: Hatterene|Dazzling Gleam|p1a: Chien-Pao|[spread] p1a,p1b\n|-supereffective|p1a: Chien-Pao\n|-crit|p1b: Diancie\n|-enditem|p1a: Chien-Pao|Focus Sash\n|-damage|p1a: Chien-Pao|1/100\n|-damage|p1b: Diancie|18/100\n|move|p1b: Diancie|Diamond Storm|p2b: Hatterene|[spread] p2a,p2b\n|-damage|p2a: Volcanion|37/100\n|-damage|p2b: Hatterene|64/100\n|move|p2a: Volcanion|Heat Wave|p1b: Diancie|[spread] p1a,p1b\n|-supereffective|p1a: Chien-Pao\n|-supereffective|p1b: Diancie\n|-damage|p1a: Chien-Pao|0 fnt\n|-damage|p1b: Diancie|0 fnt\n|faint|p1a: Chien-Pao\n|faint|p1b: Diancie\n|\n|upkeep\n|\n|t:|1771208934\n|switch|p1b: Incineroar|Incineroar, M|100/100\n|switch|p1a: Ursaluna|Ursaluna, F|100/100\n|-ability|p1b: Incineroar|Intimidate|boost\n|-unboost|p2a: Volcanion|atk|1\n|-unboost|p2b: Hatterene|atk|1\n|turn|4\n|\n|t:|1771208946\n|switch|p2a: Ursaluna|Ursaluna, F|100/100\n|move|p1a: Ursaluna|Protect|p1a: Ursaluna\n|-singleturn|p1a: Ursaluna|Protect\n|move|p2b: Hatterene|Dazzling Gleam|p1b: Incineroar|[spread] p1b\n|-activate|p1a: Ursaluna|move: Protect\n|-damage|p1b: Incineroar|79/100\n|move|p1b: Incineroar|Flare Blitz|p2a: Ursaluna\n|-damage|p2a: Ursaluna|55/100\n|-damage|p1b: Incineroar|62/100|[from] Recoil\n|\n|-status|p1a: Ursaluna|brn|[from] item: Flame Orb\n|-status|p2a: Ursaluna|brn|[from] item: Flame Orb\n|upkeep\n|turn|5\n|\n|t:|1771208959\n|switch|p1b: Cresselia|Cresselia, F|100/100\n|move|p2b: Hatterene|Dazzling Gleam|p1b: Cresselia|[spread] p1a,p1b\n|-damage|p1a: Ursaluna|71/100 brn\n|-damage|p1b: Cresselia|79/100\n|move|p1a: Ursaluna|Earthquake|p2b: Hatterene|[spread] p2a,p2b\n|-immune|p1b: Cresselia|[from] ability: Levitate\n|-damage|p2a: Ursaluna|4/100 brn\n|-damage|p2b: Hatterene|0 fnt\n|faint|p2b: Hatterene\n|move|p2a: Ursaluna|Facade|p1a: Ursaluna\n|-damage|p1a: Ursaluna|0 fnt\n|faint|p1a: Ursaluna\n|\n|-damage|p2a: Ursaluna|0 fnt|[from] brn\n|faint|p2a: Ursaluna\n|upkeep\n|\n|t:|1771208974\n|switch|p2b: Volcanion|Volcanion, tera:Grass|37/100\n|switch|p1a: Incineroar|Incineroar, M|62/100\n|switch|p2a: Brute Bonnet|Brute Bonnet|100/100\n|-ability|p1a: Incineroar|Intimidate|boost\n|-unboost|p2a: Brute Bonnet|atk|1\n|-unboost|p2b: Volcanion|atk|1\n|turn|6\n|\n|t:|1771208984\n|move|p1a: Incineroar|Flare Blitz|p2b: Volcanion\n|-supereffective|p2b: Volcanion\n|-damage|p2b: Volcanion|0 fnt\n|faint|p2b: Volcanion\n|-damage|p1a: Incineroar|50/100|[from] Recoil\n|move|p2a: Brute Bonnet|Spore|p1b: Cresselia\n|-status|p1b: Cresselia|slp|[from] move: Spore\n|cant|p1b: Cresselia|slp\n|\n|-fieldend|move: Trick Room\n|upkeep\n|turn|7\n|\n|t:|1771209034\n|-curestatus|p1b: Cresselia|slp|[msg]\n|move|p1b: Cresselia|Lunar Blessing|p1b: Cresselia|[spread] p1a,p1b\n|-heal|p1a: Incineroar|75/100\n|-heal|p1b: Cresselia|100/100\n|move|p2a: Brute Bonnet|Spore|p1a: Incineroar\n|-status|p1a: Incineroar|slp|[from] move: Spore\n|cant|p1a: Incineroar|slp\n|\n|upkeep\n|turn|8\n|-message|Dancindragons forfeited.\n|\n|win|commonblue\n|raw|commonblue's rating: 1613 &rarr; <strong>1636</strong><br />(+23 for winning)\n|raw|Dancindragons's rating: 1660 &rarr; <strong>1637</strong><br />(-23 for losing)\n|l|☆Dancindragons\n|player|p2|\n|l|☆commonblue\n|player|p1|\n", "uploadtime": 1771209292, "views": 14, "formatid": "gen9doublesou", "rating": 1636, "private": 0, "password": null}