{"id": "gen9doublesou-2540914878", "format": "[Gen 9] Doubles OU", "players": ["Mattmandaman", "Rogue Citrus"], "log": "|j|☆Mattmandaman\n|j|☆Rogue Citrus\n|t:|1771266726\n|gametype|doubles\n|player|p1|Mattmandaman|170|1652\n|player|p2|Rogue Citrus|policeman-gen4|1680\n|gen|9\n|tier|[Gen 9] Doubles OU\n|rated|\n|rule|HP Percentage Mod: HP is shown in percentages\n|rule|Endless Battle Clause: Forcing endless battles is banned\n|rule|Species Clause: Limit one of each Pokémon\n|rule|OHKO Clause: OHKO moves are banned\n|rule|Evasion Moves Clause: Evasion moves are banned\n|rule|Gravity Sleep Clause: The combination of sleep-inducing moves with imperfect accuracy and Gravity or Gigantamax Orbeetle are banned\n|rule|Evasion Abilities Clause: Evasion abilities are banned\n|clearpoke\n|poke|p1|Iron Hands|\n|poke|p1|Comfey, F|\n|poke|p1|Incineroar, F|\n|poke|p1|Rillaboom, M|\n|poke|p1|Ninetales-Alola, M|\n|poke|p1|Kyurem|\n|poke|p2|Tornadus, M|\n|poke|p2|Walking Wake|\n|poke|p2|Ursaluna-Bloodmoon, M|\n|poke|p2|Iron Hands|\n|poke|p2|Chien-Pao|\n|poke|p2|Whimsicott, M|\n|teampreview\n|inactive|Battle timer is ON: inactive players will automatically lose when time's up. (requested by Rogue Citrus)\n|\n|t:|1771266753\n|teamsize|p1|6\n|teamsize|p2|6\n|start\n|switch|p1a: Incineroar|Incineroar, F|100/100\n|switch|p1b: Ninetales|Ninetales-Alola, M|100/100\n|switch|p2a: Whimsicott|Whimsicott, M|100/100\n|switch|p2b: Walking Wake|Walking Wake|100/100\n|-weather|Snowscape|[from] ability: Snow Warning|[of] p1b: Ninetales\n|-ability|p1a: Incineroar|Intimidate|boost\n|-unboost|p2a: Whimsicott|atk|1\n|-unboost|p2b: Walking Wake|atk|1\n|turn|1\n|j| tyranibard\n|\n|t:|1771266770\n|move|p1a: Incineroar|Fake Out|p2b: Walking Wake\n|-damage|p2b: Walking Wake|89/100\n|move|p2a: Whimsicott|Sunny Day|p2a: Whimsicott\n|-weather|SunnyDay\n|-activate|p2b: Walking Wake|ability: Protosynthesis\n|-start|p2b: Walking Wake|protosynthesisspa\n|move|p1b: Ninetales|Blizzard|p2a: Whimsicott|[spread] p2a\n|-miss|p1b: Ninetales|p2b: Walking Wake\n|-supereffective|p2a: Whimsicott\n|-damage|p2a: Whimsicott|52/100\n|cant|p2b: Walking Wake|flinch\n|\n|-weather|SunnyDay|[upkeep]\n|upkeep\n|turn|2\n|\n|t:|1771266790\n|switch|p1b: Kyurem|Kyurem|100/100\n|-ability|p1b: Kyurem|Pressure\n|switch|p1a: Rillaboom|Rillaboom, M|100/100\n|-fieldstart|move: Grassy Terrain|[from] ability: Grassy Surge|[of] p1a: Rillaboom\n|move|p2a: Whimsicott|Tailwind|p2a: Whimsicott\n|-sidestart|p2: Rogue Citrus|move: Tailwind\n|move|p2b: Walking Wake|Hydro Steam|p1a: Rillaboom\n|-resisted|p1a: Rillaboom\n|-damage|p1a: Rillaboom|66/100\n|\n|-weather|SunnyDay|[upkeep]\n|-heal|p2a: Whimsicott|59/100|[from] Grassy Terrain\n|-heal|p2b: Walking Wake|95/100|[from] Grassy Terrain\n|-heal|p1a: Rillaboom|72/100|[from] Grassy Terrain\n|upkeep\n|turn|3\n|\n|t:|1771266818\n|switch|p2a: Iron Hands|Iron Hands|100/100\n|move|p1a: Rillaboom|Fake Out|p2b: Walking Wake\n|-damage|p2b: Walking Wake|80/100\n|cant|p2b: Walking Wake|flinch\n|move|p1b: Kyurem|Glaciate|p2a: Iron Hands|[spread] p2a,p2b\n|-damage|p2a: Iron Hands|88/100\n|-damage|p2b: Walking Wake|61/100\n|-unboost|p2a: Iron Hands|spe|1\n|-unboost|p2b: Walking Wake|spe|1\n|\n|-weather|SunnyDay|[upkeep]\n|-heal|p2b: Walking Wake|68/100|[from] Grassy Terrain\n|-heal|p1a: Rillaboom|78/100|[from] Grassy Terrain\n|-heal|p2a: Iron Hands|94/100|[from] Grassy Terrain\n|upkeep\n|turn|4\n|\n|t:|1771266845\n|-terastallize|p1b: Kyurem|Fairy\n|move|p2b: Walking Wake|Flamethrower|p1a: Rillaboom\n|-supereffective|p1a: Rillaboom\n|-damage|p1a: Rillaboom|0 fnt\n|faint|p1a: Rillaboom\n|move|p1b: Kyurem|Earth Power|p2a: Iron Hands\n|-supereffective|p2a: Iron Hands\n|-damage|p2a: Iron Hands|63/100\n|-unboost|p2a: Iron Hands|spd|1\n|move|p2a: Iron Hands|Drain Punch|p1b: Kyurem\n|-resisted|p1b: Kyurem\n|-damage|p1b: Kyurem|87/100\n|-heal|p2a: Iron Hands|70/100|[from] drain|[of] p1b: Kyurem\n|\n|-weather|SunnyDay|[upkeep]\n|-heal|p2b: Walking Wake|74/100|[from] Grassy Terrain\n|-heal|p1b: Kyurem|93/100|[from] Grassy Terrain\n|-heal|p2a: Iron Hands|76/100|[from] Grassy Terrain\n|upkeep\n|\n|t:|1771266854\n|switch|p1a: Ninetales|Ninetales-Alola, M|100/100\n|-weather|Snowscape|[from] ability: Snow Warning|[of] p1a: Ninetales\n|-end|p2b: Walking Wake|Protosynthesis\n|turn|5\n|\n|t:|1771266879\n|-end|p2a: Iron Hands|Quark Drive|[silent]\n|switch|p2a: Tornadus|Tornadus, M|100/100\n|move|p1a: Ninetales|Aurora Veil|p1a: Ninetales\n|-sidestart|p1: Mattmandaman|move: Aurora Veil\n|move|p2b: Walking Wake|Flamethrower|p1a: Ninetales\n|-supereffective|p1a: Ninetales\n|-damage|p1a: Ninetales|54/100\n|move|p1b: Kyurem|Blizzard|p2a: Tornadus|[spread] p2a,p2b\n|-supereffective|p2a: Tornadus\n|-crit|p2a: Tornadus\n|-damage|p2a: Tornadus|0 fnt\n|-damage|p2b: Walking Wake|41/100\n|faint|p2a: Tornadus\n|\n|-weather|Snowscape|[upkeep]\n|-heal|p1a: Ninetales|60/100|[from] Grassy Terrain\n|-heal|p2b: Walking Wake|47/100|[from] Grassy Terrain\n|-heal|p1b: Kyurem|99/100|[from] Grassy Terrain\n|-sideend|p2: Rogue Citrus|move: Tailwind\n|upkeep\n|inactive|Rogue Citrus has 120 seconds left.\n|\n|t:|1771266900\n|switch|p2a: Iron Hands|Iron Hands|76/100\n|turn|6\n|\n|t:|1771266918\n|move|p2a: Iron Hands|Fake Out|p1b: Kyurem\n|-damage|p1b: Kyurem|92/100\n|move|p1a: Ninetales|Blizzard|p2b: Walking Wake|[spread] p2a,p2b\n|-damage|p2a: Iron Hands|65/100\n|-damage|p2b: Walking Wake|32/100\n|-status|p2b: Walking Wake|frz\n|cant|p1b: Kyurem|flinch\n|-curestatus|p2b: Walking Wake|frz|[from] move: Hydro Steam\n|move|p2b: Walking Wake|Hydro Steam|p1a: Ninetales\n|-damage|p1a: Ninetales|29/100\n|\n|-weather|Snowscape|[upkeep]\n|-heal|p1a: Ninetales|35/100|[from] Grassy Terrain\n|-heal|p1b: Kyurem|98/100|[from] Grassy Terrain\n|-heal|p2b: Walking Wake|39/100|[from] Grassy Terrain\n|-heal|p2a: Iron Hands|71/100|[from] Grassy Terrain\n|-fieldend|move: Grassy Terrain\n|upkeep\n|turn|7\n|inactive|Rogue Citrus has 120 seconds left.\n|\n|t:|1771266950\n|move|p1a: Ninetales|Encore|p2a: Iron Hands\n|-start|p2a: Iron Hands|Encore\n|move|p1b: Kyurem|Blizzard|p2b: Walking Wake|[spread] p2a,p2b\n|-damage|p2a: Iron Hands|48/100\n|-damage|p2b: Walking Wake|5/100\n|move|p2b: Walking Wake|Flamethrower|p1a: Ninetales\n|-supereffective|p1a: Ninetales\n|-damage|p1a: Ninetales|0 fnt\n|faint|p1a: Ninetales\n|move|p2a: Iron Hands|Fake Out||[still]\n|-hint|Fake Out only works on your first turn out.\n|-fail|p2a: Iron Hands\n|\n|-weather|Snowscape|[upkeep]\n|upkeep\n|\n|t:|1771266962\n|switch|p1a: Iron Hands|Iron Hands|100/100\n|turn|8\n|\n|t:|1771266980\n|-end|p2a: Iron Hands|Quark Drive|[silent]\n|switch|p2a: Whimsicott|Whimsicott, M|59/100\n|move|p1b: Kyurem|Blizzard|p2b: Walking Wake|[spread] p2a,p2b\n|-supereffective|p2a: Whimsicott\n|-damage|p2a: Whimsicott|0 fnt\n|-damage|p2b: Walking Wake|0 fnt\n|faint|p2a: Whimsicott\n|faint|p2b: Walking Wake\n|-end|p2b: Walking Wake|Protosynthesis|[silent]\n|move|p1a: Iron Hands|Swords Dance|p1a: Iron Hands\n|-boost|p1a: Iron Hands|atk|2\n|\n|-weather|Snowscape|[upkeep]\n|upkeep\n|\n|t:|1771266993\n|switch|p2a: Iron Hands|Iron Hands|48/100\n|switch|p2b: Chien-Pao|Chien-Pao|100/100\n|-ability|p2b: Chien-Pao|Sword of Ruin\n|turn|9\n|\n|t:|1771267009\n|move|p2a: Iron Hands|Fake Out|p1a: Iron Hands\n|-damage|p1a: Iron Hands|94/100\n|move|p2b: Chien-Pao|Ice Spinner|p1a: Iron Hands\n|-damage|p1a: Iron Hands|71/100\n|move|p1b: Kyurem|Glaciate|p2a: Iron Hands|[spread] p2a,p2b\n|-resisted|p2b: Chien-Pao\n|-damage|p2a: Iron Hands|36/100\n|-damage|p2b: Chien-Pao|78/100\n|-unboost|p2a: Iron Hands|spe|1\n|-unboost|p2b: Chien-Pao|spe|1\n|cant|p1a: Iron Hands|flinch\n|\n|-weather|none\n|upkeep\n|turn|10\n|inactive|Rogue Citrus has 120 seconds left.\n|\n|t:|1771267040\n|move|p2b: Chien-Pao|Ice Spinner|p1a: Iron Hands\n|-damage|p1a: Iron Hands|47/100\n|move|p1b: Kyurem|Glaciate|p2b: Chien-Pao|[spread] p2a,p2b\n|-resisted|p2b: Chien-Pao\n|-damage|p2a: Iron Hands|22/100\n|-damage|p2b: Chien-Pao|57/100\n|-unboost|p2a: Iron Hands|spe|1\n|-unboost|p2b: Chien-Pao|spe|1\n|move|p1a: Iron Hands|Drain Punch|p2a: Iron Hands\n|-damage|p2a: Iron Hands|0 fnt\n|-heal|p1a: Iron Hands|57/100|[from] drain|[of] p2a: Iron Hands\n|faint|p2a: Iron Hands\n|-end|p2a: Iron Hands|Quark Drive|[silent]\n|\n|upkeep\n|inactive|Rogue Citrus has 120 seconds left.\n|\n|t:|1771267054\n|switch|p2a: Ursaluna|Ursaluna-Bloodmoon, M|100/100\n|turn|11\n|\n|t:|1771267061\n|-terastallize|p2a: Ursaluna|Normal\n|move|p1b: Kyurem|Glaciate|p2b: Chien-Pao|[spread] p2a,p2b\n|-resisted|p2b: Chien-Pao\n|-damage|p2a: Ursaluna|64/100\n|-damage|p2b: Chien-Pao|34/100\n|-unboost|p2a: Ursaluna|spe|1\n|-unboost|p2b: Chien-Pao|spe|1\n|move|p2a: Ursaluna|Hyper Voice|p1b: Kyurem|[spread] p1a,p1b\n|-damage|p1a: Iron Hands|25/100\n|-damage|p1b: Kyurem|70/100\n|move|p2b: Chien-Pao|Ice Spinner|p1a: Iron Hands\n|-damage|p1a: Iron Hands|1/100\n|move|p1a: Iron Hands|Drain Punch|p2b: Chien-Pao\n|-supereffective|p2b: Chien-Pao\n|-damage|p2b: Chien-Pao|0 fnt\n|-heal|p1a: Iron Hands|11/100|[from] drain|[of] p2b: Chien-Pao\n|faint|p2b: Chien-Pao\n|\n|upkeep\n|turn|12\n|-message|Rogue Citrus forfeited.\n|\n|win|Mattmandaman\n|raw|Mattmandaman's rating: 1652 &rarr; <strong>1674</strong><br />(+22 for winning)\n|raw|Rogue Citrus's rating: 1680 &rarr; <strong>1658</strong><br />(-22 for losing)\n|l|☆Rogue Citrus\n|player|p2|\n|l|☆Mattmandaman\n|player|p1|\n", "uploadtime": 1771267268, "views": 2, "formatid": "gen9doublesou", "rating": 1658, "private": 0, "password": null}