{"id": "gen9doublesou-2540038310", "format": "[Gen 9] Doubles OU", "players": ["samu4846", "Danitron1024"], "log": "|j|☆samu4846\n|j|☆Danitron1024\n|t:|1771150083\n|gametype|doubles\n|player|p1|samu4846|102|1555\n|player|p2|Danitron1024|benga|1532\n|gen|9\n|tier|[Gen 9] Doubles OU\n|rated|\n|rule|HP Percentage Mod: HP is shown in percentages\n|rule|Endless Battle Clause: Forcing endless battles is banned\n|rule|Species Clause: Limit one of each Pokémon\n|rule|OHKO Clause: OHKO moves are banned\n|rule|Evasion Moves Clause: Evasion moves are banned\n|rule|Gravity Sleep Clause: The combination of sleep-inducing moves with imperfect accuracy and Gravity or Gigantamax Orbeetle are banned\n|rule|Evasion Abilities Clause: Evasion abilities are banned\n|clearpoke\n|poke|p1|Torkoal, M|\n|poke|p1|Raging Bolt|\n|poke|p1|Ogerpon-Hearthflame, F|\n|poke|p1|Okidogi, M|\n|poke|p1|Chien-Pao|\n|poke|p1|Hoopa-Unbound|\n|poke|p2|Ursaluna-Bloodmoon, M|\n|poke|p2|Regidrago|\n|poke|p2|Indeedee-F, F|\n|poke|p2|Iron Hands|\n|poke|p2|Kingambit, M|\n|poke|p2|Hatterene, F|\n|teampreview\n|inactive|Battle timer is ON: inactive players will automatically lose when time's up. (requested by Danitron1024)\n|inactive|samu4846 also wants the timer to be on.\n|inactive|samu4846 has 120 seconds left.\n|\n|t:|1771150119\n|teamsize|p1|6\n|teamsize|p2|6\n|start\n|switch|p1a: Chien-Pao|Chien-Pao|100/100\n|switch|p1b: Raging Bolt|Raging Bolt|100/100\n|switch|p2a: Ursaluna|Ursaluna-Bloodmoon, M|100/100\n|switch|p2b: Indeedee|Indeedee-F, F, shiny|100/100\n|-ability|p1a: Chien-Pao|Sword of Ruin\n|-fieldstart|move: Psychic Terrain|[from] ability: Psychic Surge|[of] p2b: Indeedee\n|turn|1\n|inactive|Danitron1024 has 120 seconds left.\n|inactive|Danitron1024 has 90 seconds left.\n|j| jakeovened_2nd\n|\n|t:|1771150199\n|switch|p1a: Torkoal|Torkoal, M, shiny|100/100\n|-weather|SunnyDay|[from] ability: Drought|[of] p1a: Torkoal\n|-activate|p1b: Raging Bolt|ability: Protosynthesis\n|-start|p1b: Raging Bolt|protosynthesisspa\n|move|p1b: Raging Bolt|Draco Meteor|p2a: Ursaluna\n|-crit|p2a: Ursaluna\n|-damage|p2a: Ursaluna|0 fnt\n|-unboost|p1b: Raging Bolt|spa|2\n|faint|p2a: Ursaluna\n|move|p2b: Indeedee|Trick Room|p2b: Indeedee\n|-fieldstart|move: Trick Room|[of] p2b: Indeedee\n|\n|-weather|SunnyDay|[upkeep]\n|upkeep\n|inactive|Danitron1024 has 60 seconds left.\n|c|☆samu4846|Damn\n|c|☆samu4846|Lucky me\n|\n|t:|1771150229\n|switch|p2a: Hatterene|Hatterene, F|100/100\n|turn|2\n|\n|t:|1771150242\n|move|p2b: Indeedee|Helping Hand|p2a: Hatterene\n|-singleturn|p2a: Hatterene|Helping Hand|[of] p2b: Indeedee\n|move|p1a: Torkoal|Eruption|p2a: Hatterene|[spread] p2a,p2b\n|-crit|p2a: Hatterene\n|-damage|p2a: Hatterene|6/100\n|-damage|p2b: Indeedee|43/100\n|-enditem|p2b: Indeedee|Sitrus Berry|[eat]\n|-heal|p2b: Indeedee|68/100|[from] item: Sitrus Berry\n|move|p2a: Hatterene|Expanding Force|p1b: Raging Bolt|[spread] p1a,p1b\n|-damage|p1a: Torkoal|0 fnt\n|-damage|p1b: Raging Bolt|48/100\n|faint|p1a: Torkoal\n|move|p1b: Raging Bolt|Volt Switch|p2a: Hatterene\n|-damage|p2a: Hatterene|0 fnt\n|faint|p2a: Hatterene\n|\n|t:|1771150259\n|-end|p1b: Raging Bolt|Protosynthesis|[silent]\n|switch|p1b: Hoopa|Hoopa-Unbound|100/100|[from] Volt Switch\n|\n|-weather|SunnyDay|[upkeep]\n|upkeep\n|\n|t:|1771150275\n|switch|p1a: Raging Bolt|Raging Bolt|48/100\n|switch|p2a: Kingambit|Kingambit, M|100/100\n|-activate|p1a: Raging Bolt|ability: Protosynthesis\n|-start|p1a: Raging Bolt|protosynthesisspa\n|turn|3\n|inactive|Danitron1024 has 90 seconds left.\n|\n|t:|1771150285\n|move|p2b: Indeedee|Follow Me|p2b: Indeedee\n|-singleturn|p2b: Indeedee|move: Follow Me\n|move|p2a: Kingambit|Swords Dance|p2a: Kingambit\n|-boost|p2a: Kingambit|atk|2\n|move|p1b: Hoopa|Calm Mind|p1b: Hoopa\n|-boost|p1b: Hoopa|spa|1\n|-boost|p1b: Hoopa|spd|1\n|move|p1a: Raging Bolt|Weather Ball|p2b: Indeedee\n|-damage|p2b: Indeedee|0 fnt\n|faint|p2b: Indeedee\n|\n|-weather|SunnyDay|[upkeep]\n|upkeep\n|inactive|Danitron1024 has 90 seconds left.\n|\n|t:|1771150299\n|switch|p2b: Iron Hands|Iron Hands|100/100\n|-enditem|p2b: Iron Hands|Booster Energy\n|-activate|p2b: Iron Hands|ability: Quark Drive|[fromitem]\n|-start|p2b: Iron Hands|quarkdriveatk\n|turn|4\n|\n|t:|1771150314\n|move|p2b: Iron Hands|Close Combat|p1a: Raging Bolt\n|-damage|p1a: Raging Bolt|0 fnt\n|-unboost|p2b: Iron Hands|def|1\n|-unboost|p2b: Iron Hands|spd|1\n|faint|p1a: Raging Bolt\n|-end|p1a: Raging Bolt|Protosynthesis|[silent]\n|move|p2a: Kingambit|Iron Head|p1b: Hoopa\n|-damage|p1b: Hoopa|0 fnt\n|faint|p1b: Hoopa\n|\n|-weather|SunnyDay|[upkeep]\n|upkeep\n|inactive|samu4846 has 120 seconds left.\n|\n|t:|1771150342\n|switch|p1b: Chien-Pao|Chien-Pao|100/100\n|switch|p1a: Ogerpon|Ogerpon-Hearthflame, F|100/100\n|-ability|p1a: Ogerpon|Mold Breaker\n|-ability|p1b: Chien-Pao|Sword of Ruin\n|turn|5\n|inactive|Danitron1024 has 120 seconds left.\n|\n|t:|1771150353\n|move|p1a: Ogerpon|Spiky Shield|p1a: Ogerpon\n|-singleturn|p1a: Ogerpon|move: Protect\n|move|p2b: Iron Hands|Close Combat|p1b: Chien-Pao\n|-supereffective|p1b: Chien-Pao\n|-enditem|p1b: Chien-Pao|Focus Sash\n|-damage|p1b: Chien-Pao|1/100\n|-unboost|p2b: Iron Hands|def|1\n|-unboost|p2b: Iron Hands|spd|1\n|move|p2a: Kingambit|Kowtow Cleave|p1a: Ogerpon\n|-activate|p1a: Ogerpon|move: Protect\n|-damage|p2a: Kingambit|88/100|[from] Spiky Shield|[of] p1a: Ogerpon\n|move|p1b: Chien-Pao|Sacred Sword|p2a: Kingambit\n|-supereffective|p2a: Kingambit\n|-damage|p2a: Kingambit|0 fnt\n|faint|p2a: Kingambit\n|\n|-weather|SunnyDay|[upkeep]\n|-fieldend|move: Trick Room\n|-fieldend|move: Psychic Terrain\n|upkeep\n|inactive|Danitron1024 has 120 seconds left.\n|\n|t:|1771150370\n|switch|p2a: Regidrago|Regidrago, shiny|100/100\n|turn|6\n|\n|t:|1771150379\n|-terastallize|p1a: Ogerpon|Fire\n|detailschange|p1a: Ogerpon|Ogerpon-Hearthflame-Tera, F, tera:Fire\n|-ability|p1a: Ogerpon|Embody Aspect (Hearthflame)|boost\n|-boost|p1a: Ogerpon|atk|1\n|move|p1b: Chien-Pao|Ice Spinner|p2a: Regidrago\n|-supereffective|p2a: Regidrago\n|-damage|p2a: Regidrago|0 fnt\n|faint|p2a: Regidrago\n|move|p1a: Ogerpon|Ivy Cudgel|p2b: Iron Hands|[anim] Ivy Cudgel Fire\n|-damage|p2b: Iron Hands|0 fnt\n|faint|p2b: Iron Hands\n|-end|p2b: Iron Hands|Quark Drive|[silent]\n|\n|win|samu4846\n|raw|samu4846's rating: 1555 &rarr; <strong>1574</strong><br />(+19 for winning)\n|raw|Danitron1024's rating: 1532 &rarr; <strong>1513</strong><br />(-19 for losing)\n|l| jakeovened_2nd\n", "uploadtime": 1771150415, "views": 17, "formatid": "gen9doublesou", "rating": 1513, "private": 0, "password": null}