{"id": "gen9doublesou-2540882248", "format": "[Gen 9] Doubles OU", "players": ["qwqwwqqwwq", "Sebiboy09"], "log": "|j|☆qwqwwqqwwq\n|j|☆Sebiboy09\n|t:|1771263577\n|gametype|doubles\n|player|p1|qwqwwqqwwq|hiker-gen4|1652\n|player|p2|Sebiboy09|265|1642\n|gen|9\n|tier|[Gen 9] Doubles OU\n|rated|\n|rule|HP Percentage Mod: HP is shown in percentages\n|rule|Endless Battle Clause: Forcing endless battles is banned\n|rule|Species Clause: Limit one of each Pokémon\n|rule|OHKO Clause: OHKO moves are banned\n|rule|Evasion Moves Clause: Evasion moves are banned\n|rule|Gravity Sleep Clause: The combination of sleep-inducing moves with imperfect accuracy and Gravity or Gigantamax Orbeetle are banned\n|rule|Evasion Abilities Clause: Evasion abilities are banned\n|clearpoke\n|poke|p1|Scizor, F|\n|poke|p1|Dragonite, M|\n|poke|p1|Tornadus, M|\n|poke|p1|Chandelure, F|\n|poke|p1|Golem, F|\n|poke|p1|Articuno-Galar|\n|poke|p2|Garchomp, F|\n|poke|p2|Blaziken, F|\n|poke|p2|Corviknight, M|\n|poke|p2|Gengar, F|\n|poke|p2|Abomasnow, M|\n|poke|p2|Regieleki|\n|teampreview\n|inactive|Battle timer is ON: inactive players will automatically lose when time's up. (requested by Sebiboy09)\n|inactive|qwqwwqqwwq has 120 seconds left.\n|\n|t:|1771263625\n|teamsize|p1|6\n|teamsize|p2|6\n|start\n|switch|p1a: Dragonite|Dragonite, M|100/100\n|switch|p1b: Tornadus|Tornadus, M|100/100\n|switch|p2a: Corviknight|Corviknight, M|100/100\n|switch|p2b: Gengar|Gengar, F|100/100\n|turn|1\n|\n|t:|1771263632\n|-terastallize|p1a: Dragonite|Ground\n|move|p1b: Tornadus|Taunt|p2a: Corviknight\n|-start|p2a: Corviknight|move: Taunt\n|move|p2b: Gengar|Sludge Wave|p1b: Tornadus|[spread] p1a,p1b\n|-immune|p2a: Corviknight\n|-resisted|p1a: Dragonite\n|-damage|p1a: Dragonite|83/100\n|-damage|p1b: Tornadus|46/100\n|move|p1a: Dragonite|Earthquake|p2a: Corviknight|[spread] p2b\n|-immune|p1b: Tornadus\n|-immune|p2a: Corviknight\n|-supereffective|p2b: Gengar\n|-enditem|p2b: Gengar|Focus Sash\n|-damage|p2b: Gengar|1/100\n|cant|p2a: Corviknight|move: Taunt|Tailwind\n|\n|upkeep\n|turn|2\n|\n|t:|1771263658\n|move|p2b: Gengar|Protect|p2b: Gengar\n|-singleturn|p2b: Gengar|Protect\n|move|p1b: Tornadus|Tailwind|p1b: Tornadus\n|-sidestart|p1: qwqwwqqwwq|move: Tailwind\n|move|p1a: Dragonite|Earthquake|p2a: Corviknight|[spread] \n|-activate|p2b: Gengar|move: Protect\n|-immune|p1b: Tornadus\n|-immune|p2a: Corviknight\n|move|p2a: Corviknight|Iron Head|p1b: Tornadus\n|-damage|p1b: Tornadus|0 fnt\n|faint|p1b: Tornadus\n|\n|upkeep\n|\n|t:|1771263664\n|switch|p1b: Chandelure|Chandelure, F|100/100\n|turn|3\n|\n|t:|1771263675\n|move|p1b: Chandelure|Heat Wave|p2a: Corviknight|[spread] p2a,p2b\n|-supereffective|p2a: Corviknight\n|-damage|p2a: Corviknight|13/100\n|-damage|p2b: Gengar|0 fnt\n|faint|p2b: Gengar\n|move|p1a: Dragonite|Dragon Dance|p1a: Dragonite\n|-boost|p1a: Dragonite|atk|1\n|-boost|p1a: Dragonite|spe|1\n|move|p2a: Corviknight|Iron Head|p1a: Dragonite\n|-damage|p1a: Dragonite|52/100\n|\n|-end|p2a: Corviknight|move: Taunt\n|upkeep\n|\n|t:|1771263685\n|switch|p2b: Abomasnow|Abomasnow, M|100/100\n|-weather|Snowscape|[from] ability: Snow Warning|[of] p2b: Abomasnow\n|turn|4\n|\n|t:|1771263690\n|-terastallize|p2b: Abomasnow|Water\n|move|p1a: Dragonite|Protect|p1a: Dragonite\n|-singleturn|p1a: Dragonite|Protect\n|move|p1b: Chandelure|Heat Wave|p2a: Corviknight|[spread] p2a,p2b\n|-supereffective|p2a: Corviknight\n|-resisted|p2b: Abomasnow\n|-damage|p2a: Corviknight|0 fnt\n|-damage|p2b: Abomasnow|81/100\n|faint|p2a: Corviknight\n|move|p2b: Abomasnow|Aurora Veil|p2b: Abomasnow\n|-sidestart|p2: Sebiboy09|move: Aurora Veil\n|\n|-weather|Snowscape|[upkeep]\n|upkeep\n|\n|t:|1771263697\n|switch|p2a: Blaziken|Blaziken, F|100/100\n|turn|5\n|\n|t:|1771263710\n|move|p1b: Chandelure|Protect|p1b: Chandelure\n|-singleturn|p1b: Chandelure|Protect\n|move|p2a: Blaziken|Detect|p2a: Blaziken\n|-singleturn|p2a: Blaziken|Protect\n|move|p1a: Dragonite|Earthquake|p2a: Blaziken|[spread] p2b\n|-activate|p1b: Chandelure|move: Protect\n|-activate|p2a: Blaziken|move: Protect\n|-crit|p2b: Abomasnow\n|-damage|p2b: Abomasnow|0 fnt\n|faint|p2b: Abomasnow\n|\n|-weather|Snowscape|[upkeep]\n|-sideend|p1: qwqwwqqwwq|move: Tailwind\n|-ability|p2a: Blaziken|Speed Boost|boost\n|-boost|p2a: Blaziken|spe|1\n|upkeep\n|\n|t:|1771263722\n|switch|p2b: Garchomp|Garchomp, F|100/100\n|turn|6\n|\n|t:|1771263730\n|move|p1a: Dragonite|Extreme Speed|p2a: Blaziken\n|-damage|p2a: Blaziken|49/100\n|move|p2a: Blaziken|Knock Off|p1b: Chandelure\n|-supereffective|p1b: Chandelure\n|-crit|p1b: Chandelure\n|-enditem|p1b: Chandelure|Focus Sash\n|-damage|p1b: Chandelure|1/100\n|-damage|p2a: Blaziken|39/100|[from] item: Life Orb\n|move|p1b: Chandelure|Shadow Ball|p2b: Garchomp\n|-damage|p2b: Garchomp|81/100\n|-unboost|p2b: Garchomp|spd|1\n|move|p2b: Garchomp|Breaking Swipe|p1b: Chandelure|[spread] p1a,p1b\n|-damage|p1a: Dragonite|30/100\n|-damage|p1b: Chandelure|0 fnt\n|-unboost|p1a: Dragonite|atk|1\n|faint|p1b: Chandelure\n|\n|-weather|Snowscape|[upkeep]\n|-ability|p2a: Blaziken|Speed Boost|boost\n|-boost|p2a: Blaziken|spe|1\n|upkeep\n|\n|t:|1771263758\n|switch|p1b: Scizor|Scizor, F|100/100\n|turn|7\n|\n|t:|1771263766\n|move|p2a: Blaziken|Detect|p2a: Blaziken\n|-singleturn|p2a: Blaziken|Protect\n|move|p1b: Scizor|Protect|p1b: Scizor\n|-singleturn|p1b: Scizor|Protect\n|move|p1a: Dragonite|Earthquake|p2a: Blaziken|[spread] p2b\n|-activate|p1b: Scizor|move: Protect\n|-activate|p2a: Blaziken|move: Protect\n|-damage|p2b: Garchomp|51/100\n|move|p2b: Garchomp|Breaking Swipe|p1b: Scizor|[spread] p1a\n|-activate|p1b: Scizor|move: Protect\n|-damage|p1a: Dragonite|7/100\n|-unboost|p1a: Dragonite|atk|1\n|\n|-weather|Snowscape|[upkeep]\n|-ability|p2a: Blaziken|Speed Boost|boost\n|-boost|p2a: Blaziken|spe|1\n|upkeep\n|turn|8\n|\n|t:|1771263789\n|move|p1a: Dragonite|Extreme Speed|p2a: Blaziken\n|-damage|p2a: Blaziken|17/100\n|move|p1b: Scizor|Bullet Punch|p2a: Blaziken\n|-resisted|p2a: Blaziken\n|-damage|p2a: Blaziken|0 fnt\n|faint|p2a: Blaziken\n|move|p2b: Garchomp|Breaking Swipe|p1b: Scizor|[spread] p1a,p1b\n|-resisted|p1b: Scizor\n|-damage|p1a: Dragonite|0 fnt\n|-damage|p1b: Scizor|86/100\n|-unboost|p1b: Scizor|atk|1\n|faint|p1a: Dragonite\n|\n|-weather|none\n|upkeep\n|\n|t:|1771263796\n|switch|p2a: Regieleki|Regieleki|100/100\n|switch|p1a: Golem|Golem, F|100/100\n|turn|9\n|\n|t:|1771263807\n|move|p1b: Scizor|Protect|p1b: Scizor\n|-singleturn|p1b: Scizor|Protect\n|move|p2a: Regieleki|Tera Blast|p1a: Golem\n|-resisted|p1a: Golem\n|-damage|p1a: Golem|67/100\n|move|p2b: Garchomp|Breaking Swipe|p1b: Scizor|[spread] p1a\n|-activate|p1b: Scizor|move: Protect\n|-damage|p1a: Golem|45/100\n|-unboost|p1a: Golem|atk|1\n|move|p1a: Golem|Earthquake|p2a: Regieleki|[spread] p2a,p2b\n|-activate|p1b: Scizor|move: Protect\n|-supereffective|p2a: Regieleki\n|-damage|p2a: Regieleki|28/100\n|-damage|p2b: Garchomp|33/100\n|\n|upkeep\n|turn|10\n|\n|t:|1771263827\n|move|p1a: Golem|Wide Guard|p1a: Golem\n|-singleturn|p1a: Golem|Wide Guard\n|move|p1b: Scizor|Bullet Punch|p2a: Regieleki\n|-resisted|p2a: Regieleki\n|-damage|p2a: Regieleki|14/100\n|move|p2a: Regieleki|Tera Blast|p1a: Golem\n|-resisted|p1a: Golem\n|-damage|p1a: Golem|14/100\n|move|p2b: Garchomp|Breaking Swipe|p1a: Golem|[spread] \n|-activate|p1a: Golem|move: Wide Guard\n|-activate|p1b: Scizor|move: Wide Guard\n|\n|upkeep\n|turn|11\n|\n|t:|1771263848\n|move|p1a: Golem|Wide Guard|p1a: Golem\n|-singleturn|p1a: Golem|Wide Guard\n|move|p1b: Scizor|Bullet Punch|p2a: Regieleki\n|-resisted|p2a: Regieleki\n|-damage|p2a: Regieleki|0 fnt\n|faint|p2a: Regieleki\n|move|p2b: Garchomp|Brick Break|p1b: Scizor\n|-damage|p1b: Scizor|50/100\n|\n|-sideend|p2: Sebiboy09|move: Aurora Veil\n|upkeep\n|turn|12\n|\n|t:|1771263854\n|move|p2b: Garchomp|Earthquake|p1b: Scizor|[spread] p1a,p1b\n|-supereffective|p1a: Golem\n|-damage|p1a: Golem|0 fnt\n|-damage|p1b: Scizor|0 fnt\n|faint|p1a: Golem\n|faint|p1b: Scizor\n|\n|upkeep\n|\n|t:|1771263860\n|switch|p1b: Articuno|Articuno-Galar|100/100\n|turn|13\n|\n|t:|1771263866\n|move|p1b: Articuno|Freezing Glare|p2b: Garchomp\n|-damage|p2b: Garchomp|0 fnt\n|faint|p2b: Garchomp\n|\n|win|qwqwwqqwwq\n|raw|qwqwwqqwwq's rating: 1652 &rarr; <strong>1671</strong><br />(+19 for winning)\n|raw|Sebiboy09's rating: 1642 &rarr; <strong>1623</strong><br />(-19 for losing)\n|l|☆Sebiboy09\n|player|p2|\n|l|☆qwqwwqqwwq\n|player|p1|\n", "uploadtime": 1771264101, "views": 3, "formatid": "gen9doublesou", "rating": 1623, "private": 0, "password": null}