{"id": "gen9doublesou-2540574544", "format": "[Gen 9] Doubles OU", "players": ["Corde1ia_", "FilthyCasual242"], "log": "|j|☆Corde1ia_\n|j|☆FilthyCasual242\n|t:|1771220365\n|gametype|doubles\n|player|p1|Corde1ia_|acetrainerf-gen4dp|1575\n|player|p2|FilthyCasual242|bellelba|1593\n|gen|9\n|tier|[Gen 9] Doubles OU\n|rated|\n|rule|HP Percentage Mod: HP is shown in percentages\n|rule|Endless Battle Clause: Forcing endless battles is banned\n|rule|Species Clause: Limit one of each Pokémon\n|rule|OHKO Clause: OHKO moves are banned\n|rule|Evasion Moves Clause: Evasion moves are banned\n|rule|Gravity Sleep Clause: The combination of sleep-inducing moves with imperfect accuracy and Gravity or Gigantamax Orbeetle are banned\n|rule|Evasion Abilities Clause: Evasion abilities are banned\n|clearpoke\n|poke|p1|Amoonguss, M|\n|poke|p1|Indeedee-F, F|\n|poke|p1|Torkoal, L99, F|\n|poke|p1|Diancie|\n|poke|p1|Hatterene, F|\n|poke|p1|Ursaluna-Bloodmoon, M|\n|poke|p2|Gouging Fire|\n|poke|p2|Ting-Lu|\n|poke|p2|Rillaboom, M|\n|poke|p2|Glimmora, F|\n|poke|p2|Chien-Pao|\n|poke|p2|Dragonite, M|\n|teampreview\n|inactive|Battle timer is ON: inactive players will automatically lose when time's up. (requested by Corde1ia_)\n|\n|t:|1771220388\n|teamsize|p1|6\n|teamsize|p2|6\n|start\n|switch|p1a: Indeedee|Indeedee-F, F|100/100\n|switch|p1b: Diancie|Diancie|100/100\n|switch|p2a: Ting-Lu|Ting-Lu|100/100\n|switch|p2b: Gouging Fire|Gouging Fire|100/100\n|-fieldstart|move: Psychic Terrain|[from] ability: Psychic Surge|[of] p1a: Indeedee\n|-ability|p2a: Ting-Lu|Vessel of Ruin\n|-enditem|p2b: Gouging Fire|Booster Energy\n|-activate|p2b: Gouging Fire|ability: Protosynthesis|[fromitem]\n|-start|p2b: Gouging Fire|protosynthesisspe\n|turn|1\n|\n|t:|1771220396\n|move|p1a: Indeedee|Follow Me|p1a: Indeedee\n|-singleturn|p1a: Indeedee|move: Follow Me\n|move|p2b: Gouging Fire|Howl|p2b: Gouging Fire|[spread] p2a,p2b\n|-boost|p2a: Ting-Lu|atk|1\n|-boost|p2b: Gouging Fire|atk|1\n|move|p2a: Ting-Lu|Spikes|p1a: Indeedee\n|-sidestart|p1: Corde1ia_|Spikes\n|move|p1b: Diancie|Trick Room|p1b: Diancie\n|-fieldstart|move: Trick Room|[of] p1b: Diancie\n|\n|upkeep\n|turn|2\n|\n|t:|1771220410\n|move|p2b: Gouging Fire|Burning Bulwark|p2b: Gouging Fire\n|-singleturn|p2b: Gouging Fire|move: Protect\n|move|p1a: Indeedee|Follow Me|p1a: Indeedee\n|-singleturn|p1a: Indeedee|move: Follow Me\n|move|p1b: Diancie|Diamond Storm|p2b: Gouging Fire|[spread] p2a\n|-activate|p2b: Gouging Fire|move: Protect\n|-resisted|p2a: Ting-Lu\n|-damage|p2a: Ting-Lu|92/100\n|move|p2a: Ting-Lu|Throat Chop|p1a: Indeedee\n|-supereffective|p1a: Indeedee\n|-damage|p1a: Indeedee|7/100\n|-start|p1a: Indeedee|Throat Chop|[silent]\n|-enditem|p1a: Indeedee|Eject Button\n|\n|t:|1771220423\n|switch|p1a: Ursaluna|Ursaluna-Bloodmoon, M|100/100\n|-damage|p1a: Ursaluna|88/100|[from] Spikes\n|\n|-heal|p2a: Ting-Lu|98/100|[from] item: Leftovers\n|upkeep\n|turn|3\n|\n|t:|1771220430\n|-end|p2b: Gouging Fire|Protosynthesis|[silent]\n|switch|p2b: Rillaboom|Rillaboom, M|100/100\n|-fieldstart|move: Grassy Terrain|[from] ability: Grassy Surge|[of] p2b: Rillaboom\n|move|p1b: Diancie|Diamond Storm|p2a: Ting-Lu|[spread] p2a,p2b\n|-resisted|p2a: Ting-Lu\n|-damage|p2a: Ting-Lu|90/100\n|-damage|p2b: Rillaboom|68/100\n|-boost|p1b: Diancie|def|2\n|move|p1a: Ursaluna|Earth Power|p2b: Rillaboom\n|-resisted|p2b: Rillaboom\n|-damage|p2b: Rillaboom|49/100\n|-damage|p1a: Ursaluna|78/100|[from] item: Life Orb\n|move|p2a: Ting-Lu|Whirlwind|p1b: Diancie\n|drag|p1b: Torkoal|Torkoal, L99, F|100/100\n|-damage|p1b: Torkoal|88/100|[from] Spikes\n|-weather|SunnyDay|[from] ability: Drought|[of] p1b: Torkoal\n|\n|-weather|SunnyDay|[upkeep]\n|-heal|p1b: Torkoal|94/100|[from] Grassy Terrain\n|-heal|p1a: Ursaluna|84/100|[from] Grassy Terrain\n|-heal|p2a: Ting-Lu|96/100|[from] Grassy Terrain\n|-heal|p2a: Ting-Lu|100/100|[from] item: Leftovers\n|-heal|p2b: Rillaboom|55/100|[from] Grassy Terrain\n|upkeep\n|turn|4\n|\n|t:|1771220466\n|switch|p1a: Indeedee|Indeedee-F, F|7/100\n|-damage|p1a: Indeedee|0 fnt|[from] Spikes\n|faint|p1a: Indeedee\n|switch|p2b: Dragonite|Dragonite, M|100/100\n|move|p1b: Torkoal|Eruption|p2b: Dragonite|[spread] p2a,p2b\n|-resisted|p2b: Dragonite\n|-damage|p2a: Ting-Lu|60/100\n|-damage|p2b: Dragonite|74/100\n|move|p2a: Ting-Lu|Stomping Tantrum|p1b: Torkoal\n|-supereffective|p1b: Torkoal\n|-damage|p1b: Torkoal|26/100\n|\n|-weather|SunnyDay|[upkeep]\n|-heal|p1b: Torkoal|33/100|[from] Grassy Terrain\n|-heal|p2a: Ting-Lu|66/100|[from] Grassy Terrain\n|-heal|p2a: Ting-Lu|72/100|[from] item: Leftovers\n|upkeep\n|inactive|Corde1ia_ has 120 seconds left.\n|\n|t:|1771220484\n|switch|p1a: Diancie|Diancie|100/100\n|-damage|p1a: Diancie|88/100|[from] Spikes\n|turn|5\n|\n|t:|1771220494\n|switch|p1b: Amoonguss|Amoonguss, M|100/100\n|-damage|p1b: Amoonguss|88/100|[from] Spikes\n|switch|p2b: Glimmora|Glimmora, F|100/100\n|move|p1a: Diancie|Diamond Storm|p2b: Glimmora|[spread] p2a,p2b\n|-resisted|p2a: Ting-Lu\n|-damage|p2a: Ting-Lu|64/100\n|-damage|p2b: Glimmora|55/100\n|-boost|p1a: Diancie|def|2\n|-activate|p2b: Glimmora|ability: Toxic Debris\n|-sidestart|p1: Corde1ia_|move: Toxic Spikes\n|move|p2a: Ting-Lu|Stomping Tantrum|p1a: Diancie\n|-supereffective|p1a: Diancie\n|-damage|p1a: Diancie|52/100\n|-enditem|p1a: Diancie|Weakness Policy\n|-boost|p1a: Diancie|atk|2|[from] item: Weakness Policy\n|-boost|p1a: Diancie|spa|2|[from] item: Weakness Policy\n|\n|-weather|SunnyDay|[upkeep]\n|-heal|p1b: Amoonguss|94/100|[from] Grassy Terrain\n|-heal|p1a: Diancie|58/100|[from] Grassy Terrain\n|-heal|p2a: Ting-Lu|71/100|[from] Grassy Terrain\n|-heal|p2a: Ting-Lu|77/100|[from] item: Leftovers\n|-heal|p2b: Glimmora|61/100|[from] Grassy Terrain\n|-fieldend|move: Trick Room\n|upkeep\n|turn|6\n|\n|t:|1771220514\n|-terastallize|p1a: Diancie|Grass\n|move|p2b: Glimmora|Mortal Spin|p1b: Amoonguss|[spread] p1a,p1b\n|-supereffective|p1a: Diancie\n|-damage|p1a: Diancie|55/100\n|-damage|p1b: Amoonguss|89/100\n|-status|p1a: Diancie|psn\n|move|p1b: Amoonguss|Pollen Puff|p1a: Diancie\n|-heal|p1a: Diancie|100/100 psn\n|move|p2a: Ting-Lu|Whirlwind|p1a: Diancie\n|drag|p1a: Hatterene|Hatterene, F, shiny|100/100\n|-damage|p1a: Hatterene|88/100|[from] Spikes\n|-status|p1a: Hatterene|psn\n|\n|-weather|SunnyDay|[upkeep]\n|-heal|p2b: Glimmora|67/100|[from] Grassy Terrain\n|-heal|p2a: Ting-Lu|83/100|[from] Grassy Terrain\n|-heal|p2a: Ting-Lu|89/100|[from] item: Leftovers\n|-heal|p1b: Amoonguss|95/100|[from] Grassy Terrain\n|-heal|p1a: Hatterene|94/100 psn|[from] Grassy Terrain\n|-damage|p1a: Hatterene|82/100 psn|[from] psn\n|upkeep\n|turn|7\n|\n|t:|1771220537\n|move|p2b: Glimmora|Power Gem|p1b: Amoonguss\n|-damage|p1b: Amoonguss|74/100\n|move|p2a: Ting-Lu|Stomping Tantrum|p1b: Amoonguss\n|-damage|p1b: Amoonguss|25/100\n|-enditem|p1b: Amoonguss|Sitrus Berry|[eat]\n|-heal|p1b: Amoonguss|50/100|[from] item: Sitrus Berry\n|move|p1b: Amoonguss|Spore|p2a: Ting-Lu\n|-status|p2a: Ting-Lu|slp|[from] move: Spore\n|move|p1a: Hatterene|Expanding Force|p2b: Glimmora\n|-supereffective|p2b: Glimmora\n|-damage|p2b: Glimmora|0 fnt\n|faint|p2b: Glimmora\n|-damage|p1a: Hatterene|72/100 psn|[from] item: Life Orb\n|\n|-weather|none\n|-heal|p2a: Ting-Lu|95/100 slp|[from] Grassy Terrain\n|-heal|p2a: Ting-Lu|100/100 slp|[from] item: Leftovers\n|-heal|p1b: Amoonguss|56/100|[from] Grassy Terrain\n|-heal|p1a: Hatterene|78/100 psn|[from] Grassy Terrain\n|-damage|p1a: Hatterene|66/100 psn|[from] psn\n|-fieldend|move: Grassy Terrain\n|upkeep\n|\n|t:|1771220544\n|switch|p2b: Rillaboom|Rillaboom, M|55/100\n|-fieldstart|move: Grassy Terrain|[from] ability: Grassy Surge|[of] p2b: Rillaboom\n|turn|8\n|\n|t:|1771220552\n|move|p1b: Amoonguss|Protect|p1b: Amoonguss\n|-singleturn|p1b: Amoonguss|Protect\n|move|p1a: Hatterene|Protect|p1a: Hatterene\n|-singleturn|p1a: Hatterene|Protect\n|move|p2b: Rillaboom|Wood Hammer|p1a: Hatterene\n|-activate|p1a: Hatterene|move: Protect\n|cant|p2a: Ting-Lu|slp\n|\n|-heal|p2b: Rillaboom|61/100|[from] Grassy Terrain\n|-heal|p1b: Amoonguss|62/100|[from] Grassy Terrain\n|-heal|p1a: Hatterene|72/100 psn|[from] Grassy Terrain\n|-damage|p1a: Hatterene|59/100 psn|[from] psn\n|upkeep\n|turn|9\n|\n|t:|1771220580\n|switch|p1a: Diancie|Diancie, tera:Grass|100/100 psn\n|-damage|p1a: Diancie|88/100 psn|[from] Spikes\n|move|p2b: Rillaboom|Wood Hammer|p1a: Diancie\n|-resisted|p1a: Diancie\n|-damage|p1a: Diancie|55/100 psn\n|-damage|p2b: Rillaboom|53/100|[from] Recoil\n|cant|p2a: Ting-Lu|slp\n|move|p1b: Amoonguss|Pollen Puff|p1a: Diancie\n|-heal|p1a: Diancie|100/100 psn\n|\n|-heal|p2b: Rillaboom|59/100|[from] Grassy Terrain\n|-heal|p1b: Amoonguss|68/100|[from] Grassy Terrain\n|-damage|p1a: Diancie|88/100 psn|[from] psn\n|upkeep\n|turn|10\n|\n|t:|1771220593\n|move|p2b: Rillaboom|U-turn|p1a: Diancie\n|-supereffective|p1a: Diancie\n|-damage|p1a: Diancie|50/100 psn\n|\n|t:|1771220597\n|switch|p2b: Gouging Fire|Gouging Fire|100/100|[from] U-turn\n|move|p1b: Amoonguss|Pollen Puff|p2b: Gouging Fire\n|-resisted|p2b: Gouging Fire\n|-damage|p2b: Gouging Fire|94/100\n|-curestatus|p2a: Ting-Lu|slp|[msg]\n|move|p2a: Ting-Lu|Whirlwind|p1a: Diancie\n|drag|p1a: Ursaluna|Ursaluna-Bloodmoon, M|84/100\n|-damage|p1a: Ursaluna|72/100|[from] Spikes\n|-status|p1a: Ursaluna|psn\n|\n|-heal|p2b: Gouging Fire|99/100|[from] Grassy Terrain\n|-heal|p1a: Ursaluna|78/100 psn|[from] Grassy Terrain\n|-heal|p1b: Amoonguss|74/100|[from] Grassy Terrain\n|-damage|p1a: Ursaluna|66/100 psn|[from] psn\n|upkeep\n|turn|11\n|\n|t:|1771220613\n|-terastallize|p2b: Gouging Fire|Grass\n|move|p1b: Amoonguss|Protect|p1b: Amoonguss\n|-singleturn|p1b: Amoonguss|Protect\n|move|p2b: Gouging Fire|Heat Crash|p1b: Amoonguss\n|-activate|p1b: Amoonguss|move: Protect\n|move|p2a: Ting-Lu|Throat Chop|p1a: Ursaluna\n|-damage|p1a: Ursaluna|33/100 psn\n|-start|p1a: Ursaluna|Throat Chop|[silent]\n|move|p1a: Ursaluna|Earth Power|p2b: Gouging Fire\n|-resisted|p2b: Gouging Fire\n|-crit|p2b: Gouging Fire\n|-damage|p2b: Gouging Fire|60/100\n|-damage|p1a: Ursaluna|23/100 psn|[from] item: Life Orb\n|\n|-heal|p2b: Gouging Fire|66/100|[from] Grassy Terrain\n|-heal|p1a: Ursaluna|29/100 psn|[from] Grassy Terrain\n|-heal|p1b: Amoonguss|80/100|[from] Grassy Terrain\n|-damage|p1a: Ursaluna|17/100 psn|[from] psn\n|upkeep\n|turn|12\n|-message|Corde1ia_ forfeited.\n|\n|win|FilthyCasual242\n|raw|Corde1ia_'s rating: 1575 &rarr; <strong>1556</strong><br />(-19 for losing)\n|raw|FilthyCasual242's rating: 1593 &rarr; <strong>1612</strong><br />(+19 for winning)\n|l|☆Corde1ia_\n|player|p1|\n|l|☆FilthyCasual242\n|player|p2|\n", "uploadtime": 1771221035, "views": 12, "formatid": "gen9doublesou", "rating": 1556, "private": 0, "password": null}