{"id": "gen9doublesou-2540151590", "format": "[Gen 9] Doubles OU", "players": ["Jirf_1002", "ustat"], "log": "|j|☆Jirf_1002\n|j|☆ustat\n|t:|1771169065\n|gametype|doubles\n|player|p1|Jirf_1002|veteranf|1663\n|player|p2|ustat|red|1657\n|gen|9\n|tier|[Gen 9] Doubles OU\n|rated|\n|rule|HP Percentage Mod: HP is shown in percentages\n|rule|Endless Battle Clause: Forcing endless battles is banned\n|rule|Species Clause: Limit one of each Pokémon\n|rule|OHKO Clause: OHKO moves are banned\n|rule|Evasion Moves Clause: Evasion moves are banned\n|rule|Gravity Sleep Clause: The combination of sleep-inducing moves with imperfect accuracy and Gravity or Gigantamax Orbeetle are banned\n|rule|Evasion Abilities Clause: Evasion abilities are banned\n|clearpoke\n|poke|p1|Chi-Yu|\n|poke|p1|Torkoal, F|\n|poke|p1|Walking Wake|\n|poke|p1|Iron Hands|\n|poke|p1|Farigiraf, M|\n|poke|p1|Ogerpon-Cornerstone, F|\n|poke|p2|Regidrago|\n|poke|p2|Ribombee, F|\n|poke|p2|Incineroar, M|\n|poke|p2|Chi-Yu|\n|poke|p2|Ogerpon-Wellspring, F|\n|poke|p2|Metagross|\n|teampreview\n|\n|t:|1771169093\n|teamsize|p1|6\n|teamsize|p2|6\n|start\n|switch|p1a: Iron Hands|Iron Hands|100/100\n|switch|p1b: Farigiraf|Farigiraf, M|100/100\n|switch|p2a: I will survive!|Ribombee, F|100/100\n|switch|p2b: Kumru's Favorite|Regidrago|100/100\n|turn|1\n|\n|t:|1771169106\n|switch|p2b: Hammurabi|Metagross|100/100\n|move|p1a: Iron Hands|Fake Out|p2b: Hammurabi\n|-resisted|p2b: Hammurabi\n|-damage|p2b: Hammurabi|95/100\n|move|p2a: I will survive!|Moonblast|p1a: Iron Hands\n|-supereffective|p1a: Iron Hands\n|-damage|p1a: Iron Hands|59/100\n|-unboost|p1a: Iron Hands|spa|1\n|move|p1b: Farigiraf|Trick Room|p1b: Farigiraf\n|-fieldstart|move: Trick Room|[of] p1b: Farigiraf\n|\n|upkeep\n|turn|2\n|\n|t:|1771169128\n|move|p1b: Farigiraf|Hyper Voice|p2b: Hammurabi|[spread] p2a,p2b\n|-resisted|p2b: Hammurabi\n|-damage|p2a: I will survive!|46/100\n|-damage|p2b: Hammurabi|85/100\n|-enditem|p1b: Farigiraf|Throat Spray\n|-boost|p1b: Farigiraf|spa|1|[from] item: Throat Spray\n|move|p1a: Iron Hands|Close Combat|p2b: Hammurabi\n|-damage|p2b: Hammurabi|27/100\n|-unboost|p1a: Iron Hands|def|1\n|-unboost|p1a: Iron Hands|spd|1\n|move|p2b: Hammurabi|Psychic Fangs|p1a: Iron Hands\n|-supereffective|p1a: Iron Hands\n|-damage|p1a: Iron Hands|0 fnt\n|faint|p1a: Iron Hands\n|-end|p1a: Iron Hands|Quark Drive|[silent]\n|move|p2a: I will survive!|Pollen Puff|p1b: Farigiraf\n|-supereffective|p1b: Farigiraf\n|-damage|p1b: Farigiraf|30/100\n|\n|upkeep\n|\n|t:|1771169140\n|switch|p1a: Torkoal|Torkoal, F|100/100\n|-weather|SunnyDay|[from] ability: Drought|[of] p1a: Torkoal\n|turn|3\n|\n|t:|1771169180\n|-terastallize|p1a: Torkoal|Fire\n|move|p2a: I will survive!|Protect|p2a: I will survive!\n|-singleturn|p2a: I will survive!|Protect\n|move|p1a: Torkoal|Eruption|p2b: Hammurabi|[spread] p2b\n|-activate|p2a: I will survive!|move: Protect\n|-supereffective|p2b: Hammurabi\n|-damage|p2b: Hammurabi|0 fnt\n|faint|p2b: Hammurabi\n|move|p1b: Farigiraf|Hyper Voice|p2a: I will survive!\n|-activate|p2a: I will survive!|move: Protect\n|\n|-weather|SunnyDay|[upkeep]\n|upkeep\n|\n|t:|1771169200\n|switch|p2b: Drink water|Ogerpon-Wellspring, F|100/100\n|turn|4\n|\n|t:|1771169206\n|switch|p2a: Shameless cat|Incineroar, M, shiny|100/100\n|-ability|p2a: Shameless cat|Intimidate|boost\n|-unboost|p1a: Torkoal|atk|1\n|-unboost|p1b: Farigiraf|atk|1\n|-terastallize|p2b: Drink water|Water\n|detailschange|p2b: Drink water|Ogerpon-Wellspring-Tera, F, tera:Water\n|-ability|p2b: Drink water|Embody Aspect (Wellspring)|boost\n|-boost|p2b: Drink water|spd|1\n|move|p1a: Torkoal|Eruption|p2a: Shameless cat|[spread] p2a,p2b\n|-resisted|p2a: Shameless cat\n|-resisted|p2b: Drink water\n|-damage|p2a: Shameless cat|59/100\n|-damage|p2b: Drink water|63/100\n|move|p1b: Farigiraf|Hyper Voice|p2a: Shameless cat|[spread] p2a,p2b\n|-crit|p2b: Drink water\n|-damage|p2a: Shameless cat|23/100\n|-damage|p2b: Drink water|0 fnt\n|-enditem|p2a: Shameless cat|Sitrus Berry|[eat]\n|-heal|p2a: Shameless cat|48/100|[from] item: Sitrus Berry\n|faint|p2b: Drink water\n|detailschange|p2: Drink water|Ogerpon-Wellspring, F|[silent]\n|\n|-weather|SunnyDay|[upkeep]\n|upkeep\n|j| LeonXmg7\n|c|☆ustat|Crit\n|inactive|Battle timer is ON: inactive players will automatically lose when time's up. (requested by Jirf_1002)\n|c|☆ustat|Crit\n|c|☆ustat|That hurts\n|\n|t:|1771169241\n|switch|p2b: I will survive!|Ribombee, F|46/100\n|turn|5\n|\n|t:|1771169251\n|move|p2b: I will survive!|Protect|p2b: I will survive!\n|-singleturn|p2b: I will survive!|Protect\n|move|p1a: Torkoal|Earth Power|p2a: Shameless cat\n|-supereffective|p2a: Shameless cat\n|-damage|p2a: Shameless cat|8/100\n|move|p1b: Farigiraf|Hyper Voice|p2a: Shameless cat|[spread] p2a\n|-activate|p2b: I will survive!|move: Protect\n|-damage|p2a: Shameless cat|0 fnt\n|faint|p2a: Shameless cat\n|\n|-weather|SunnyDay|[upkeep]\n|-fieldend|move: Trick Room\n|upkeep\n|\n|t:|1771169261\n|switch|p2a: Kumru's Favorite|Regidrago|100/100\n|turn|6\n|\n|t:|1771169275\n|move|p2b: I will survive!|Tailwind|p2b: I will survive!\n|-sidestart|p2: ustat|move: Tailwind\n|move|p2a: Kumru's Favorite|Dragon Energy|p1a: Torkoal|[spread] p1a,p1b\n|-damage|p1a: Torkoal|0 fnt\n|-damage|p1b: Farigiraf|0 fnt\n|faint|p1a: Torkoal\n|faint|p1b: Farigiraf\n|\n|-weather|SunnyDay|[upkeep]\n|upkeep\n|\n|t:|1771169283\n|switch|p1b: Ogerpon|Ogerpon-Cornerstone, F|100/100\n|switch|p1a: Chi-Yu|Chi-Yu|100/100\n|-ability|p1a: Chi-Yu|Beads of Ruin\n|turn|7\n|\n|t:|1771169291\n|move|p2b: I will survive!|Moonblast|p1b: Ogerpon\n|-damage|p1b: Ogerpon|37/100\n|move|p2a: Kumru's Favorite|Dragon Energy|p1b: Ogerpon|[spread] p1a,p1b\n|-damage|p1a: Chi-Yu|0 fnt\n|-damage|p1b: Ogerpon|0 fnt\n|faint|p1a: Chi-Yu\n|faint|p1b: Ogerpon\n|\n|-weather|none\n|upkeep\n|\n|t:|1771169298\n|switch|p1b: Walking Wake|Walking Wake|100/100\n|turn|8\n|-message|Jirf_1002 forfeited.\n|\n|win|ustat\n|raw|Jirf_1002's rating: 1663 &rarr; <strong>1643</strong><br />(-20 for losing)\n|raw|ustat's rating: 1657 &rarr; <strong>1677</strong><br />(+20 for winning)\n|l|☆Jirf_1002\n|player|p1|\n|l| LeonXmg7\n|l|☆ustat\n|player|p2|\n", "uploadtime": 1771169480, "views": 11, "formatid": "gen9doublesou", "rating": 1643, "private": 0, "password": null}