{"id": "gen9doublesou-2540497452", "format": "[Gen 9] Doubles OU", "players": ["lucus27", "drapionelectivire"], "log": "|badge|p2|silver|gen9doublesou|30-8\n|uhtml|medal-msg|<div class=\"broadcast-blue\">Curious what those medals under the avatar are? PS now has Ladder Seasons! For more information, check out the <a href=\"https://www.smogon.com/forums/threads/3740067/\">thread on Smogon.</a></div>\n|j|☆lucus27\n|j|☆drapionelectivire\n|t:|1771209419\n|gametype|doubles\n|player|p1|lucus27|lucas|1685\n|player|p2|drapionelectivire|2|1838\n|gen|9\n|tier|[Gen 9] Doubles OU\n|rated|\n|rule|HP Percentage Mod: HP is shown in percentages\n|rule|Endless Battle Clause: Forcing endless battles is banned\n|rule|Species Clause: Limit one of each Pokémon\n|rule|OHKO Clause: OHKO moves are banned\n|rule|Evasion Moves Clause: Evasion moves are banned\n|rule|Gravity Sleep Clause: The combination of sleep-inducing moves with imperfect accuracy and Gravity or Gigantamax Orbeetle are banned\n|rule|Evasion Abilities Clause: Evasion abilities are banned\n|clearpoke\n|poke|p1|Hydreigon, M|\n|poke|p1|Goodra-Hisui, F|\n|poke|p1|Ninetales-Alola, F|\n|poke|p1|Gastrodon-East, F|\n|poke|p1|Corviknight, F|\n|poke|p1|Tauros-Paldea-Blaze, M|\n|poke|p2|Torkoal, M|\n|poke|p2|Lilligant-Hisui, F|\n|poke|p2|Farigiraf, F|\n|poke|p2|Raging Bolt|\n|poke|p2|Walking Wake|\n|poke|p2|Typhlosion-Hisui, F|\n|teampreview\n|inactive|Battle timer is ON: inactive players will automatically lose when time's up. (requested by drapionelectivire)\n|\n|t:|1771209438\n|teamsize|p1|6\n|teamsize|p2|6\n|start\n|switch|p1a: Goodra|Goodra-Hisui, F|100/100\n|switch|p1b: Tauros|Tauros-Paldea-Blaze, M|100/100\n|switch|p2a: Torkoal|Torkoal, M|100/100\n|switch|p2b: Walking Wake|Walking Wake|100/100\n|-ability|p1b: Tauros|Intimidate|boost\n|-unboost|p2a: Torkoal|atk|1\n|-unboost|p2b: Walking Wake|atk|1\n|-weather|SunnyDay|[from] ability: Drought|[of] p2a: Torkoal\n|-activate|p2b: Walking Wake|ability: Protosynthesis\n|-start|p2b: Walking Wake|protosynthesisspe\n|turn|1\n|\n|t:|1771209457\n|switch|p1b: Gastrodon|Gastrodon-East, F|100/100\n|move|p2b: Walking Wake|Protect|p2b: Walking Wake\n|-singleturn|p2b: Walking Wake|Protect\n|move|p1a: Goodra|Dragon Pulse|p2b: Walking Wake\n|-activate|p2b: Walking Wake|move: Protect\n|move|p2a: Torkoal|Stealth Rock|p1a: Goodra\n|-sidestart|p1: lucus27|move: Stealth Rock\n|\n|-weather|SunnyDay|[upkeep]\n|upkeep\n|turn|2\n|\n|t:|1771209478\n|move|p2b: Walking Wake|Draco Meteor|p1b: Gastrodon\n|-damage|p1b: Gastrodon|24/100\n|-unboost|p2b: Walking Wake|spa|2\n|-damage|p2b: Walking Wake|91/100|[from] item: Life Orb\n|move|p1a: Goodra|Dragon Pulse|p2b: Walking Wake\n|-supereffective|p2b: Walking Wake\n|-damage|p2b: Walking Wake|0 fnt\n|faint|p2b: Walking Wake\n|-end|p2b: Walking Wake|Protosynthesis|[silent]\n|move|p1b: Gastrodon|Earth Power|p2a: Torkoal\n|-supereffective|p2a: Torkoal\n|-damage|p2a: Torkoal|3/100\n|move|p2a: Torkoal|Heat Wave|p1a: Goodra|[spread] p1a,p1b\n|-resisted|p1b: Gastrodon\n|-damage|p1a: Goodra|80/100\n|-damage|p1b: Gastrodon|1/100\n|\n|-weather|SunnyDay|[upkeep]\n|upkeep\n|inactive|drapionelectivire has 120 seconds left.\n|\n|t:|1771209496\n|switch|p2b: Lilligant|Lilligant-Hisui, F, shiny|100/100\n|turn|3\n|-activate|p1b: Gastrodon|item: Quick Claw\n|\n|t:|1771209512\n|switch|p2a: Farigiraf|Farigiraf, F|100/100\n|move|p1b: Gastrodon|Protect|p1b: Gastrodon\n|-singleturn|p1b: Gastrodon|Protect\n|move|p2b: Lilligant|Close Combat|p1a: Goodra\n|-supereffective|p1a: Goodra\n|-damage|p1a: Goodra|0 fnt\n|-unboost|p2b: Lilligant|def|1\n|-unboost|p2b: Lilligant|spd|1\n|faint|p1a: Goodra\n|\n|-weather|SunnyDay|[upkeep]\n|upkeep\n|\n|t:|1771209521\n|switch|p1a: Corviknight|Corviknight, F, shiny|100/100\n|-damage|p1a: Corviknight|88/100|[from] Stealth Rock\n|turn|4\n|\n|t:|1771209538\n|move|p2b: Lilligant|Sleep Powder|p1a: Corviknight\n|-status|p1a: Corviknight|slp|[from] move: Sleep Powder\n|cant|p1a: Corviknight|slp\n|move|p2a: Farigiraf|Hyper Voice|p1a: Corviknight|[spread] p1a,p1b\n|-resisted|p1a: Corviknight\n|-damage|p1a: Corviknight|70/100 slp\n|-damage|p1b: Gastrodon|0 fnt\n|faint|p1b: Gastrodon\n|-enditem|p2a: Farigiraf|Throat Spray\n|-boost|p2a: Farigiraf|spa|1|[from] item: Throat Spray\n|\n|-weather|SunnyDay|[upkeep]\n|upkeep\n|\n|t:|1771209548\n|switch|p1b: Ninetales|Ninetales-Alola, F, shiny|100/100\n|-damage|p1b: Ninetales|76/100|[from] Stealth Rock\n|-weather|Snowscape|[from] ability: Snow Warning|[of] p1b: Ninetales\n|turn|5\n|\n|t:|1771209564\n|move|p2b: Lilligant|Sleep Powder|p1b: Ninetales\n|-status|p1b: Ninetales|slp|[from] move: Sleep Powder\n|cant|p1b: Ninetales|slp\n|-curestatus|p1a: Corviknight|slp|[msg]\n|move|p1a: Corviknight|Brave Bird|p2b: Lilligant\n|-supereffective|p2b: Lilligant\n|-enditem|p2b: Lilligant|Focus Sash\n|-damage|p2b: Lilligant|1/100\n|-damage|p1a: Corviknight|41/100|[from] Recoil\n|move|p2a: Farigiraf|Hyper Voice|p1b: Ninetales|[spread] p1a,p1b\n|-resisted|p1a: Corviknight\n|-damage|p1a: Corviknight|17/100\n|-damage|p1b: Ninetales|33/100 slp\n|\n|-weather|Snowscape|[upkeep]\n|upkeep\n|turn|6\n|\n|t:|1771209583\n|switch|p2b: Torkoal|Torkoal, M|3/100\n|-weather|SunnyDay|[from] ability: Drought|[of] p2b: Torkoal\n|-curestatus|p1b: Ninetales|slp|[msg]\n|move|p1b: Ninetales|Blizzard|p2a: Farigiraf|[spread] p2a,p2b\n|-resisted|p2b: Torkoal\n|-damage|p2a: Farigiraf|69/100\n|-damage|p2b: Torkoal|0 fnt\n|faint|p2b: Torkoal\n|move|p1a: Corviknight|Defog|p2a: Farigiraf\n|-unboost|p2a: Farigiraf|evasion|1\n|-sideend|p1: lucus27|Stealth Rock|[from] move: Defog|[of] p1a: Corviknight\n|move|p2a: Farigiraf|Hyper Voice|p1b: Ninetales|[spread] p1a,p1b\n|-resisted|p1a: Corviknight\n|-damage|p1a: Corviknight|0 fnt\n|-damage|p1b: Ninetales|0 fnt\n|faint|p1a: Corviknight\n|faint|p1b: Ninetales\n|\n|-weather|SunnyDay|[upkeep]\n|upkeep\n|inactive|drapionelectivire has 120 seconds left.\n|\n|t:|1771209621\n|switch|p1b: Tauros|Tauros-Paldea-Blaze, M|100/100\n|switch|p1a: Hydreigon|Hydreigon, M|100/100\n|switch|p2b: Typhlosion|Typhlosion-Hisui, F|100/100\n|-ability|p1b: Tauros|Intimidate|boost\n|-unboost|p2a: Farigiraf|atk|1\n|-unboost|p2b: Typhlosion|atk|1\n|turn|7\n|inactive|drapionelectivire has 120 seconds left.\n|\n|t:|1771209632\n|move|p1b: Tauros|Protect|p1b: Tauros\n|-singleturn|p1b: Tauros|Protect\n|move|p2b: Typhlosion|Eruption|p1b: Tauros|[spread] p1a\n|-activate|p1b: Tauros|move: Protect\n|-resisted|p1a: Hydreigon\n|-damage|p1a: Hydreigon|63/100\n|move|p1a: Hydreigon|Snarl|p2b: Typhlosion|[spread] p2a,p2b\n|-supereffective|p2a: Farigiraf\n|-supereffective|p2b: Typhlosion\n|-damage|p2a: Farigiraf|25/100\n|-damage|p2b: Typhlosion|45/100\n|-unboost|p2a: Farigiraf|spa|1\n|-unboost|p2b: Typhlosion|spa|1\n|move|p2a: Farigiraf|Dazzling Gleam|p1b: Tauros|[spread] p1a\n|-activate|p1b: Tauros|move: Protect\n|-supereffective|p1a: Hydreigon\n|-damage|p1a: Hydreigon|0 fnt\n|faint|p1a: Hydreigon\n|\n|-weather|SunnyDay|[upkeep]\n|upkeep\n|turn|8\n|inactive|drapionelectivire has 120 seconds left.\n|\n|t:|1771209673\n|move|p2b: Typhlosion|Eruption|p1b: Tauros\n|-resisted|p1b: Tauros\n|-damage|p1b: Tauros|81/100\n|move|p1b: Tauros|Rock Slide|p2b: Typhlosion|[spread] p2a,p2b\n|-supereffective|p2b: Typhlosion\n|-damage|p2a: Farigiraf|5/100\n|-damage|p2b: Typhlosion|0 fnt\n|faint|p2b: Typhlosion\n|cant|p2a: Farigiraf|flinch\n|\n|-weather|SunnyDay|[upkeep]\n|upkeep\n|\n|t:|1771209687\n|switch|p2b: Lilligant|Lilligant-Hisui, F, shiny|1/100\n|turn|9\n|inactive|drapionelectivire has 120 seconds left.\n|\n|t:|1771209699\n|-terastallize|p1b: Tauros|Grass\n|move|p2b: Lilligant|After You|p2a: Farigiraf\n|-activate|p2a: Farigiraf|move: After You\n|move|p2a: Farigiraf|Psychic|p1b: Tauros\n|-damage|p1b: Tauros|27/100\n|move|p1b: Tauros|Rock Slide|p2a: Farigiraf|[spread] p2a,p2b\n|-resisted|p2b: Lilligant\n|-damage|p2a: Farigiraf|0 fnt\n|-damage|p2b: Lilligant|0 fnt\n|faint|p2a: Farigiraf\n|faint|p2b: Lilligant\n|\n|-weather|SunnyDay|[upkeep]\n|upkeep\n|\n|t:|1771209713\n|switch|p2a: Raging Bolt|Raging Bolt|100/100\n|-activate|p2a: Raging Bolt|ability: Protosynthesis\n|-start|p2a: Raging Bolt|protosynthesisspa\n|turn|10\n|\n|t:|1771209719\n|move|p1b: Tauros|Protect|p1b: Tauros\n|-singleturn|p1b: Tauros|Protect\n|move|p2a: Raging Bolt|Protect||[still]\n|-fail|p2a: Raging Bolt\n|\n|-weather|SunnyDay|[upkeep]\n|upkeep\n|turn|11\n|\n|t:|1771209743\n|-terastallize|p2a: Raging Bolt|Fairy\n|move|p1b: Tauros|Rock Slide|p2a: Raging Bolt\n|-damage|p2a: Raging Bolt|81/100\n|move|p2a: Raging Bolt|Tera Blast|p1b: Tauros|[anim] Tera Blast Fairy\n|-damage|p1b: Tauros|0 fnt\n|faint|p1b: Tauros\n|\n|win|drapionelectivire\n|raw|lucus27's rating: 1685 &rarr; <strong>1673</strong><br />(-12 for losing)\n|raw|drapionelectivire's rating: 1838 &rarr; <strong>1850</strong><br />(+12 for winning)\n|l|☆lucus27\n|player|p1|\n|l|☆drapionelectivire\n|player|p2|\n", "uploadtime": 1771209967, "views": 14, "formatid": "gen9doublesou", "rating": 1673, "private": 0, "password": null}