{"id": "gen9doublesou-2539992993", "format": "[Gen 9] Doubles OU", "players": ["natty dice", "lxq74477"], "log": "|j|☆natty dice\n|j|☆lxq74477\n|t:|1771140203\n|gametype|doubles\n|player|p1|natty dice|bugcatcher-gen4dp|1505\n|player|p2|lxq74477|265|1598\n|gen|9\n|tier|[Gen 9] Doubles OU\n|rated|\n|rule|HP Percentage Mod: HP is shown in percentages\n|rule|Endless Battle Clause: Forcing endless battles is banned\n|rule|Species Clause: Limit one of each Pokémon\n|rule|OHKO Clause: OHKO moves are banned\n|rule|Evasion Moves Clause: Evasion moves are banned\n|rule|Gravity Sleep Clause: The combination of sleep-inducing moves with imperfect accuracy and Gravity or Gigantamax Orbeetle are banned\n|rule|Evasion Abilities Clause: Evasion abilities are banned\n|clearpoke\n|poke|p1|Moltres-Galar|\n|poke|p1|Pelipper, M|\n|poke|p1|Garchomp, M|\n|poke|p1|Sinistcha|\n|poke|p1|Mew|\n|poke|p1|Kleavor, F|\n|poke|p2|Dragonite, F|\n|poke|p2|Heatran, M|\n|poke|p2|Gholdengo|\n|poke|p2|Tyranitar, M|\n|poke|p2|Rillaboom, F|\n|poke|p2|Incineroar, M|\n|teampreview\n|inactive|Battle timer is ON: inactive players will automatically lose when time's up. (requested by lxq74477)\n|j| lllllkkkkk\n|inactive|lxq74477 has 120 seconds left.\n|\n|t:|1771140238\n|teamsize|p1|6\n|teamsize|p2|6\n|start\n|switch|p1a: Kleavor|Kleavor, F|100/100\n|switch|p1b: Pelipper|Pelipper, M|100/100\n|switch|p2a: Gholdengo|Gholdengo|100/100\n|switch|p2b: Tyranitar|Tyranitar, M|100/100\n|-weather|RainDance|[from] ability: Drizzle|[of] p1b: Pelipper\n|-weather|Sandstorm|[from] ability: Sand Stream|[of] p2b: Tyranitar\n|turn|1\n|inactive|natty dice has 120 seconds left.\n|inactive|natty dice has 90 seconds left.\n|\n|t:|1771140323\n|move|p1a: Kleavor|X-Scissor|p2b: Tyranitar\n|-supereffective|p2b: Tyranitar\n|-damage|p2b: Tyranitar|0 fnt\n|faint|p2b: Tyranitar\n|-damage|p1a: Kleavor|91/100|[from] item: Life Orb\n|move|p2a: Gholdengo|Nasty Plot|p2a: Gholdengo\n|-boost|p2a: Gholdengo|spa|2\n|move|p1b: Pelipper|Tailwind|p1b: Pelipper\n|-sidestart|p1: natty dice|move: Tailwind\n|\n|-weather|Sandstorm|[upkeep]\n|-damage|p1b: Pelipper|94/100|[from] Sandstorm\n|upkeep\n|inactive|lxq74477 has 120 seconds left.\n|\n|t:|1771140338\n|switch|p2b: Rillaboom|Rillaboom, F|100/100\n|-fieldstart|move: Grassy Terrain|[from] ability: Grassy Surge|[of] p2b: Rillaboom\n|turn|2\n|\n|t:|1771140349\n|move|p1b: Pelipper|Wide Guard|p1b: Pelipper\n|-singleturn|p1b: Pelipper|Wide Guard\n|move|p1a: Kleavor|X-Scissor|p2b: Rillaboom\n|-supereffective|p2b: Rillaboom\n|-damage|p2b: Rillaboom|0 fnt\n|faint|p2b: Rillaboom\n|-damage|p1a: Kleavor|81/100|[from] item: Life Orb\n|move|p2a: Gholdengo|Shadow Ball|p1b: Pelipper\n|-damage|p1b: Pelipper|0 fnt\n|faint|p1b: Pelipper\n|\n|-weather|Sandstorm|[upkeep]\n|-heal|p1a: Kleavor|87/100|[from] Grassy Terrain\n|upkeep\n|inactive|natty dice has 90 seconds left.\n|inactive|lxq74477 has 120 seconds left.\n|\n|t:|1771140373\n|switch|p2b: Heatran|Heatran, M|100/100\n|switch|p1b: Moltres|Moltres-Galar|100/100\n|turn|3\n|\n|t:|1771140384\n|move|p1b: Moltres|Fiery Wrath|p2a: Gholdengo|[spread] p2a,p2b\n|-supereffective|p2a: Gholdengo\n|-damage|p2a: Gholdengo|44/100\n|-damage|p2b: Heatran|85/100\n|move|p1a: Kleavor|Stone Axe|p2b: Heatran\n|-damage|p2b: Heatran|28/100\n|-sidestart|p2: lxq74477|move: Stealth Rock\n|-damage|p1a: Kleavor|77/100|[from] item: Life Orb\n|move|p2a: Gholdengo|Make It Rain|p1b: Moltres|[spread] p1a,p1b\n|-supereffective|p1a: Kleavor\n|-damage|p1a: Kleavor|0 fnt\n|-damage|p1b: Moltres|16/100\n|-unboost|p2a: Gholdengo|spa|1\n|faint|p1a: Kleavor\n|-ability|p1b: Moltres|Berserk|boost\n|-boost|p1b: Moltres|spa|1\n|move|p2b: Heatran|Heat Wave|p1b: Moltres\n|-damage|p1b: Moltres|0 fnt\n|faint|p1b: Moltres\n|\n|-weather|Sandstorm|[upkeep]\n|-heal|p2a: Gholdengo|50/100|[from] Grassy Terrain\n|-heal|p2a: Gholdengo|57/100|[from] item: Leftovers\n|-heal|p2b: Heatran|35/100|[from] Grassy Terrain\n|upkeep\n|\n|t:|1771140399\n|switch|p1b: Mew|Mew|100/100\n|switch|p1a: Garchomp|Garchomp, M|100/100\n|turn|4\n|inactive|lxq74477 has 120 seconds left.\n|\n|t:|1771140441\n|switch|p2b: Dragonite|Dragonite, F|100/100\n|-damage|p2b: Dragonite|76/100|[from] Stealth Rock\n|move|p2a: Gholdengo|Protect|p2a: Gholdengo\n|-singleturn|p2a: Gholdengo|Protect\n|move|p1a: Garchomp|Earthquake|p2b: Dragonite|[spread] p1b\n|-activate|p2a: Gholdengo|move: Protect\n|-immune|p2b: Dragonite\n|-damage|p1b: Mew|83/100\n|-enditem|p1b: Mew|Red Card|[of] p1a: Garchomp\n|drag|p1a: Sinistcha|Sinistcha|100/100\n|-heal|p1b: Mew|100/100|[from] ability: Hospitality|[of] p1a: Sinistcha\n|move|p1b: Mew|Life Dew||[still]|[still]|[spread] \n|-fail|p1a: Sinistcha|heal\n|-fail|p1b: Mew|heal\n|\n|-weather|Sandstorm|[upkeep]\n|-damage|p1b: Mew|94/100|[from] Sandstorm\n|-damage|p1a: Sinistcha|95/100|[from] Sandstorm\n|-damage|p2b: Dragonite|69/100|[from] Sandstorm\n|-heal|p1b: Mew|100/100|[from] Grassy Terrain\n|-heal|p1a: Sinistcha|100/100|[from] Grassy Terrain\n|-heal|p2a: Gholdengo|63/100|[from] Grassy Terrain\n|-heal|p2a: Gholdengo|69/100|[from] item: Leftovers\n|-sideend|p1: natty dice|move: Tailwind\n|upkeep\n|turn|5\n|inactive|lxq74477 has 120 seconds left.\n|inactive|natty dice has 120 seconds left.\n|\n|t:|1771140484\n|-terastallize|p1a: Sinistcha|Fire\n|move|p1b: Mew|Psychic Fangs|p2b: Dragonite\n|-crit|p2b: Dragonite\n|-damage|p2b: Dragonite|20/100\n|move|p1a: Sinistcha|Shadow Ball|p2a: Gholdengo\n|-supereffective|p2a: Gholdengo\n|-damage|p2a: Gholdengo|0 fnt\n|faint|p2a: Gholdengo\n|move|p2b: Dragonite|Scale Shot|p1a: Sinistcha\n|-damage|p1a: Sinistcha|84/100\n|-damage|p1a: Sinistcha|67/100\n|-damage|p1a: Sinistcha|51/100\n|-damage|p1a: Sinistcha|33/100\n|-enditem|p1a: Sinistcha|Sitrus Berry|[eat]\n|-heal|p1a: Sinistcha|58/100|[from] item: Sitrus Berry\n|-hitcount|p1a: Sinistcha|4\n|-unboost|p2b: Dragonite|def|1\n|-boost|p2b: Dragonite|spe|1\n|\n|-weather|none\n|-heal|p1a: Sinistcha|64/100|[from] Grassy Terrain\n|upkeep\n|inactive|lxq74477 has 90 seconds left.\n|\n|t:|1771140507\n|switch|p2a: Heatran|Heatran, M|35/100\n|-damage|p2a: Heatran|22/100|[from] Stealth Rock\n|turn|6\n|inactive|lxq74477 has 90 seconds left.\n|\n|t:|1771140532\n|move|p2b: Dragonite|Scale Shot|p1a: Sinistcha\n|-damage|p1a: Sinistcha|48/100\n|-damage|p1a: Sinistcha|29/100\n|-damage|p1a: Sinistcha|12/100\n|-damage|p1a: Sinistcha|0 fnt\n|faint|p1a: Sinistcha\n|-hitcount|p1: Sinistcha|4\n|-unboost|p2b: Dragonite|def|1\n|-boost|p2b: Dragonite|spe|1\n|move|p1b: Mew|Psychic Fangs|p2a: Heatran\n|-resisted|p2a: Heatran\n|-damage|p2a: Heatran|7/100\n|move|p2a: Heatran|Flash Cannon|p1b: Mew\n|-damage|p1b: Mew|63/100\n|\n|-heal|p1b: Mew|69/100|[from] Grassy Terrain\n|-heal|p2a: Heatran|14/100|[from] Grassy Terrain\n|-fieldend|move: Grassy Terrain\n|upkeep\n|\n|t:|1771140543\n|switch|p1a: Garchomp|Garchomp, M|100/100\n|turn|7\n|\n|t:|1771140556\n|move|p1a: Garchomp|Protect|p1a: Garchomp\n|-singleturn|p1a: Garchomp|Protect\n|move|p2b: Dragonite|Scale Shot|p1a: Garchomp\n|-activate|p1a: Garchomp|move: Protect\n|move|p1b: Mew|Psychic Fangs|p2b: Dragonite\n|-damage|p2b: Dragonite|0 fnt\n|faint|p2b: Dragonite\n|move|p2a: Heatran|Flamethrower|p1b: Mew\n|-damage|p1b: Mew|24/100\n|\n|upkeep\n|\n|t:|1771140569\n|switch|p2b: Incineroar|Incineroar, M|100/100\n|-damage|p2b: Incineroar|76/100|[from] Stealth Rock\n|-ability|p2b: Incineroar|Intimidate|boost\n|-unboost|p1a: Garchomp|atk|1\n|-unboost|p1b: Mew|atk|1\n|turn|8\n|inactive|lxq74477 has 120 seconds left.\n|\n|t:|1771140591\n|-terastallize|p2b: Incineroar|Bug\n|move|p1a: Garchomp|Earthquake|p2b: Incineroar|[spread] p1b,p2a,p2b\n|-supereffective|p2a: Heatran\n|-resisted|p2b: Incineroar\n|-damage|p1b: Mew|1/100\n|-damage|p2a: Heatran|0 fnt\n|-damage|p2b: Incineroar|63/100\n|faint|p2a: Heatran\n|move|p1b: Mew|Coaching|p1a: Garchomp\n|-boost|p1a: Garchomp|atk|1\n|-boost|p1a: Garchomp|def|1\n|move|p2b: Incineroar|Knock Off|p1a: Garchomp\n|-damage|p1a: Garchomp|67/100\n|-damage|p2b: Incineroar|51/100|[from] ability: Rough Skin|[of] p1a: Garchomp\n|-damage|p2b: Incineroar|35/100|[from] item: Rocky Helmet|[of] p1a: Garchomp\n|-enditem|p1a: Garchomp|Rocky Helmet|[from] move: Knock Off|[of] p2b: Incineroar\n|\n|upkeep\n|turn|9\n|inactive|lxq74477 has 120 seconds left.\n|-message|lxq74477 forfeited.\n|\n|win|natty dice\n|raw|natty dice's rating: 1505 &rarr; <strong>1530</strong><br />(+25 for winning)\n|raw|lxq74477's rating: 1598 &rarr; <strong>1573</strong><br />(-25 for losing)\n|l|☆lxq74477\n|player|p2|\n|l|☆natty dice\n|player|p1|\n", "uploadtime": 1771141013, "views": 19, "formatid": "gen9doublesou", "rating": 1530, "private": 0, "password": null}