{"id": "gen9doublesou-2539896364", "format": "[Gen 9] Doubles OU", "players": ["Dancindragons", "inakunana"], "log": "|badge|p2|silver|gen9doublesou|30-8\n|uhtml|medal-msg|<div class=\"broadcast-blue\">Curious what those medals under the avatar are? PS now has Ladder Seasons! For more information, check out the <a href=\"https://www.smogon.com/forums/threads/3740067/\">thread on Smogon.</a></div>\n|j|☆Dancindragons\n|j|☆inakunana\n|t:|1771123876\n|gametype|doubles\n|player|p1|Dancindragons|169|1712\n|player|p2|inakunana|erika|1741\n|gen|9\n|tier|[Gen 9] Doubles OU\n|rated|\n|rule|HP Percentage Mod: HP is shown in percentages\n|rule|Endless Battle Clause: Forcing endless battles is banned\n|rule|Species Clause: Limit one of each Pokémon\n|rule|OHKO Clause: OHKO moves are banned\n|rule|Evasion Moves Clause: Evasion moves are banned\n|rule|Gravity Sleep Clause: The combination of sleep-inducing moves with imperfect accuracy and Gravity or Gigantamax Orbeetle are banned\n|rule|Evasion Abilities Clause: Evasion abilities are banned\n|clearpoke\n|poke|p1|Hatterene, F|\n|poke|p1|Brute Bonnet|\n|poke|p1|Hoopa-Unbound|\n|poke|p1|Ursaluna, M|\n|poke|p1|Indeedee-F, F|\n|poke|p1|Volcanion|\n|poke|p2|Moltres-Galar|\n|poke|p2|Sinistcha|\n|poke|p2|Ursaluna, M|\n|poke|p2|Incineroar, M|\n|poke|p2|Roaring Moon|\n|poke|p2|Gholdengo|\n|teampreview\n|inactive|Battle timer is ON: inactive players will automatically lose when time's up. (requested by inakunana)\n|\n|t:|1771123895\n|teamsize|p1|6\n|teamsize|p2|6\n|start\n|switch|p1a: Hoopa|Hoopa-Unbound|100/100\n|switch|p1b: Indeedee|Indeedee-F, F|100/100\n|switch|p2a: Sinistcha|Sinistcha|100/100\n|switch|p2b: Ursaluna|Ursaluna, M|100/100\n|-fieldstart|move: Psychic Terrain|[from] ability: Psychic Surge|[of] p1b: Indeedee\n|-enditem|p1a: Hoopa|Psychic Seed\n|-boost|p1a: Hoopa|spd|1|[from] item: Psychic Seed\n|turn|1\n|\n|t:|1771123907\n|move|p1b: Indeedee|Dazzling Gleam|p2a: Sinistcha|[spread] p2a,p2b\n|-damage|p2a: Sinistcha|87/100\n|-damage|p2b: Ursaluna|89/100\n|move|p1a: Hoopa|Dark Pulse|p2a: Sinistcha\n|-supereffective|p2a: Sinistcha\n|-damage|p2a: Sinistcha|0 fnt\n|faint|p2a: Sinistcha\n|-item|p1a: Hoopa|Sitrus Berry|[from] ability: Magician|[of] p2: Sinistcha\n|move|p2b: Ursaluna|Facade|p1a: Hoopa\n|-damage|p1a: Hoopa|40/100\n|-enditem|p1a: Hoopa|Sitrus Berry|[eat]\n|-heal|p1a: Hoopa|65/100|[from] item: Sitrus Berry\n|\n|-status|p2b: Ursaluna|brn|[from] item: Flame Orb\n|upkeep\n|\n|t:|1771123917\n|switch|p2a: Moltres|Moltres-Galar|100/100\n|turn|2\n|\n|t:|1771123930\n|move|p2a: Moltres|Fiery Wrath|p1a: Hoopa|[spread] p1a,p1b\n|-supereffective|p1b: Indeedee\n|-damage|p1a: Hoopa|51/100\n|-damage|p1b: Indeedee|65/100\n|move|p1a: Hoopa|Expanding Force|p2a: Moltres|[spread] p2b\n|-immune|p2a: Moltres\n|-damage|p2b: Ursaluna|16/100 brn\n|-item|p1a: Hoopa|Flame Orb|[from] ability: Magician|[of] p2b: Ursaluna\n|move|p2b: Ursaluna|Earthquake|p1b: Indeedee|[spread] p1a,p1b\n|-immune|p2a: Moltres\n|-damage|p1a: Hoopa|0 fnt\n|-damage|p1b: Indeedee|0 fnt\n|faint|p1a: Hoopa\n|faint|p1b: Indeedee\n|\n|-damage|p2b: Ursaluna|10/100 brn|[from] brn\n|upkeep\n|\n|t:|1771123950\n|switch|p1b: Hatterene|Hatterene, F|100/100\n|switch|p1a: Brute Bonnet|Brute Bonnet|100/100\n|turn|3\n|\n|t:|1771123959\n|move|p2a: Moltres|Fiery Wrath|p1a: Brute Bonnet|[spread] p1a,p1b\n|-resisted|p1a: Brute Bonnet\n|-damage|p1a: Brute Bonnet|90/100\n|-damage|p1b: Hatterene|72/100\n|move|p1a: Brute Bonnet|Seed Bomb|p2b: Ursaluna\n|-supereffective|p2b: Ursaluna\n|-damage|p2b: Ursaluna|0 fnt\n|faint|p2b: Ursaluna\n|move|p1b: Hatterene|Trick Room|p1b: Hatterene\n|-fieldstart|move: Trick Room|[of] p1b: Hatterene\n|\n|upkeep\n|\n|t:|1771123966\n|switch|p2b: Incineroar|Incineroar, M|100/100\n|-ability|p2b: Incineroar|Intimidate|boost\n|-unboost|p1a: Brute Bonnet|atk|1\n|-unboost|p1b: Hatterene|atk|1\n|turn|4\n|\n|t:|1771123973\n|switch|p2b: Gholdengo|Gholdengo|100/100\n|move|p2a: Moltres|Protect|p2a: Moltres\n|-singleturn|p2a: Moltres|Protect\n|move|p1b: Hatterene|Dazzling Gleam|p2a: Moltres|[spread] p2b\n|-activate|p2a: Moltres|move: Protect\n|-resisted|p2b: Gholdengo\n|-damage|p2b: Gholdengo|82/100\n|move|p1a: Brute Bonnet|Spore|p2b: Gholdengo\n|-immune|p2b: Gholdengo|[from] ability: Good as Gold\n|\n|upkeep\n|turn|5\n|j| 123abv\n|\n|t:|1771123987\n|switch|p1b: Volcanion|Volcanion|100/100\n|-terastallize|p2b: Gholdengo|Fairy\n|move|p1a: Brute Bonnet|Spore|p2a: Moltres\n|-status|p2a: Moltres|slp|[from] move: Spore\n|cant|p2a: Moltres|slp\n|move|p2b: Gholdengo|Dazzling Gleam|p1b: Volcanion|[spread] p1a,p1b\n|-supereffective|p1a: Brute Bonnet\n|-resisted|p1b: Volcanion\n|-damage|p1a: Brute Bonnet|6/100\n|-damage|p1b: Volcanion|74/100\n|\n|-fieldend|move: Psychic Terrain\n|upkeep\n|turn|6\n|\n|t:|1771124010\n|move|p1b: Volcanion|Steam Eruption|p2a: Moltres\n|-damage|p2a: Moltres|58/100 slp\n|move|p1a: Brute Bonnet|Seed Bomb|p2b: Gholdengo\n|-damage|p2b: Gholdengo|52/100\n|-curestatus|p2a: Moltres|slp|[msg]\n|move|p2a: Moltres|Fiery Wrath|p1a: Brute Bonnet|[spread] p1a,p1b\n|-resisted|p1a: Brute Bonnet\n|-damage|p1a: Brute Bonnet|0 fnt\n|-damage|p1b: Volcanion|47/100\n|faint|p1a: Brute Bonnet\n|-end|p1a: Brute Bonnet|Protosynthesis|[silent]\n|move|p2b: Gholdengo|Dazzling Gleam|p1b: Volcanion\n|-resisted|p1b: Volcanion\n|-damage|p1b: Volcanion|8/100\n|\n|-heal|p2a: Moltres|64/100|[from] item: Leftovers\n|upkeep\n|inactive|Dancindragons has 120 seconds left.\n|\n|t:|1771124027\n|switch|p1a: Hatterene|Hatterene, F|72/100\n|turn|7\n|\n|t:|1771124034\n|move|p2a: Moltres|Protect|p2a: Moltres\n|-singleturn|p2a: Moltres|Protect\n|move|p1a: Hatterene|Dazzling Gleam|p2b: Gholdengo|[spread] p2b\n|-activate|p2a: Moltres|move: Protect\n|-damage|p2b: Gholdengo|14/100\n|move|p1b: Volcanion|Sludge Bomb|p2b: Gholdengo\n|-supereffective|p2b: Gholdengo\n|-damage|p2b: Gholdengo|0 fnt\n|faint|p2b: Gholdengo\n|\n|-heal|p2a: Moltres|70/100|[from] item: Leftovers\n|-fieldend|move: Trick Room\n|upkeep\n|\n|t:|1771124040\n|switch|p2b: Incineroar|Incineroar, M|100/100\n|-ability|p2b: Incineroar|Intimidate|boost\n|-unboost|p1a: Hatterene|atk|1\n|-unboost|p1b: Volcanion|atk|1\n|turn|8\n|\n|t:|1771124045\n|switch|p1b: Ursaluna|Ursaluna, M|100/100\n|move|p2a: Moltres|Nasty Plot|p2a: Moltres\n|-boost|p2a: Moltres|spa|2\n|move|p2b: Incineroar|Parting Shot|p1a: Hatterene\n|move|p1a: Hatterene|Parting Shot|p2b: Incineroar|[from] ability: Magic Bounce\n|-unboost|p2b: Incineroar|atk|1\n|-unboost|p2b: Incineroar|spa|1\n|\n|t:|1771124052\n|switch|p1a: Volcanion|Volcanion|8/100|[from] Parting Shot\n|\n|-heal|p2a: Moltres|76/100|[from] item: Leftovers\n|-status|p1b: Ursaluna|brn|[from] item: Flame Orb\n|upkeep\n|turn|9\n|\n|t:|1771124059\n|move|p2a: Moltres|Fiery Wrath|p1b: Ursaluna|[spread] p1a,p1b\n|-damage|p1a: Volcanion|0 fnt\n|-damage|p1b: Ursaluna|49/100 brn\n|faint|p1a: Volcanion\n|move|p2b: Incineroar|Flare Blitz|p1b: Ursaluna\n|-damage|p1b: Ursaluna|26/100 brn\n|-damage|p2b: Incineroar|92/100|[from] Recoil\n|cant|p1b: Ursaluna|flinch\n|\n|-heal|p2a: Moltres|83/100|[from] item: Leftovers\n|-damage|p1b: Ursaluna|20/100 brn|[from] brn\n|upkeep\n|\n|t:|1771124062\n|switch|p1a: Hatterene|Hatterene, F|72/100\n|turn|10\n|\n|t:|1771124069\n|-terastallize|p1a: Hatterene|Fire\n|move|p1b: Ursaluna|Protect|p1b: Ursaluna\n|-singleturn|p1b: Ursaluna|Protect\n|move|p2a: Moltres|Fiery Wrath|p1b: Ursaluna|[spread] p1a\n|-activate|p1b: Ursaluna|move: Protect\n|-damage|p1a: Hatterene|19/100\n|move|p2b: Incineroar|Flare Blitz|p1a: Hatterene\n|-resisted|p1a: Hatterene\n|-damage|p1a: Hatterene|2/100\n|-damage|p2b: Incineroar|87/100|[from] Recoil\n|move|p1a: Hatterene|Trick Room|p1a: Hatterene\n|-fieldstart|move: Trick Room|[of] p1a: Hatterene\n|\n|-heal|p2a: Moltres|89/100|[from] item: Leftovers\n|-damage|p1b: Ursaluna|14/100 brn|[from] brn\n|upkeep\n|turn|11\n|\n|t:|1771124092\n|switch|p2b: Roaring Moon|Roaring Moon|100/100\n|-enditem|p2b: Roaring Moon|Booster Energy\n|-activate|p2b: Roaring Moon|ability: Protosynthesis|[fromitem]\n|-start|p2b: Roaring Moon|protosynthesisspe\n|move|p2a: Moltres|Protect|p2a: Moltres\n|-singleturn|p2a: Moltres|Protect\n|move|p1a: Hatterene|Dazzling Gleam|p2a: Moltres|[spread] p2b\n|-activate|p2a: Moltres|move: Protect\n|-supereffective|p2b: Roaring Moon\n|-damage|p2b: Roaring Moon|0 fnt\n|faint|p2b: Roaring Moon\n|-end|p2b: Roaring Moon|Protosynthesis|[silent]\n|move|p1b: Ursaluna|Facade|p2a: Moltres\n|-activate|p2a: Moltres|move: Protect\n|\n|-heal|p2a: Moltres|95/100|[from] item: Leftovers\n|-damage|p1b: Ursaluna|8/100 brn|[from] brn\n|upkeep\n|\n|t:|1771124093\n|switch|p2b: Incineroar|Incineroar, M|87/100\n|-ability|p2b: Incineroar|Intimidate|boost\n|-unboost|p1a: Hatterene|atk|1\n|-unboost|p1b: Ursaluna|atk|1\n|turn|12\n|\n|t:|1771124109\n|move|p2b: Incineroar|Fake Out|p1b: Ursaluna\n|-damage|p1b: Ursaluna|0 fnt\n|faint|p1b: Ursaluna\n|move|p1a: Hatterene|Dazzling Gleam|p2b: Incineroar|[spread] p2a,p2b\n|-supereffective|p2a: Moltres\n|-damage|p2a: Moltres|47/100\n|-damage|p2b: Incineroar|57/100\n|-ability|p2a: Moltres|Berserk|boost\n|-boost|p2a: Moltres|spa|1\n|move|p2a: Moltres|Fiery Wrath|p1a: Hatterene\n|-crit|p1a: Hatterene\n|-damage|p1a: Hatterene|0 fnt\n|faint|p1a: Hatterene\n|\n|win|inakunana\n|raw|Dancindragons's rating: 1712 &rarr; <strong>1694</strong><br />(-18 for losing)\n|raw|inakunana's rating: 1741 &rarr; <strong>1759</strong><br />(+18 for winning)\n|l|☆Dancindragons\n|player|p1|\n", "uploadtime": 1771124353, "views": 17, "formatid": "gen9doublesou", "rating": 1694, "private": 0, "password": null}