{"id": "gen9doublesou-2540155447", "format": "[Gen 9] Doubles OU", "players": ["inakunana", "Kochu_shak"], "log": "|badge|p1|bronze|gen9doublesou|100-8\n|uhtml|medal-msg|<div class=\"broadcast-blue\">Curious what those medals under the avatar are? PS now has Ladder Seasons! For more information, check out the <a href=\"https://www.smogon.com/forums/threads/3740067/\">thread on Smogon.</a></div>\n|badge|p2|bronze|gen9doublesou|100-8\n|uhtml|medal-msg|<div class=\"broadcast-blue\">Curious what those medals under the avatar are? PS now has Ladder Seasons! For more information, check out the <a href=\"https://www.smogon.com/forums/threads/3740067/\">thread on Smogon.</a></div>\n|j|☆inakunana\n|j|☆Kochu_shak\n|t:|1771169560\n|gametype|doubles\n|player|p1|inakunana|erika|1781\n|player|p2|Kochu_shak|1|1790\n|gen|9\n|tier|[Gen 9] Doubles OU\n|rated|\n|rule|HP Percentage Mod: HP is shown in percentages\n|rule|Endless Battle Clause: Forcing endless battles is banned\n|rule|Species Clause: Limit one of each Pokémon\n|rule|OHKO Clause: OHKO moves are banned\n|rule|Evasion Moves Clause: Evasion moves are banned\n|rule|Gravity Sleep Clause: The combination of sleep-inducing moves with imperfect accuracy and Gravity or Gigantamax Orbeetle are banned\n|rule|Evasion Abilities Clause: Evasion abilities are banned\n|clearpoke\n|poke|p1|Gholdengo|\n|poke|p1|Glimmora, M|\n|poke|p1|Incineroar, M|\n|poke|p1|Ogerpon-Hearthflame, F|\n|poke|p1|Rillaboom, F|\n|poke|p1|Tornadus, M|\n|poke|p2|Ogerpon-Wellspring, F|\n|poke|p2|Glimmora, M|\n|poke|p2|Tornadus, M|\n|poke|p2|Landorus, M|\n|poke|p2|Kingambit, M|\n|poke|p2|Chi-Yu|\n|teampreview\n|inactive|Battle timer is ON: inactive players will automatically lose when time's up. (requested by inakunana)\n|\n|t:|1771169575\n|teamsize|p1|6\n|teamsize|p2|6\n|start\n|switch|p1a: wanted blood|Ogerpon-Hearthflame, F|100/100\n|switch|p1b: when it snapped|Rillaboom, F|100/100\n|switch|p2a: Glimmora|Glimmora, M, shiny|100/100\n|switch|p2b: Chi-Yu|Chi-Yu|100/100\n|-ability|p1a: wanted blood|Mold Breaker\n|-ability|p2b: Chi-Yu|Beads of Ruin\n|-fieldstart|move: Grassy Terrain|[from] ability: Grassy Surge|[of] p1b: when it snapped\n|turn|1\n|inactive|inakunana has 120 seconds left.\n|\n|t:|1771169607\n|switch|p1a: predefined evil|Incineroar, M|100/100\n|-ability|p1a: predefined evil|Intimidate|boost\n|-unboost|p2a: Glimmora|atk|1\n|-unboost|p2b: Chi-Yu|atk|1\n|move|p1b: when it snapped|Fake Out|p2b: Chi-Yu\n|-damage|p2b: Chi-Yu|86/100\n|move|p2a: Glimmora|Meteor Beam||[still]\n|-prepare|p2a: Glimmora|Meteor Beam\n|-boost|p2a: Glimmora|spa|1\n|-enditem|p2a: Glimmora|Power Herb\n|-anim|p2a: Glimmora|Meteor Beam|p1a: predefined evil\n|-supereffective|p1a: predefined evil\n|-damage|p1a: predefined evil|0 fnt\n|faint|p1a: predefined evil\n|cant|p2b: Chi-Yu|flinch\n|\n|-heal|p2b: Chi-Yu|92/100|[from] Grassy Terrain\n|upkeep\n|inactive|inakunana has 120 seconds left.\n|\n|t:|1771169619\n|switch|p1a: wanted blood|Ogerpon-Hearthflame, F|100/100\n|-ability|p1a: wanted blood|Mold Breaker\n|turn|2\n|\n|t:|1771169640\n|-terastallize|p1a: wanted blood|Fire\n|detailschange|p1a: wanted blood|Ogerpon-Hearthflame-Tera, F, tera:Fire\n|-ability|p1a: wanted blood|Embody Aspect (Hearthflame)|boost\n|-boost|p1a: wanted blood|atk|1\n|move|p1a: wanted blood|Grassy Glide|p2a: Glimmora\n|-damage|p2a: Glimmora|17/100\n|-activate|p2a: Glimmora|ability: Toxic Debris\n|-sidestart|p1: inakunana|move: Toxic Spikes\n|move|p1b: when it snapped|Grassy Glide|p2a: Glimmora\n|-damage|p2a: Glimmora|0 fnt\n|-activate|p2a: Glimmora|ability: Toxic Debris\n|-sidestart|p1: inakunana|move: Toxic Spikes\n|faint|p2a: Glimmora\n|move|p2b: Chi-Yu|Overheat|p1b: when it snapped\n|-supereffective|p1b: when it snapped\n|-damage|p1b: when it snapped|0 fnt\n|-unboost|p2b: Chi-Yu|spa|2\n|faint|p1b: when it snapped\n|\n|-heal|p2b: Chi-Yu|98/100|[from] Grassy Terrain\n|upkeep\n|\n|t:|1771169652\n|switch|p2a: Ogerpon|Ogerpon-Wellspring, F|100/100\n|switch|p1b: high tide|Tornadus, M|100/100\n|turn|3\n|\n|t:|1771169669\n|move|p2a: Ogerpon|Spiky Shield|p2a: Ogerpon\n|-singleturn|p2a: Ogerpon|move: Protect\n|move|p1a: wanted blood|Grassy Glide|p2a: Ogerpon\n|-activate|p2a: Ogerpon|move: Protect\n|-damage|p1a: wanted blood|88/100|[from] Spiky Shield|[of] p2a: Ogerpon\n|move|p1b: high tide|Bleakwind Storm|p2b: Chi-Yu|[spread] p2b\n|-activate|p2a: Ogerpon|move: Protect\n|-damage|p2b: Chi-Yu|65/100\n|-unboost|p2b: Chi-Yu|spe|1\n|move|p2b: Chi-Yu|Overheat|p1b: high tide\n|-damage|p1b: high tide|15/100\n|-unboost|p2b: Chi-Yu|spa|2\n|\n|-heal|p1a: wanted blood|94/100|[from] Grassy Terrain\n|-heal|p2b: Chi-Yu|71/100|[from] Grassy Terrain\n|upkeep\n|turn|4\n|\n|t:|1771169682\n|move|p1a: wanted blood|Spiky Shield|p1a: wanted blood\n|-singleturn|p1a: wanted blood|move: Protect\n|move|p1b: high tide|Tailwind|p1b: high tide\n|-sidestart|p1: inakunana|move: Tailwind\n|move|p2a: Ogerpon|Ivy Cudgel|p1a: wanted blood|[anim] Ivy Cudgel Water\n|-activate|p1a: wanted blood|move: Protect\n|move|p2b: Chi-Yu|Overheat|p1b: high tide\n|-damage|p1b: high tide|0 fnt\n|-unboost|p2b: Chi-Yu|spa|2\n|faint|p1b: high tide\n|\n|-heal|p1a: wanted blood|99/100|[from] Grassy Terrain\n|-heal|p2b: Chi-Yu|77/100|[from] Grassy Terrain\n|upkeep\n|\n|t:|1771169689\n|switch|p1b: low tide|Glimmora, M|100/100\n|-sideend|p1: inakunana|move: Toxic Spikes|[of] p1b: low tide\n|turn|5\n|l|☆Kochu_shak\n|inactive|Kochu_shak disconnected and has a minute to reconnect!\n|player|p2|\n|j|☆Kochu_shak\n|inactive|Kochu_shak reconnected and has 115 seconds left.\n|player|p2|Kochu_shak|1|\n|inactive|Kochu_shak has 90 seconds left.\n|\n|t:|1771169750\n|switch|p2a: Kingambit|Kingambit, M, shiny|100/100\n|move|p1a: wanted blood|Ivy Cudgel|p2a: Kingambit|[anim] Ivy Cudgel Fire\n|-supereffective|p2a: Kingambit\n|-damage|p2a: Kingambit|0 fnt\n|faint|p2a: Kingambit\n|move|p1b: low tide|Power Gem|p2b: Chi-Yu\n|-supereffective|p2b: Chi-Yu\n|-damage|p2b: Chi-Yu|0 fnt\n|faint|p2b: Chi-Yu\n|\n|-heal|p1a: wanted blood|100/100|[from] Grassy Terrain\n|-fieldend|move: Grassy Terrain\n|upkeep\n|inactive|Kochu_shak has 90 seconds left.\n|\n|t:|1771169759\n|switch|p2b: Ogerpon|Ogerpon-Wellspring, F|100/100\n|switch|p2a: Tornadus|Tornadus, M, shiny|100/100\n|turn|6\n|\n|t:|1771169771\n|-terastallize|p2b: Ogerpon|Water\n|detailschange|p2b: Ogerpon|Ogerpon-Wellspring-Tera, F, tera:Water\n|-ability|p2b: Ogerpon|Embody Aspect (Wellspring)|boost\n|-boost|p2b: Ogerpon|spd|1\n|move|p1a: wanted blood|Spiky Shield|p1a: wanted blood\n|-singleturn|p1a: wanted blood|move: Protect\n|move|p2a: Tornadus|Tailwind|p2a: Tornadus\n|-sidestart|p2: Kochu_shak|move: Tailwind\n|move|p2b: Ogerpon|Ivy Cudgel|p1b: low tide|[anim] Ivy Cudgel Water\n|-supereffective|p1b: low tide\n|-enditem|p1b: low tide|Focus Sash\n|-damage|p1b: low tide|1/100\n|-activate|p1b: low tide|ability: Toxic Debris\n|-sidestart|p2: Kochu_shak|move: Toxic Spikes\n|move|p1b: low tide|Power Gem|p2a: Tornadus\n|-supereffective|p2a: Tornadus\n|-damage|p2a: Tornadus|9/100\n|\n|upkeep\n|turn|7\n|inactive|Kochu_shak has 120 seconds left.\n|\n|t:|1771169784\n|move|p1a: wanted blood|Grassy Glide|p2b: Ogerpon\n|-supereffective|p2b: Ogerpon\n|-damage|p2b: Ogerpon|0 fnt\n|faint|p2b: Ogerpon\n|detailschange|p2: Ogerpon|Ogerpon-Wellspring, F|[silent]\n|move|p1b: low tide|Mortal Spin|p2a: Tornadus\n|-damage|p2a: Tornadus|3/100\n|move|p2a: Tornadus|Bleakwind Storm|p1b: low tide|[spread] p1a,p1b\n|-resisted|p1b: low tide\n|-damage|p1a: wanted blood|67/100\n|-damage|p1b: low tide|0 fnt\n|-unboost|p1a: wanted blood|spe|1\n|faint|p1b: low tide\n|\n|-sideend|p1: inakunana|move: Tailwind\n|upkeep\n|inactive|Kochu_shak has 120 seconds left.\n|\n|t:|1771169792\n|switch|p2b: Landorus|Landorus, M, shiny|100/100\n|switch|p1b: bon voyage|Gholdengo|100/100\n|turn|8\n|\n|t:|1771169799\n|move|p1a: wanted blood|Spiky Shield|p1a: wanted blood\n|-singleturn|p1a: wanted blood|move: Protect\n|move|p2b: Landorus|Sandsear Storm|p1a: wanted blood|[spread] p1b\n|-activate|p1a: wanted blood|move: Protect\n|-supereffective|p1b: bon voyage\n|-damage|p1b: bon voyage|0 fnt\n|faint|p1b: bon voyage\n|move|p2a: Tornadus|Bleakwind Storm|p1a: wanted blood\n|-activate|p1a: wanted blood|move: Protect\n|\n|upkeep\n|turn|9\n|\n|t:|1771169805\n|move|p2b: Landorus|Earth Power|p1a: wanted blood\n|-supereffective|p1a: wanted blood\n|-damage|p1a: wanted blood|0 fnt\n|faint|p1a: wanted blood\n|detailschange|p1: wanted blood|Ogerpon-Hearthflame, F|[silent]\n|\n|win|Kochu_shak\n|raw|inakunana's rating: 1757 &rarr; <strong>1739</strong><br />(-18 for losing)\n|raw|Kochu_shak's rating: 1790 &rarr; <strong>1808</strong><br />(+18 for winning)\n", "uploadtime": 1771170030, "views": 11, "formatid": "gen9doublesou", "rating": 1739, "private": 0, "password": null}