{"id": "gen9doublesou-2540225446", "format": "[Gen 9] Doubles OU", "players": ["inakunana", "Quadmaster"], "log": "|badge|p1|bronze|gen9doublesou|100-8\n|uhtml|medal-msg|<div class=\"broadcast-blue\">Curious what those medals under the avatar are? PS now has Ladder Seasons! For more information, check out the <a href=\"https://www.smogon.com/forums/threads/3740067/\">thread on Smogon.</a></div>\n|j|☆inakunana\n|j|☆Quadmaster\n|t:|1771177907\n|gametype|doubles\n|player|p1|inakunana|erika|1733\n|player|p2|Quadmaster|benga|1717\n|gen|9\n|tier|[Gen 9] Doubles OU\n|rated|\n|rule|HP Percentage Mod: HP is shown in percentages\n|rule|Endless Battle Clause: Forcing endless battles is banned\n|rule|Species Clause: Limit one of each Pokémon\n|rule|OHKO Clause: OHKO moves are banned\n|rule|Evasion Moves Clause: Evasion moves are banned\n|rule|Gravity Sleep Clause: The combination of sleep-inducing moves with imperfect accuracy and Gravity or Gigantamax Orbeetle are banned\n|rule|Evasion Abilities Clause: Evasion abilities are banned\n|clearpoke\n|poke|p1|Gholdengo|\n|poke|p1|Glimmora, M|\n|poke|p1|Incineroar, F|\n|poke|p1|Ogerpon-Hearthflame, F|\n|poke|p1|Rillaboom, F|\n|poke|p1|Tornadus, M|\n|poke|p2|Corviknight, F|\n|poke|p2|Grimmsnarl, M|\n|poke|p2|Goodra-Hisui, M|\n|poke|p2|Sinistcha-Masterpiece|\n|poke|p2|Gouging Fire|\n|poke|p2|Landorus, M|\n|teampreview\n|inactive|Battle timer is ON: inactive players will automatically lose when time's up. (requested by inakunana)\n|\n|t:|1771177926\n|teamsize|p1|6\n|teamsize|p2|6\n|start\n|switch|p1a: high tide|Tornadus, M|100/100\n|switch|p1b: low tide|Glimmora, M|100/100\n|switch|p2a: Landorus|Landorus, M|100/100\n|switch|p2b: Grimmsnarl|Grimmsnarl, M|100/100\n|turn|1\n|\n|t:|1771177932\n|move|p2b: Grimmsnarl|Light Screen|p2b: Grimmsnarl\n|-sidestart|p2: Quadmaster|move: Light Screen\n|move|p1a: high tide|Icy Wind|p2b: Grimmsnarl|[spread] p2b\n|-miss|p1a: high tide|p2a: Landorus\n|-damage|p2b: Grimmsnarl|93/100\n|-unboost|p2b: Grimmsnarl|spe|1\n|move|p2a: Landorus|Sandsear Storm|p1a: high tide|[spread] \n|-immune|p1a: high tide\n|-miss|p2a: Landorus|p1b: low tide\n|move|p1b: low tide|Power Gem|p2a: Landorus\n|-damage|p2a: Landorus|66/100\n|\n|upkeep\n|turn|2\n|\n|t:|1771177940\n|move|p1a: high tide|Icy Wind|p2b: Grimmsnarl|[spread] p2a,p2b\n|-supereffective|p2a: Landorus\n|-damage|p2a: Landorus|21/100\n|-damage|p2b: Grimmsnarl|86/100\n|-unboost|p2a: Landorus|spe|1\n|-unboost|p2b: Grimmsnarl|spe|1\n|move|p1b: low tide|Power Gem|p2a: Landorus\n|-damage|p2a: Landorus|0 fnt\n|faint|p2a: Landorus\n|move|p2b: Grimmsnarl|Spirit Break|p1a: high tide\n|-damage|p1a: high tide|57/100\n|-unboost|p1a: high tide|spa|1\n|\n|upkeep\n|\n|t:|1771177944\n|switch|p2a: Goodra|Goodra-Hisui, M|100/100\n|turn|3\n|\n|t:|1771177950\n|switch|p1a: predefined evil|Incineroar, F|100/100\n|-ability|p1a: predefined evil|Intimidate|boost\n|-unboost|p2a: Goodra|atk|1\n|-unboost|p2b: Grimmsnarl|atk|1\n|move|p2b: Grimmsnarl|Thunder Wave|p1b: low tide\n|-status|p1b: low tide|par\n|move|p2a: Goodra|Muddy Water|p1b: low tide|[spread] p1a,p1b\n|-supereffective|p1a: predefined evil\n|-supereffective|p1b: low tide\n|-damage|p1a: predefined evil|62/100\n|-damage|p1b: low tide|39/100 par\n|-unboost|p1b: low tide|accuracy|1\n|move|p1b: low tide|Stealth Rock|p2a: Goodra\n|-sidestart|p2: Quadmaster|move: Stealth Rock\n|\n|upkeep\n|turn|4\n|\n|t:|1771177963\n|move|p2b: Grimmsnarl|Reflect|p2b: Grimmsnarl\n|-sidestart|p2: Quadmaster|Reflect\n|move|p1a: predefined evil|Parting Shot|p2a: Goodra\n|-unboost|p2a: Goodra|atk|1\n|-unboost|p2a: Goodra|spa|1\n|\n|t:|1771177967\n|switch|p1a: when it snapped|Rillaboom, F|100/100|[from] Parting Shot\n|-fieldstart|move: Grassy Terrain|[from] ability: Grassy Surge|[of] p1a: when it snapped\n|move|p2a: Goodra|Muddy Water|p1b: low tide|[spread] p1a,p1b\n|-resisted|p1a: when it snapped\n|-supereffective|p1b: low tide\n|-damage|p1a: when it snapped|95/100\n|-damage|p1b: low tide|2/100 par\n|move|p1b: low tide|Power Gem|p2b: Grimmsnarl\n|-damage|p2b: Grimmsnarl|65/100\n|\n|-heal|p1a: when it snapped|100/100|[from] Grassy Terrain\n|-heal|p1b: low tide|8/100 par|[from] Grassy Terrain\n|-heal|p2b: Grimmsnarl|72/100|[from] Grassy Terrain\n|upkeep\n|turn|5\n|\n|t:|1771177979\n|move|p1a: when it snapped|Fake Out|p2a: Goodra\n|-resisted|p2a: Goodra\n|-damage|p2a: Goodra|96/100\n|move|p2b: Grimmsnarl|Thunder Wave|p1a: when it snapped\n|-status|p1a: when it snapped|par\n|cant|p2a: Goodra|flinch\n|move|p1b: low tide|Power Gem|p2b: Grimmsnarl\n|-damage|p2b: Grimmsnarl|49/100\n|\n|-heal|p2a: Goodra|100/100|[from] Grassy Terrain\n|-heal|p1b: low tide|15/100 par|[from] Grassy Terrain\n|-heal|p2b: Grimmsnarl|55/100|[from] Grassy Terrain\n|upkeep\n|turn|6\n|\n|t:|1771177985\n|move|p2a: Goodra|Flash Cannon|p1b: low tide\n|-supereffective|p1b: low tide\n|-damage|p1b: low tide|0 fnt\n|faint|p1b: low tide\n|move|p1a: when it snapped|High Horsepower|p2a: Goodra\n|-supereffective|p2a: Goodra\n|-damage|p2a: Goodra|58/100\n|move|p2b: Grimmsnarl|Spirit Break|p1a: when it snapped\n|-damage|p1a: when it snapped|81/100 par\n|-unboost|p1a: when it snapped|spa|1\n|\n|-heal|p2a: Goodra|64/100|[from] Grassy Terrain\n|-heal|p1a: when it snapped|87/100 par|[from] Grassy Terrain\n|-heal|p2b: Grimmsnarl|61/100|[from] Grassy Terrain\n|upkeep\n|\n|t:|1771177987\n|switch|p1b: bon voyage|Gholdengo|100/100\n|-enditem|p1b: bon voyage|Grassy Seed\n|-boost|p1b: bon voyage|def|1|[from] item: Grassy Seed\n|turn|7\n|\n|t:|1771178004\n|switch|p1a: predefined evil|Incineroar, F|62/100\n|-ability|p1a: predefined evil|Intimidate|boost\n|-unboost|p2a: Goodra|atk|1\n|-unboost|p2b: Grimmsnarl|atk|1\n|switch|p2b: Sinistcha|Sinistcha-Masterpiece|100/100\n|-damage|p2b: Sinistcha|88/100|[from] Stealth Rock\n|-heal|p2a: Goodra|89/100|[from] ability: Hospitality|[of] p2b: Sinistcha\n|move|p1b: bon voyage|Protect|p1b: bon voyage\n|-singleturn|p1b: bon voyage|Protect\n|move|p2a: Goodra|Dragon Tail|p1b: bon voyage\n|-activate|p1b: bon voyage|move: Protect\n|\n|-heal|p1a: predefined evil|68/100|[from] Grassy Terrain\n|-heal|p2b: Sinistcha|94/100|[from] Grassy Terrain\n|-heal|p2b: Sinistcha|99/100|[from] item: Leftovers\n|-heal|p2a: Goodra|95/100|[from] Grassy Terrain\n|upkeep\n|turn|8\n|\n|t:|1771178012\n|switch|p2a: Gouging Fire|Gouging Fire|100/100\n|-damage|p2a: Gouging Fire|76/100|[from] Stealth Rock\n|move|p1b: bon voyage|Nasty Plot|p1b: bon voyage\n|-boost|p1b: bon voyage|spa|2\n|move|p1a: predefined evil|Taunt|p2b: Sinistcha\n|-start|p2b: Sinistcha|move: Taunt\n|move|p2b: Sinistcha|Shadow Ball|p1b: bon voyage\n|-supereffective|p1b: bon voyage\n|-damage|p1b: bon voyage|40/100\n|-unboost|p1b: bon voyage|spd|1\n|\n|-heal|p1b: bon voyage|46/100|[from] Grassy Terrain\n|-heal|p2a: Gouging Fire|82/100|[from] Grassy Terrain\n|-heal|p1a: predefined evil|74/100|[from] Grassy Terrain\n|-heal|p2b: Sinistcha|100/100|[from] Grassy Terrain\n|-sideend|p2: Quadmaster|move: Light Screen\n|-fieldend|move: Grassy Terrain\n|upkeep\n|turn|9\n|\n|t:|1771178022\n|switch|p2b: Goodra|Goodra-Hisui, M|95/100\n|-damage|p2b: Goodra|89/100|[from] Stealth Rock\n|move|p1b: bon voyage|Protect|p1b: bon voyage\n|-singleturn|p1b: bon voyage|Protect\n|move|p2a: Gouging Fire|Dragon Dance|p2a: Gouging Fire\n|-boost|p2a: Gouging Fire|atk|1\n|-boost|p2a: Gouging Fire|spe|1\n|move|p1a: predefined evil|Parting Shot|p2a: Gouging Fire\n|-fail|p2a: Gouging Fire|unboost|[from] item: Clear Amulet|[of] p2a: Gouging Fire\n|\n|upkeep\n|turn|10\n|\n|t:|1771178029\n|move|p2a: Gouging Fire|Dragon Claw|p1a: predefined evil\n|-damage|p1a: predefined evil|24/100\n|move|p1b: bon voyage|Shadow Ball|p2a: Gouging Fire\n|-damage|p2a: Gouging Fire|12/100\n|move|p1a: predefined evil|Taunt|p2a: Gouging Fire\n|-start|p2a: Gouging Fire|move: Taunt\n|move|p2b: Goodra|Dragon Tail|p1b: bon voyage\n|-resisted|p1b: bon voyage\n|-damage|p1b: bon voyage|39/100\n|drag|p1b: wanted blood|Ogerpon-Hearthflame, F|100/100\n|-ability|p1b: wanted blood|Mold Breaker\n|\n|upkeep\n|turn|11\n|\n|t:|1771178047\n|switch|p1a: when it snapped|Rillaboom, F|87/100 par\n|-fieldstart|move: Grassy Terrain|[from] ability: Grassy Surge|[of] p1a: when it snapped\n|move|p1b: wanted blood|Spiky Shield|p1b: wanted blood\n|-singleturn|p1b: wanted blood|move: Protect\n|move|p2a: Gouging Fire|Heat Crash|p1b: wanted blood\n|-activate|p1b: wanted blood|move: Protect\n|-damage|p2a: Gouging Fire|0 fnt|[from] Spiky Shield|[of] p1b: wanted blood\n|faint|p2a: Gouging Fire\n|-end|p2a: Gouging Fire|Protosynthesis|[silent]\n|move|p2b: Goodra|Muddy Water|p1a: when it snapped|[spread] p1a\n|-activate|p1b: wanted blood|move: Protect\n|-resisted|p1a: when it snapped\n|-damage|p1a: when it snapped|80/100 par\n|-unboost|p1a: when it snapped|accuracy|1\n|\n|-heal|p2b: Goodra|95/100|[from] Grassy Terrain\n|-heal|p1a: when it snapped|87/100 par|[from] Grassy Terrain\n|-sideend|p2: Quadmaster|Reflect\n|upkeep\n|\n|t:|1771178056\n|switch|p2a: Grimmsnarl|Grimmsnarl, M|61/100\n|-damage|p2a: Grimmsnarl|49/100|[from] Stealth Rock\n|turn|12\n|\n|t:|1771178069\n|-terastallize|p2b: Goodra|Water\n|move|p1b: wanted blood|Grassy Glide|p2a: Grimmsnarl\n|-damage|p2a: Grimmsnarl|0 fnt\n|faint|p2a: Grimmsnarl\n|move|p1a: when it snapped|Grassy Glide|p2b: Goodra\n|-ability|p2b: Goodra|Sap Sipper|boost\n|-boost|p2b: Goodra|atk|1\n|move|p2b: Goodra|Muddy Water|p1b: wanted blood|[spread] p1b\n|-miss|p2b: Goodra|p1a: when it snapped\n|-damage|p1b: wanted blood|61/100\n|-unboost|p1b: wanted blood|accuracy|1\n|\n|-heal|p1b: wanted blood|67/100|[from] Grassy Terrain\n|-heal|p2b: Goodra|100/100|[from] Grassy Terrain\n|-heal|p1a: when it snapped|93/100 par|[from] Grassy Terrain\n|upkeep\n|\n|t:|1771178081\n|switch|p2a: Sinistcha|Sinistcha-Masterpiece|100/100\n|-damage|p2a: Sinistcha|88/100|[from] Stealth Rock\n|turn|13\n|\n|t:|1771178087\n|move|p1b: wanted blood|Ivy Cudgel|p2a: Sinistcha|[anim] Ivy Cudgel Fire|[miss]\n|-miss|p1b: wanted blood|p2a: Sinistcha\n|move|p2a: Sinistcha|Shadow Ball|p1b: wanted blood\n|-damage|p1b: wanted blood|29/100\n|move|p2b: Goodra|Muddy Water|p1b: wanted blood|[spread] p1a,p1b\n|-resisted|p1a: when it snapped\n|-damage|p1a: when it snapped|82/100 par\n|-damage|p1b: wanted blood|0 fnt\n|-unboost|p1a: when it snapped|accuracy|1\n|faint|p1b: wanted blood\n|move|p1a: when it snapped|High Horsepower|p2a: Sinistcha\n|-resisted|p2a: Sinistcha\n|-crit|p2a: Sinistcha\n|-damage|p2a: Sinistcha|71/100\n|\n|-heal|p2a: Sinistcha|77/100|[from] Grassy Terrain\n|-heal|p2a: Sinistcha|83/100|[from] item: Leftovers\n|-heal|p1a: when it snapped|88/100 par|[from] Grassy Terrain\n|upkeep\n|\n|t:|1771178090\n|switch|p1b: high tide|Tornadus, M|57/100\n|turn|14\n|\n|t:|1771178099\n|move|p1b: high tide|Bleakwind Storm|p2a: Sinistcha|[spread] p2a,p2b\n|-supereffective|p2a: Sinistcha\n|-damage|p2a: Sinistcha|0 fnt\n|-damage|p2b: Goodra|83/100\n|faint|p2a: Sinistcha\n|move|p2b: Goodra|Ice Beam|p1b: high tide\n|-supereffective|p1b: high tide\n|-crit|p1b: high tide\n|-damage|p1b: high tide|0 fnt\n|faint|p1b: high tide\n|cant|p1a: when it snapped|par\n|\n|-heal|p2b: Goodra|89/100|[from] Grassy Terrain\n|-heal|p1a: when it snapped|94/100 par|[from] Grassy Terrain\n|upkeep\n|\n|t:|1771178105\n|switch|p1b: bon voyage|Gholdengo|39/100\n|switch|p2a: Corviknight|Corviknight, F|100/100\n|-damage|p2a: Corviknight|88/100|[from] Stealth Rock\n|turn|15\n|\n|t:|1771178110\n|switch|p1a: predefined evil|Incineroar, F|24/100\n|-ability|p1a: predefined evil|Intimidate|boost\n|-ability|p2a: Corviknight|Mirror Armor\n|-unboost|p1a: predefined evil|atk|1\n|-unboost|p2b: Goodra|atk|1\n|move|p1b: bon voyage|Protect|p1b: bon voyage\n|-singleturn|p1b: bon voyage|Protect\n|move|p2a: Corviknight|Iron Head|p1b: bon voyage\n|-activate|p1b: bon voyage|move: Protect\n|move|p2b: Goodra|Muddy Water|p1a: predefined evil|[spread] p1a\n|-activate|p1b: bon voyage|move: Protect\n|-supereffective|p1a: predefined evil\n|-damage|p1a: predefined evil|0 fnt\n|faint|p1a: predefined evil\n|\n|-heal|p1b: bon voyage|46/100|[from] Grassy Terrain\n|-heal|p2a: Corviknight|94/100|[from] item: Leftovers\n|-heal|p2b: Goodra|95/100|[from] Grassy Terrain\n|-fieldend|move: Grassy Terrain\n|upkeep\n|\n|t:|1771178112\n|switch|p1a: when it snapped|Rillaboom, F|94/100 par\n|-fieldstart|move: Grassy Terrain|[from] ability: Grassy Surge|[of] p1a: when it snapped\n|turn|16\n|\n|t:|1771178119\n|move|p1a: when it snapped|Fake Out|p2b: Goodra\n|-damage|p2b: Goodra|81/100\n|move|p1b: bon voyage|Nasty Plot|p1b: bon voyage\n|-boost|p1b: bon voyage|spa|2\n|move|p2a: Corviknight|Bulk Up|p2a: Corviknight\n|-boost|p2a: Corviknight|atk|1\n|-boost|p2a: Corviknight|def|1\n|cant|p2b: Goodra|flinch\n|\n|-heal|p1b: bon voyage|52/100|[from] Grassy Terrain\n|-heal|p2a: Corviknight|100/100|[from] item: Leftovers\n|-heal|p2b: Goodra|87/100|[from] Grassy Terrain\n|-heal|p1a: when it snapped|99/100 par|[from] Grassy Terrain\n|upkeep\n|turn|17\n|\n|t:|1771178136\n|move|p1b: bon voyage|Nasty Plot|p1b: bon voyage\n|-boost|p1b: bon voyage|spa|2\n|move|p2a: Corviknight|Iron Head|p1a: when it snapped\n|-damage|p1a: when it snapped|64/100 par\n|move|p2b: Goodra|Muddy Water|p1a: when it snapped|[spread] p1b\n|-miss|p2b: Goodra|p1a: when it snapped\n|-damage|p1b: bon voyage|20/100\n|cant|p1a: when it snapped|flinch\n|\n|-heal|p1b: bon voyage|27/100|[from] Grassy Terrain\n|-heal|p2b: Goodra|93/100|[from] Grassy Terrain\n|-heal|p1a: when it snapped|71/100 par|[from] Grassy Terrain\n|upkeep\n|turn|18\n|\n|t:|1771178147\n|move|p1b: bon voyage|Protect|p1b: bon voyage\n|-singleturn|p1b: bon voyage|Protect\n|move|p2a: Corviknight|Iron Head|p1a: when it snapped\n|-damage|p1a: when it snapped|36/100 par\n|move|p2b: Goodra|Muddy Water|p1a: when it snapped|[spread] p1a\n|-activate|p1b: bon voyage|move: Protect\n|-resisted|p1a: when it snapped\n|-damage|p1a: when it snapped|26/100 par\n|cant|p1a: when it snapped|par\n|\n|-heal|p1b: bon voyage|33/100|[from] Grassy Terrain\n|-heal|p2b: Goodra|99/100|[from] Grassy Terrain\n|-heal|p1a: when it snapped|32/100 par|[from] Grassy Terrain\n|upkeep\n|turn|19\n|\n|t:|1771178155\n|move|p1b: bon voyage|Shadow Ball|p2b: Goodra\n|-damage|p2b: Goodra|50/100\n|move|p2a: Corviknight|Iron Head|p1b: bon voyage\n|-resisted|p1b: bon voyage\n|-damage|p1b: bon voyage|15/100\n|move|p2b: Goodra|Muddy Water|p1a: when it snapped|[spread] p1b\n|-miss|p2b: Goodra|p1a: when it snapped\n|-damage|p1b: bon voyage|0 fnt\n|faint|p1b: bon voyage\n|move|p1a: when it snapped|High Horsepower|p2b: Goodra\n|-damage|p2b: Goodra|18/100\n|\n|-heal|p2b: Goodra|24/100|[from] Grassy Terrain\n|-heal|p1a: when it snapped|38/100 par|[from] Grassy Terrain\n|upkeep\n|turn|20\n|\n|t:|1771178165\n|move|p2a: Corviknight|Iron Head|p1a: when it snapped\n|-damage|p1a: when it snapped|3/100 par\n|move|p2b: Goodra|Ice Beam|p1a: when it snapped\n|-supereffective|p1a: when it snapped\n|-damage|p1a: when it snapped|0 fnt\n|faint|p1a: when it snapped\n|\n|win|Quadmaster\n|raw|inakunana's rating: 1733 &rarr; <strong>1712</strong><br />(-21 for losing)\n|raw|Quadmaster's rating: 1717 &rarr; <strong>1738</strong><br />(+21 for winning)\n|l|☆Quadmaster\n|player|p2|\n", "uploadtime": 1771178360, "views": 11, "formatid": "gen9doublesou", "rating": 1712, "private": 0, "password": null}