{"id": "gen9doublesou-2540330532", "format": "[Gen 9] Doubles OU", "players": ["natana6l", "ismelllikesocksbro"], "log": "|j|☆natana6l\n|j|☆ismelllikesocksbro\n|t:|1771189514\n|gametype|doubles\n|player|p1|natana6l|flannery|1588\n|player|p2|ismelllikesocksbro|wallace|1668\n|gen|9\n|tier|[Gen 9] Doubles OU\n|rated|\n|rule|HP Percentage Mod: HP is shown in percentages\n|rule|Endless Battle Clause: Forcing endless battles is banned\n|rule|Species Clause: Limit one of each Pokémon\n|rule|OHKO Clause: OHKO moves are banned\n|rule|Evasion Moves Clause: Evasion moves are banned\n|rule|Gravity Sleep Clause: The combination of sleep-inducing moves with imperfect accuracy and Gravity or Gigantamax Orbeetle are banned\n|rule|Evasion Abilities Clause: Evasion abilities are banned\n|clearpoke\n|poke|p1|Sneasler, M|\n|poke|p1|Arcanine, F|\n|poke|p1|Latios, M|\n|poke|p1|Cinderace, F|\n|poke|p1|Tyranitar, F|\n|poke|p1|Serperior, F|\n|poke|p2|Chien-Pao|\n|poke|p2|Raging Bolt|\n|poke|p2|Incineroar, M|\n|poke|p2|Rillaboom, M|\n|poke|p2|Ogerpon-Hearthflame, F|\n|poke|p2|Landorus, M|\n|teampreview\n|inactive|Battle timer is ON: inactive players will automatically lose when time's up. (requested by ismelllikesocksbro)\n|inactive|natana6l also wants the timer to be on.\n|\n|t:|1771189529\n|teamsize|p1|6\n|teamsize|p2|6\n|start\n|switch|p1a: Tyranitar|Tyranitar, F|100/100\n|switch|p1b: Latios|Latios, M|100/100\n|switch|p2a: Chien-Pao|Chien-Pao, shiny|100/100\n|switch|p2b: Raging Bolt|Raging Bolt|100/100\n|-ability|p2a: Chien-Pao|Sword of Ruin\n|-weather|Sandstorm|[from] ability: Sand Stream|[of] p1a: Tyranitar\n|turn|1\n|\n|t:|1771189546\n|move|p1b: Latios|Ally Switch|p1b: Latios\n|swap|p1b: Latios|0|[from] move: Ally Switch\n|move|p2a: Chien-Pao|Icy Wind|p1a: Latios|[spread] p1a,p1b\n|-supereffective|p1a: Latios\n|-damage|p1a: Latios|75/100\n|-damage|p1b: Tyranitar|94/100\n|-unboost|p1a: Latios|spe|1\n|-unboost|p1b: Tyranitar|spe|1\n|move|p2b: Raging Bolt|Calm Mind|p2b: Raging Bolt\n|-boost|p2b: Raging Bolt|spa|1\n|-boost|p2b: Raging Bolt|spd|1\n|move|p1b: Tyranitar|Rock Slide|p2a: Chien-Pao|[spread] p2a,p2b\n|-supereffective|p2a: Chien-Pao\n|-damage|p2a: Chien-Pao|3/100\n|-damage|p2b: Raging Bolt|64/100\n|\n|-weather|Sandstorm|[upkeep]\n|-damage|p2a: Chien-Pao|0 fnt|[from] Sandstorm\n|-damage|p1a: Latios|69/100|[from] Sandstorm\n|-damage|p2b: Raging Bolt|58/100|[from] Sandstorm\n|faint|p2a: Chien-Pao\n|-heal|p2b: Raging Bolt|64/100|[from] item: Leftovers\n|upkeep\n|\n|t:|1771189562\n|switch|p2a: Incineroar|Incineroar, M|100/100\n|-ability|p2a: Incineroar|Intimidate|boost\n|-unboost|p1a: Latios|atk|1\n|-unboost|p1b: Tyranitar|atk|1\n|turn|2\n|\n|t:|1771189572\n|switch|p1b: Arcanine|Arcanine, F|100/100\n|-ability|p1b: Arcanine|Intimidate|boost\n|-unboost|p2a: Incineroar|atk|1\n|-unboost|p2b: Raging Bolt|atk|1\n|-terastallize|p1a: Latios|Steel\n|move|p2b: Raging Bolt|Protect|p2b: Raging Bolt\n|-singleturn|p2b: Raging Bolt|Protect\n|move|p1a: Latios|Tailwind|p1a: Latios\n|-sidestart|p1: natana6l|move: Tailwind\n|move|p2a: Incineroar|Will-O-Wisp|p1b: Arcanine|[miss]\n|-miss|p2a: Incineroar|p1b: Arcanine\n|\n|-weather|Sandstorm|[upkeep]\n|-damage|p1b: Arcanine|94/100|[from] Sandstorm\n|-damage|p2b: Raging Bolt|58/100|[from] Sandstorm\n|-heal|p2b: Raging Bolt|64/100|[from] item: Leftovers\n|upkeep\n|turn|3\n|\n|t:|1771189590\n|move|p1a: Latios|Draco Meteor|p2b: Raging Bolt\n|-supereffective|p2b: Raging Bolt\n|-damage|p2b: Raging Bolt|0 fnt\n|-unboost|p1a: Latios|spa|2\n|faint|p2b: Raging Bolt\n|-end|p2b: Raging Bolt|Protosynthesis|[silent]\n|move|p1b: Arcanine|Close Combat|p2a: Incineroar\n|-supereffective|p2a: Incineroar\n|-damage|p2a: Incineroar|18/100\n|-unboost|p1b: Arcanine|def|1\n|-unboost|p1b: Arcanine|spd|1\n|-damage|p1b: Arcanine|84/100|[from] item: Life Orb\n|move|p2a: Incineroar|Parting Shot|p1b: Arcanine\n|-unboost|p1b: Arcanine|atk|1\n|-unboost|p1b: Arcanine|spa|1\n|\n|t:|1771189595\n|switch|p2a: Rillaboom|Rillaboom, M|100/100|[from] Parting Shot\n|-fieldstart|move: Grassy Terrain|[from] ability: Grassy Surge|[of] p2a: Rillaboom\n|\n|-weather|Sandstorm|[upkeep]\n|-damage|p1b: Arcanine|78/100|[from] Sandstorm\n|-damage|p2a: Rillaboom|94/100|[from] Sandstorm\n|-heal|p1b: Arcanine|84/100|[from] Grassy Terrain\n|-heal|p2a: Rillaboom|100/100|[from] Grassy Terrain\n|upkeep\n|\n|t:|1771189597\n|switch|p2b: Ogerpon|Ogerpon-Hearthflame, F|100/100\n|-ability|p2b: Ogerpon|Mold Breaker\n|turn|4\n|\n|t:|1771189622\n|switch|p1a: Cinderace|Cinderace, F|100/100\n|move|p2a: Rillaboom|Fake Out|p1b: Arcanine\n|-damage|p1b: Arcanine|63/100\n|cant|p1b: Arcanine|flinch\n|move|p2b: Ogerpon|Focus Energy|p2b: Ogerpon\n|-start|p2b: Ogerpon|move: Focus Energy\n|\n|-weather|Sandstorm|[upkeep]\n|-damage|p1a: Cinderace|95/100|[from] Sandstorm\n|-damage|p1b: Arcanine|57/100|[from] Sandstorm\n|-damage|p2b: Ogerpon|95/100|[from] Sandstorm\n|-damage|p2a: Rillaboom|94/100|[from] Sandstorm\n|-heal|p1a: Cinderace|100/100|[from] Grassy Terrain\n|-heal|p1b: Arcanine|63/100|[from] Grassy Terrain\n|-heal|p2b: Ogerpon|100/100|[from] Grassy Terrain\n|-heal|p2a: Rillaboom|100/100|[from] Grassy Terrain\n|upkeep\n|turn|5\n|\n|t:|1771189641\n|switch|p2a: Incineroar|Incineroar, M|18/100\n|-ability|p2a: Incineroar|Intimidate|boost\n|-unboost|p1a: Cinderace|atk|1\n|-unboost|p1b: Arcanine|atk|1\n|-terastallize|p2b: Ogerpon|Fire\n|detailschange|p2b: Ogerpon|Ogerpon-Hearthflame-Tera, F, tera:Fire\n|-ability|p2b: Ogerpon|Embody Aspect (Hearthflame)|boost\n|-boost|p2b: Ogerpon|atk|1\n|move|p2b: Ogerpon|Grassy Glide|p1b: Arcanine\n|-resisted|p1b: Arcanine\n|-crit|p1b: Arcanine\n|-damage|p1b: Arcanine|0 fnt\n|faint|p1b: Arcanine\n|move|p1a: Cinderace|Pyro Ball|p2a: Incineroar|[miss]\n|-miss|p1a: Cinderace|p2a: Incineroar\n|\n|-weather|none\n|-heal|p2a: Incineroar|24/100|[from] Grassy Terrain\n|-sideend|p1: natana6l|move: Tailwind\n|upkeep\n|\n|t:|1771189652\n|switch|p1b: Tyranitar|Tyranitar, F|94/100\n|-weather|Sandstorm|[from] ability: Sand Stream|[of] p1b: Tyranitar\n|turn|6\n|\n|t:|1771189666\n|move|p1b: Tyranitar|Protect|p1b: Tyranitar\n|-singleturn|p1b: Tyranitar|Protect\n|move|p1a: Cinderace|High Jump Kick|p2a: Incineroar\n|-start|p1a: Cinderace|typechange|Fighting|[from] ability: Libero\n|-supereffective|p2a: Incineroar\n|-damage|p2a: Incineroar|0 fnt\n|faint|p2a: Incineroar\n|-damage|p1a: Cinderace|91/100|[from] item: Life Orb\n|move|p2b: Ogerpon|Ivy Cudgel|p1a: Cinderace|[anim] Ivy Cudgel Fire\n|-crit|p1a: Cinderace\n|-damage|p1a: Cinderace|0 fnt\n|faint|p1a: Cinderace\n|\n|-weather|Sandstorm|[upkeep]\n|-damage|p2b: Ogerpon|95/100|[from] Sandstorm\n|-heal|p2b: Ogerpon|100/100|[from] Grassy Terrain\n|-heal|p1b: Tyranitar|100/100|[from] Grassy Terrain\n|upkeep\n|\n|t:|1771189683\n|switch|p1a: Latios|Latios, M, tera:Steel|69/100\n|switch|p2a: Landorus|Landorus, M|100/100\n|turn|7\n|\n|t:|1771189697\n|move|p1a: Latios|Ally Switch|p1a: Latios\n|swap|p1a: Latios|1|[from] move: Ally Switch\n|move|p2b: Ogerpon|Ivy Cudgel|p1a: Tyranitar|[anim] Ivy Cudgel Fire\n|-resisted|p1a: Tyranitar\n|-crit|p1a: Tyranitar\n|-damage|p1a: Tyranitar|32/100\n|move|p2a: Landorus|Earth Power|p1b: Latios\n|-immune|p1b: Latios|[from] ability: Levitate\n|move|p1a: Tyranitar|Rock Slide|p2b: Ogerpon|[spread] p2a,p2b\n|-supereffective|p2b: Ogerpon\n|-damage|p2a: Landorus|63/100\n|-damage|p2b: Ogerpon|16/100\n|\n|-weather|Sandstorm|[upkeep]\n|-damage|p2b: Ogerpon|10/100|[from] Sandstorm\n|-heal|p2b: Ogerpon|16/100|[from] Grassy Terrain\n|-heal|p1a: Tyranitar|38/100|[from] Grassy Terrain\n|-fieldend|move: Grassy Terrain\n|upkeep\n|turn|8\n|\n|t:|1771189719\n|switch|p2a: Rillaboom|Rillaboom, M|100/100\n|-fieldstart|move: Grassy Terrain|[from] ability: Grassy Surge|[of] p2a: Rillaboom\n|move|p2b: Ogerpon|Spiky Shield|p2b: Ogerpon\n|-singleturn|p2b: Ogerpon|move: Protect\n|move|p1a: Tyranitar|Protect|p1a: Tyranitar\n|-singleturn|p1a: Tyranitar|Protect\n|move|p1b: Latios|Tailwind|p1b: Latios\n|-sidestart|p1: natana6l|move: Tailwind\n|\n|-weather|Sandstorm|[upkeep]\n|-damage|p2b: Ogerpon|10/100|[from] Sandstorm\n|-damage|p2a: Rillaboom|94/100|[from] Sandstorm\n|-heal|p2b: Ogerpon|16/100|[from] Grassy Terrain\n|-heal|p1a: Tyranitar|44/100|[from] Grassy Terrain\n|-heal|p2a: Rillaboom|100/100|[from] Grassy Terrain\n|upkeep\n|turn|9\n|\n|t:|1771189733\n|move|p2a: Rillaboom|Fake Out|p1b: Latios\n|-resisted|p1b: Latios\n|-damage|p1b: Latios|60/100\n|move|p2b: Ogerpon|Grassy Glide|p1a: Tyranitar\n|-supereffective|p1a: Tyranitar\n|-damage|p1a: Tyranitar|0 fnt\n|faint|p1a: Tyranitar\n|cant|p1b: Latios|flinch\n|\n|-weather|Sandstorm|[upkeep]\n|-damage|p2b: Ogerpon|10/100|[from] Sandstorm\n|-damage|p2a: Rillaboom|94/100|[from] Sandstorm\n|-heal|p2b: Ogerpon|16/100|[from] Grassy Terrain\n|-heal|p2a: Rillaboom|100/100|[from] Grassy Terrain\n|upkeep\n|\n|t:|1771189736\n|switch|p1a: Sneasler|Sneasler, M|100/100\n|turn|10\n|\n|t:|1771189750\n|move|p2b: Ogerpon|Spiky Shield|p2b: Ogerpon\n|-singleturn|p2b: Ogerpon|move: Protect\n|move|p1a: Sneasler|Dire Claw|p2a: Rillaboom\n|-supereffective|p2a: Rillaboom\n|-damage|p2a: Rillaboom|5/100\n|-status|p2a: Rillaboom|par\n|-damage|p1a: Sneasler|91/100|[from] item: Life Orb\n|move|p1b: Latios|Luster Purge|p2b: Ogerpon\n|-activate|p2b: Ogerpon|move: Protect\n|cant|p2a: Rillaboom|par\n|\n|-weather|none\n|-heal|p1a: Sneasler|97/100|[from] Grassy Terrain\n|-heal|p2b: Ogerpon|22/100|[from] Grassy Terrain\n|-heal|p2a: Rillaboom|11/100 par|[from] Grassy Terrain\n|upkeep\n|turn|11\n|\n|t:|1771189765\n|switch|p2b: Landorus|Landorus, M|63/100\n|move|p2a: Rillaboom|Grassy Glide|p1a: Sneasler\n|-resisted|p1a: Sneasler\n|-damage|p1a: Sneasler|65/100\n|move|p1a: Sneasler|Dire Claw|p2b: Landorus\n|-resisted|p2b: Landorus\n|-damage|p2b: Landorus|30/100\n|-status|p2b: Landorus|par\n|-damage|p1a: Sneasler|55/100|[from] item: Life Orb\n|move|p1b: Latios|Luster Purge|p2a: Rillaboom\n|-damage|p2a: Rillaboom|0 fnt\n|faint|p2a: Rillaboom\n|\n|-heal|p1a: Sneasler|61/100|[from] Grassy Terrain\n|-sideend|p1: natana6l|move: Tailwind\n|upkeep\n|\n|t:|1771189769\n|switch|p2a: Ogerpon|Ogerpon-Hearthflame-Tera, F, tera:Fire|22/100\n|-ability|p2a: Ogerpon|Embody Aspect (Hearthflame)|boost\n|-boost|p2a: Ogerpon|atk|1\n|turn|12\n|\n|t:|1771189778\n|move|p1a: Sneasler|Dire Claw|p2a: Ogerpon\n|-damage|p2a: Ogerpon|0 fnt\n|faint|p2a: Ogerpon\n|detailschange|p2: Ogerpon|Ogerpon-Hearthflame, F|[silent]\n|-damage|p1a: Sneasler|51/100|[from] item: Life Orb\n|move|p1b: Latios|Luster Purge|p2b: Landorus\n|-damage|p2b: Landorus|0 fnt\n|faint|p2b: Landorus\n|\n|win|natana6l\n|raw|natana6l's rating: 1588 &rarr; <strong>1613</strong><br />(+25 for winning)\n|raw|ismelllikesocksbro's rating: 1668 &rarr; <strong>1643</strong><br />(-25 for losing)\n|l|☆ismelllikesocksbro\n|player|p2|\n|l|☆natana6l\n|player|p1|\n", "uploadtime": 1771190041, "views": 11, "formatid": "gen9doublesou", "rating": 1613, "private": 0, "password": null}