{"id": "gen9doublesou-2540020332", "format": "[Gen 9] Doubles OU", "players": ["can i spectate", "wly_noname"], "log": "|j|☆can i spectate\n|j|☆wly_noname\n|t:|1771146200\n|gametype|doubles\n|player|p1|can i spectate|liko|1582\n|player|p2|wly_noname|cynthia-gen4|1546\n|gen|9\n|tier|[Gen 9] Doubles OU\n|rated|\n|rule|HP Percentage Mod: HP is shown in percentages\n|rule|Endless Battle Clause: Forcing endless battles is banned\n|rule|Species Clause: Limit one of each Pokémon\n|rule|OHKO Clause: OHKO moves are banned\n|rule|Evasion Moves Clause: Evasion moves are banned\n|rule|Gravity Sleep Clause: The combination of sleep-inducing moves with imperfect accuracy and Gravity or Gigantamax Orbeetle are banned\n|rule|Evasion Abilities Clause: Evasion abilities are banned\n|clearpoke\n|poke|p1|Iron Valiant|\n|poke|p1|Arcanine-Hisui, F|\n|poke|p1|Raging Bolt|\n|poke|p1|Ogerpon-Wellspring, F|\n|poke|p1|Landorus, M|\n|poke|p1|Moltres-Galar|\n|poke|p2|Incineroar, F|\n|poke|p2|Iron Hands|\n|poke|p2|Sinistcha|\n|poke|p2|Ting-Lu|\n|poke|p2|Gouging Fire|\n|poke|p2|Zapdos-Galar|\n|teampreview\n|inactive|Battle timer is ON: inactive players will automatically lose when time's up. (requested by wly_noname)\n|c|☆wly_noname|Gphf\n|c|☆wly_noname|Glhf\n|\n|t:|1771146224\n|teamsize|p1|6\n|teamsize|p2|6\n|start\n|switch|p1a: Iron Valiant|Iron Valiant|100/100\n|switch|p1b: Moltres|Moltres-Galar|100/100\n|switch|p2a: Ting-Lu|Ting-Lu|100/100\n|switch|p2b: Incineroar|Incineroar, F|100/100\n|-ability|p2b: Incineroar|Intimidate|boost\n|-unboost|p1a: Iron Valiant|atk|1\n|-unboost|p1b: Moltres|atk|1\n|-ability|p2a: Ting-Lu|Vessel of Ruin\n|-enditem|p1a: Iron Valiant|Booster Energy\n|-activate|p1a: Iron Valiant|ability: Quark Drive|[fromitem]\n|-start|p1a: Iron Valiant|quarkdrivespe\n|turn|1\n|\n|t:|1771146251\n|switch|p1b: Arcanine|Arcanine-Hisui, F|100/100\n|-ability|p1b: Arcanine|Intimidate|boost\n|-unboost|p2a: Ting-Lu|atk|1\n|-unboost|p2b: Incineroar|atk|1\n|move|p2b: Incineroar|Fake Out|p1a: Iron Valiant\n|-damage|p1a: Iron Valiant|91/100\n|cant|p1a: Iron Valiant|flinch\n|move|p2a: Ting-Lu|Whirlwind|p1a: Iron Valiant\n|-end|p1a: Iron Valiant|Quark Drive|[silent]\n|drag|p1a: Landorus|Landorus, M|100/100\n|\n|upkeep\n|turn|2\n|\n|t:|1771146272\n|switch|p2b: Zapdos|Zapdos-Galar|100/100\n|move|p1a: Landorus|Earth Power|p2a: Ting-Lu\n|-damage|p2a: Ting-Lu|57/100\n|move|p1b: Arcanine|Flare Blitz|p2a: Ting-Lu\n|-damage|p2a: Ting-Lu|7/100\n|-damage|p1b: Arcanine|78/100|[from] Recoil\n|move|p2a: Ting-Lu|Stealth Rock|p1b: Arcanine\n|-sidestart|p1: can i spectate|move: Stealth Rock\n|\n|-heal|p2a: Ting-Lu|13/100|[from] item: Leftovers\n|upkeep\n|turn|3\n|j| punyakoko\n|inactive|wly_noname has 120 seconds left.\n|inactive|can i spectate has 120 seconds left.\n|\n|t:|1771146317\n|switch|p1b: Iron Valiant|Iron Valiant|91/100\n|-damage|p1b: Iron Valiant|85/100|[from] Stealth Rock\n|move|p2b: Zapdos|Protect|p2b: Zapdos\n|-singleturn|p2b: Zapdos|Protect\n|move|p1a: Landorus|Earth Power|p2a: Ting-Lu\n|-damage|p2a: Ting-Lu|0 fnt\n|faint|p2a: Ting-Lu\n|\n|upkeep\n|\n|t:|1771146327\n|switch|p2a: Incineroar|Incineroar, F|100/100\n|-ability|p2a: Incineroar|Intimidate|boost\n|-unboost|p1a: Landorus|atk|1\n|-unboost|p1b: Iron Valiant|atk|1\n|turn|4\n|inactive|wly_noname has 120 seconds left.\n|\n|t:|1771146344\n|switch|p2b: Sinistcha|Sinistcha|100/100\n|move|p1b: Iron Valiant|Protect|p1b: Iron Valiant\n|-singleturn|p1b: Iron Valiant|Protect\n|move|p1a: Landorus|Protect|p1a: Landorus\n|-singleturn|p1a: Landorus|Protect\n|move|p2a: Incineroar|Fake Out|p1a: Landorus\n|-activate|p1a: Landorus|move: Protect\n|\n|upkeep\n|turn|5\n|inactive|wly_noname has 120 seconds left.\n|\n|t:|1771146369\n|switch|p2a: Iron Hands|Iron Hands|100/100\n|move|p1b: Iron Valiant|Moonblast|p2b: Sinistcha\n|-damage|p2b: Sinistcha|56/100\n|move|p1a: Landorus|Sludge Bomb|p2b: Sinistcha\n|-damage|p2b: Sinistcha|0 fnt\n|faint|p2b: Sinistcha\n|\n|upkeep\n|\n|t:|1771146381\n|switch|p2b: Gouging Fire|Gouging Fire|100/100\n|-enditem|p2b: Gouging Fire|Booster Energy\n|-activate|p2b: Gouging Fire|ability: Protosynthesis|[fromitem]\n|-start|p2b: Gouging Fire|protosynthesisspe\n|turn|6\n|inactive|wly_noname has 120 seconds left.\n|\n|t:|1771146403\n|-terastallize|p2b: Gouging Fire|Dragon\n|move|p2b: Gouging Fire|Heat Crash|p1b: Iron Valiant\n|-damage|p1b: Iron Valiant|22/100\n|move|p1b: Iron Valiant|Thunder Wave|p2b: Gouging Fire\n|-status|p2b: Gouging Fire|par\n|move|p1a: Landorus|Sandsear Storm|p2b: Gouging Fire|[spread] p2a,p2b\n|-supereffective|p2a: Iron Hands\n|-damage|p2a: Iron Hands|43/100\n|-damage|p2b: Gouging Fire|45/100 par\n|move|p2a: Iron Hands|Ice Punch|p1a: Landorus\n|-supereffective|p1a: Landorus\n|-damage|p1a: Landorus|0 fnt\n|faint|p1a: Landorus\n|\n|upkeep\n|inactive|can i spectate has 120 seconds left.\n|\n|t:|1771146420\n|switch|p1a: Moltres|Moltres-Galar|100/100\n|-damage|p1a: Moltres|76/100|[from] Stealth Rock\n|turn|7\n|\n|t:|1771146431\n|move|p1b: Iron Valiant|Moonblast|p2a: Iron Hands\n|-supereffective|p2a: Iron Hands\n|-damage|p2a: Iron Hands|0 fnt\n|faint|p2a: Iron Hands\n|-end|p2a: Iron Hands|Quark Drive|[silent]\n|move|p1a: Moltres|Fiery Wrath|p2b: Gouging Fire\n|-damage|p2b: Gouging Fire|0 fnt\n|faint|p2b: Gouging Fire\n|-end|p2b: Gouging Fire|Protosynthesis|[silent]\n|\n|upkeep\n|\n|t:|1771146437\n|switch|p2b: Incineroar|Incineroar, F|100/100\n|switch|p2a: Zapdos|Zapdos-Galar|100/100\n|-ability|p2b: Incineroar|Intimidate|boost\n|-unboost|p1a: Moltres|atk|1\n|-unboost|p1b: Iron Valiant|atk|1\n|turn|8\n|\n|t:|1771146455\n|switch|p1a: Raging Bolt|Raging Bolt|100/100\n|-damage|p1a: Raging Bolt|88/100|[from] Stealth Rock\n|move|p1b: Iron Valiant|Protect|p1b: Iron Valiant\n|-singleturn|p1b: Iron Valiant|Protect\n|move|p2b: Incineroar|Fake Out|p1b: Iron Valiant\n|-activate|p1b: Iron Valiant|move: Protect\n|move|p2a: Zapdos|Brave Bird|p1b: Iron Valiant\n|-activate|p1b: Iron Valiant|move: Protect\n|\n|upkeep\n|turn|9\n|inactive|can i spectate has 120 seconds left.\n|inactive|can i spectate has 90 seconds left.\n|\n|t:|1771146521\n|move|p2a: Zapdos|Protect|p2a: Zapdos\n|-singleturn|p2a: Zapdos|Protect\n|move|p1b: Iron Valiant|Moonblast|p2a: Zapdos\n|-activate|p2a: Zapdos|move: Protect\n|move|p1a: Raging Bolt|Thunderbolt|p2a: Zapdos\n|-activate|p2a: Zapdos|move: Protect\n|move|p2b: Incineroar|Knock Off|p1a: Raging Bolt\n|-damage|p1a: Raging Bolt|59/100\n|-enditem|p1a: Raging Bolt|Assault Vest|[from] move: Knock Off|[of] p2b: Incineroar\n|\n|upkeep\n|turn|10\n|inactive|can i spectate has 90 seconds left.\n|\n|t:|1771146567\n|move|p2a: Zapdos|Protect||[still]\n|-fail|p2a: Zapdos\n|move|p1a: Raging Bolt|Thunderclap||[still]\n|-fail|p1a: Raging Bolt\n|move|p1b: Iron Valiant|Moonblast|p2b: Incineroar\n|-damage|p2b: Incineroar|67/100\n|move|p2b: Incineroar|Parting Shot|p1a: Raging Bolt\n|-unboost|p1a: Raging Bolt|atk|1\n|-unboost|p1a: Raging Bolt|spa|1\n|\n|upkeep\n|turn|11\n|inactive|wly_noname has 120 seconds left.\n|\n|t:|1771146600\n|-end|p1a: Raging Bolt|Protosynthesis|[silent]\n|switch|p1a: Ogerpon|Ogerpon-Wellspring, F|100/100\n|-damage|p1a: Ogerpon|88/100|[from] Stealth Rock\n|move|p2a: Zapdos|Protect|p2a: Zapdos\n|-singleturn|p2a: Zapdos|Protect\n|move|p1b: Iron Valiant|Moonblast|p2a: Zapdos\n|-activate|p2a: Zapdos|move: Protect\n|move|p2b: Incineroar|Knock Off|p1a: Ogerpon\n|-damage|p1a: Ogerpon|57/100\n|\n|upkeep\n|turn|12\n|inactive|can i spectate has 90 seconds left.\n|\n|t:|1771146622\n|move|p1b: Iron Valiant|Moonblast|p2a: Zapdos\n|-supereffective|p2a: Zapdos\n|-damage|p2a: Zapdos|9/100\n|move|p1a: Ogerpon|Ivy Cudgel|p2b: Incineroar|[anim] Ivy Cudgel Water\n|-supereffective|p2b: Incineroar\n|-damage|p2b: Incineroar|0 fnt\n|faint|p2b: Incineroar\n|move|p2a: Zapdos|Brave Bird|p1a: Ogerpon\n|-supereffective|p1a: Ogerpon\n|-damage|p1a: Ogerpon|0 fnt\n|faint|p1a: Ogerpon\n|-damage|p2a: Zapdos|0 fnt|[from] Recoil\n|faint|p2a: Zapdos\n|\n|win|can i spectate\n|raw|can i spectate's rating: 1582 &rarr; <strong>1600</strong><br />(+18 for winning)\n|raw|wly_noname's rating: 1546 &rarr; <strong>1528</strong><br />(-18 for losing)\n|l|☆wly_noname\n|player|p2|\n|l|☆can i spectate\n|player|p1|\n|l| punyakoko\n|j| punyakoko\n|l| punyakoko\n", "uploadtime": 1771146986, "views": 14, "formatid": "gen9doublesou", "rating": 1528, "private": 0, "password": null}