{"id": "gen9doublesou-2540658727", "format": "[Gen 9] Doubles OU", "players": ["samu4846", "avlavlavlavl"], "log": "|j|☆samu4846\n|j|☆avlavlavlavl\n|t:|1771235589\n|gametype|doubles\n|player|p1|samu4846|265|1572\n|player|p2|avlavlavlavl|lacey|1594\n|gen|9\n|tier|[Gen 9] Doubles OU\n|rated|\n|rule|HP Percentage Mod: HP is shown in percentages\n|rule|Endless Battle Clause: Forcing endless battles is banned\n|rule|Species Clause: Limit one of each Pokémon\n|rule|OHKO Clause: OHKO moves are banned\n|rule|Evasion Moves Clause: Evasion moves are banned\n|rule|Gravity Sleep Clause: The combination of sleep-inducing moves with imperfect accuracy and Gravity or Gigantamax Orbeetle are banned\n|rule|Evasion Abilities Clause: Evasion abilities are banned\n|clearpoke\n|poke|p1|Torkoal, M|\n|poke|p1|Raging Bolt|\n|poke|p1|Ogerpon-Hearthflame, F|\n|poke|p1|Okidogi, M|\n|poke|p1|Chien-Pao|\n|poke|p1|Hoopa-Unbound|\n|poke|p2|Chi-Yu|\n|poke|p2|Landorus, M|\n|poke|p2|Ogerpon-Wellspring, F|\n|poke|p2|Tornadus, M|\n|poke|p2|Iron Hands|\n|poke|p2|Gholdengo|\n|teampreview\n|inactive|Battle timer is ON: inactive players will automatically lose when time's up. (requested by samu4846)\n|inactive|samu4846 has 120 seconds left.\n|inactive|avlavlavlavl has 120 seconds left.\n|\n|t:|1771235643\n|teamsize|p1|6\n|teamsize|p2|6\n|start\n|switch|p1a: Chien-Pao|Chien-Pao|100/100\n|switch|p1b: Raging Bolt|Raging Bolt|100/100\n|switch|p2a: Iron Hands|Iron Hands|100/100\n|switch|p2b: Landorus|Landorus, M|100/100\n|-ability|p1a: Chien-Pao|Sword of Ruin\n|turn|1\n|\n|t:|1771235667\n|move|p2a: Iron Hands|Fake Out|p1a: Chien-Pao\n|-damage|p1a: Chien-Pao|80/100\n|cant|p1a: Chien-Pao|flinch\n|move|p2b: Landorus|Sandsear Storm|p1a: Chien-Pao|[spread] p1a,p1b\n|-supereffective|p1b: Raging Bolt\n|-damage|p1a: Chien-Pao|0 fnt\n|-damage|p1b: Raging Bolt|33/100\n|faint|p1a: Chien-Pao\n|move|p1b: Raging Bolt|Draco Meteor|p2b: Landorus\n|-damage|p2b: Landorus|0 fnt\n|-unboost|p1b: Raging Bolt|spa|2\n|faint|p2b: Landorus\n|\n|upkeep\n|inactive|avlavlavlavl has 120 seconds left.\n|\n|t:|1771235691\n|switch|p1a: Ogerpon|Ogerpon-Hearthflame, F|100/100\n|switch|p2b: Tornadus|Tornadus, M|100/100\n|-ability|p1a: Ogerpon|Mold Breaker\n|turn|2\n|\n|t:|1771235708\n|move|p1a: Ogerpon|Spiky Shield|p1a: Ogerpon\n|-singleturn|p1a: Ogerpon|move: Protect\n|move|p2b: Tornadus|Tailwind|p2b: Tornadus\n|-sidestart|p2: avlavlavlavl|move: Tailwind\n|move|p2a: Iron Hands|Volt Switch|p1a: Ogerpon\n|-activate|p1a: Ogerpon|move: Protect\n|move|p1b: Raging Bolt|Volt Switch|p2b: Tornadus\n|-supereffective|p2b: Tornadus\n|-damage|p2b: Tornadus|54/100\n|\n|t:|1771235730\n|-end|p1b: Raging Bolt|Protosynthesis|[silent]\n|switch|p1b: Hoopa|Hoopa-Unbound|100/100|[from] Volt Switch\n|\n|upkeep\n|turn|3\n|\n|t:|1771235748\n|-terastallize|p1a: Ogerpon|Fire\n|detailschange|p1a: Ogerpon|Ogerpon-Hearthflame-Tera, F, tera:Fire\n|-ability|p1a: Ogerpon|Embody Aspect (Hearthflame)|boost\n|-boost|p1a: Ogerpon|atk|1\n|move|p2b: Tornadus|Bleakwind Storm|p1b: Hoopa|[spread] p1a,p1b\n|-damage|p1a: Ogerpon|57/100\n|-damage|p1b: Hoopa|76/100\n|move|p2a: Iron Hands|Volt Switch|p1a: Ogerpon\n|-damage|p1a: Ogerpon|42/100\n|\n|t:|1771235763\n|-end|p2a: Iron Hands|Quark Drive|[silent]\n|switch|p2a: Ogerpon|Ogerpon-Wellspring, F|100/100|[from] Volt Switch\n|move|p1a: Ogerpon|Ivy Cudgel|p2a: Ogerpon|[anim] Ivy Cudgel Fire\n|-damage|p2a: Ogerpon|0 fnt\n|faint|p2a: Ogerpon\n|move|p1b: Hoopa|Trick Room|p1b: Hoopa\n|-fieldstart|move: Trick Room|[of] p1b: Hoopa\n|\n|upkeep\n|inactive|avlavlavlavl has 120 seconds left.\n|\n|t:|1771235784\n|switch|p2a: Iron Hands|Iron Hands|100/100\n|turn|4\n|inactive|avlavlavlavl has 120 seconds left.\n|\n|t:|1771235805\n|move|p2b: Tornadus|Protect|p2b: Tornadus\n|-singleturn|p2b: Tornadus|Protect\n|move|p2a: Iron Hands|Fake Out|p1b: Hoopa\n|-damage|p1b: Hoopa|55/100\n|cant|p1b: Hoopa|flinch\n|move|p1a: Ogerpon|Ivy Cudgel|p2a: Iron Hands|[anim] Ivy Cudgel Fire\n|-damage|p2a: Iron Hands|22/100\n|\n|upkeep\n|turn|5\n|inactive|avlavlavlavl has 120 seconds left.\n|\n|t:|1771235829\n|-end|p2a: Iron Hands|Quark Drive|[silent]\n|switch|p2a: Gholdengo|Gholdengo|100/100\n|move|p1b: Hoopa|Expanding Force|p2a: Gholdengo\n|-resisted|p2a: Gholdengo\n|-damage|p2a: Gholdengo|69/100\n|move|p1a: Ogerpon|Ivy Cudgel|p2b: Tornadus|[anim] Ivy Cudgel Fire\n|-damage|p2b: Tornadus|0 fnt\n|faint|p2b: Tornadus\n|\n|-sideend|p2: avlavlavlavl|move: Tailwind\n|upkeep\n|inactive|avlavlavlavl has 120 seconds left.\n|\n|t:|1771235841\n|switch|p2b: Iron Hands|Iron Hands|22/100\n|turn|6\n|inactive|avlavlavlavl has 120 seconds left.\n|\n|t:|1771235867\n|switch|p1b: Raging Bolt|Raging Bolt|33/100\n|move|p1a: Ogerpon|Spiky Shield|p1a: Ogerpon\n|-singleturn|p1a: Ogerpon|move: Protect\n|move|p2b: Iron Hands|Fake Out|p1a: Ogerpon\n|-activate|p1a: Ogerpon|move: Protect\n|-damage|p2b: Iron Hands|10/100|[from] Spiky Shield|[of] p1a: Ogerpon\n|move|p2a: Gholdengo|Make It Rain|p1b: Raging Bolt|[spread] p1b\n|-activate|p1a: Ogerpon|move: Protect\n|-resisted|p1b: Raging Bolt\n|-damage|p1b: Raging Bolt|21/100\n|-unboost|p2a: Gholdengo|spa|1\n|\n|upkeep\n|turn|7\n|l|☆samu4846\n|inactive|samu4846 disconnected and has a minute to reconnect!\n|player|p1|\n|inactive|samu4846 has 30 seconds to reconnect!\n|inactive|samu4846 has 20 seconds to reconnect!\n|inactive|samu4846 has 15 seconds to reconnect!\n|inactive|samu4846 has 10 seconds to reconnect!\n|inactive|samu4846 has 5 seconds to reconnect!\n|-message|samu4846 lost due to inactivity.\n|\n|win|avlavlavlavl\n|raw|samu4846's rating: 1572 &rarr; <strong>1553</strong><br />(-19 for losing)\n|raw|avlavlavlavl's rating: 1594 &rarr; <strong>1613</strong><br />(+19 for winning)\n|l|☆avlavlavlavl\n|player|p2|\n", "uploadtime": 1771236224, "views": 11, "formatid": "gen9doublesou", "rating": 1553, "private": 0, "password": null}