{"id": "gen9doublesou-2540221752", "format": "[Gen 9] Doubles OU", "players": ["dobou", "drapionelectivire"], "log": "|badge|p2|bronze|gen9doublesou|100-8\n|uhtml|medal-msg|<div class=\"broadcast-blue\">Curious what those medals under the avatar are? PS now has Ladder Seasons! For more information, check out the <a href=\"https://www.smogon.com/forums/threads/3740067/\">thread on Smogon.</a></div>\n|j|☆dobou\n|j|☆drapionelectivire\n|t:|1771177483\n|gametype|doubles\n|player|p1|dobou|clown|1597\n|player|p2|drapionelectivire|2|1784\n|gen|9\n|tier|[Gen 9] Doubles OU\n|rated|\n|rule|HP Percentage Mod: HP is shown in percentages\n|rule|Endless Battle Clause: Forcing endless battles is banned\n|rule|Species Clause: Limit one of each Pokémon\n|rule|OHKO Clause: OHKO moves are banned\n|rule|Evasion Moves Clause: Evasion moves are banned\n|rule|Gravity Sleep Clause: The combination of sleep-inducing moves with imperfect accuracy and Gravity or Gigantamax Orbeetle are banned\n|rule|Evasion Abilities Clause: Evasion abilities are banned\n|clearpoke\n|poke|p1|Ninetales-Alola, M|\n|poke|p1|Kingambit, F|\n|poke|p1|Incineroar, F|\n|poke|p1|Ogerpon-Wellspring, F|\n|poke|p1|Landorus, M|\n|poke|p1|Kyurem|\n|poke|p2|Torkoal, M|\n|poke|p2|Lilligant-Hisui, F|\n|poke|p2|Farigiraf, M|\n|poke|p2|Raging Bolt|\n|poke|p2|Walking Wake|\n|poke|p2|Typhlosion-Hisui, F|\n|teampreview\n|inactive|Battle timer is ON: inactive players will automatically lose when time's up. (requested by drapionelectivire)\n|inactive|dobou has 120 seconds left.\n|\n|t:|1771177540\n|teamsize|p1|6\n|teamsize|p2|6\n|start\n|switch|p1a: Ogerpon|Ogerpon-Wellspring, F|100/100\n|switch|p1b: Incineroar|Incineroar, F|100/100\n|switch|p2a: Torkoal|Torkoal, M|100/100\n|switch|p2b: Walking Wake|Walking Wake|100/100\n|-ability|p1b: Incineroar|Intimidate|boost\n|-unboost|p2a: Torkoal|atk|1\n|-unboost|p2b: Walking Wake|atk|1\n|-weather|SunnyDay|[from] ability: Drought|[of] p2a: Torkoal\n|-activate|p2b: Walking Wake|ability: Protosynthesis\n|-start|p2b: Walking Wake|protosynthesisspe\n|turn|1\n|\n|t:|1771177569\n|-end|p2b: Walking Wake|Protosynthesis|[silent]\n|switch|p2b: Farigiraf|Farigiraf, M|100/100\n|move|p1b: Incineroar|Fake Out||[still]\n|cant|p2b: Farigiraf|ability: Armor Tail|Fake Out|[of] p1b: Incineroar\n|move|p1a: Ogerpon|Horn Leech|p2b: Farigiraf\n|-damage|p2b: Farigiraf|67/100\n|move|p2a: Torkoal|Stealth Rock|p1a: Ogerpon\n|-sidestart|p1: dobou|move: Stealth Rock\n|\n|-weather|SunnyDay|[upkeep]\n|upkeep\n|turn|2\n|\n|t:|1771177586\n|switch|p2a: Raging Bolt|Raging Bolt|100/100\n|-activate|p2a: Raging Bolt|ability: Protosynthesis\n|-start|p2a: Raging Bolt|protosynthesisspa\n|move|p1a: Ogerpon|Horn Leech|p2b: Farigiraf\n|-damage|p2b: Farigiraf|27/100\n|move|p1b: Incineroar|Knock Off|p2b: Farigiraf\n|-supereffective|p2b: Farigiraf\n|-damage|p2b: Farigiraf|0 fnt\n|-enditem|p2b: Farigiraf|Throat Spray|[from] move: Knock Off|[of] p1b: Incineroar\n|faint|p2b: Farigiraf\n|\n|-weather|SunnyDay|[upkeep]\n|upkeep\n|\n|t:|1771177597\n|switch|p2b: Walking Wake|Walking Wake|100/100\n|-activate|p2b: Walking Wake|ability: Protosynthesis\n|-start|p2b: Walking Wake|protosynthesisspe\n|turn|3\n|inactive|dobou has 120 seconds left.\n|\n|t:|1771177640\n|move|p1a: Ogerpon|Follow Me|p1a: Ogerpon\n|-singleturn|p1a: Ogerpon|move: Follow Me\n|move|p2b: Walking Wake|Hydro Steam|p1a: Ogerpon\n|-immune|p1a: Ogerpon|[from] ability: Water Absorb\n|move|p2a: Raging Bolt|Thunderbolt|p1a: Ogerpon\n|-damage|p1a: Ogerpon|31/100\n|move|p1b: Incineroar|Parting Shot|p2a: Raging Bolt\n|-unboost|p2a: Raging Bolt|atk|1\n|-unboost|p2a: Raging Bolt|spa|1\n|\n|t:|1771177656\n|switch|p1b: Ninetales|Ninetales-Alola, M|100/100|[from] Parting Shot\n|-damage|p1b: Ninetales|75/100|[from] Stealth Rock\n|-weather|Snowscape|[from] ability: Snow Warning|[of] p1b: Ninetales\n|-end|p2b: Walking Wake|Protosynthesis\n|-end|p2a: Raging Bolt|Protosynthesis\n|\n|-weather|Snowscape|[upkeep]\n|upkeep\n|turn|4\n|inactive|dobou has 120 seconds left.\n|\n|t:|1771177677\n|switch|p1b: Kyurem|Kyurem|100/100\n|-damage|p1b: Kyurem|76/100|[from] Stealth Rock\n|-ability|p1b: Kyurem|Pressure\n|-end|p2a: Raging Bolt|Protosynthesis|[silent]\n|switch|p2a: Torkoal|Torkoal, M|100/100\n|-weather|SunnyDay|[from] ability: Drought|[of] p2a: Torkoal\n|-activate|p2b: Walking Wake|ability: Protosynthesis\n|-start|p2b: Walking Wake|protosynthesisspe\n|move|p2b: Walking Wake|Flamethrower|p1b: Kyurem\n|-damage|p1b: Kyurem|41/100\n|-damage|p2b: Walking Wake|91/100|[from] item: Life Orb\n|move|p1a: Ogerpon|Horn Leech|p2b: Walking Wake\n|-damage|p2b: Walking Wake|48/100\n|-heal|p1a: Ogerpon|53/100|[from] drain|[of] p2b: Walking Wake\n|\n|-weather|SunnyDay|[upkeep]\n|upkeep\n|turn|5\n|inactive|dobou has 120 seconds left.\n|\n|t:|1771177703\n|switch|p2a: Raging Bolt|Raging Bolt|100/100\n|-activate|p2a: Raging Bolt|ability: Protosynthesis\n|-start|p2a: Raging Bolt|protosynthesisspa\n|move|p2b: Walking Wake|Flamethrower|p1a: Ogerpon\n|-damage|p1a: Ogerpon|0 fnt\n|faint|p1a: Ogerpon\n|-damage|p2b: Walking Wake|38/100|[from] item: Life Orb\n|move|p1b: Kyurem|Freeze-Dry|p2a: Raging Bolt\n|-supereffective|p2a: Raging Bolt\n|-damage|p2a: Raging Bolt|47/100\n|\n|-weather|SunnyDay|[upkeep]\n|-heal|p2a: Raging Bolt|53/100|[from] item: Leftovers\n|upkeep\n|\n|t:|1771177722\n|switch|p1a: Landorus|Landorus, M|100/100\n|-damage|p1a: Landorus|88/100|[from] Stealth Rock\n|turn|6\n|\n|t:|1771177745\n|-terastallize|p1b: Kyurem|Fairy\n|move|p2b: Walking Wake|Protect|p2b: Walking Wake\n|-singleturn|p2b: Walking Wake|Protect\n|move|p1a: Landorus|Protect|p1a: Landorus\n|-singleturn|p1a: Landorus|Protect\n|move|p2a: Raging Bolt|Protect|p2a: Raging Bolt\n|-singleturn|p2a: Raging Bolt|Protect\n|move|p1b: Kyurem|Freeze-Dry|p2b: Walking Wake\n|-activate|p2b: Walking Wake|move: Protect\n|\n|-weather|SunnyDay|[upkeep]\n|-heal|p2a: Raging Bolt|60/100|[from] item: Leftovers\n|upkeep\n|turn|7\n|inactive|dobou has 120 seconds left.\n|inactive|drapionelectivire has 120 seconds left.\n|\n|t:|1771177779\n|move|p2a: Raging Bolt|Thunderclap|p1b: Kyurem\n|-damage|p1b: Kyurem|11/100\n|move|p2b: Walking Wake|Hydro Steam|p1a: Landorus\n|-supereffective|p1a: Landorus\n|-damage|p1a: Landorus|0 fnt\n|faint|p1a: Landorus\n|-damage|p2b: Walking Wake|28/100|[from] item: Life Orb\n|move|p1b: Kyurem|Freeze-Dry|p2b: Walking Wake\n|-supereffective|p2b: Walking Wake\n|-damage|p2b: Walking Wake|0 fnt\n|faint|p2b: Walking Wake\n|-end|p2b: Walking Wake|Protosynthesis|[silent]\n|\n|-weather|SunnyDay|[upkeep]\n|-heal|p2a: Raging Bolt|66/100|[from] item: Leftovers\n|upkeep\n|inactive|dobou has 120 seconds left.\n|inactive|drapionelectivire has 120 seconds left.\n|\n|t:|1771177799\n|switch|p2b: Typhlosion|Typhlosion-Hisui, F|100/100\n|switch|p1a: Incineroar|Incineroar, F|100/100\n|-damage|p1a: Incineroar|75/100|[from] Stealth Rock\n|-ability|p1a: Incineroar|Intimidate|boost\n|-unboost|p2a: Raging Bolt|atk|1\n|-unboost|p2b: Typhlosion|atk|1\n|turn|8\n|inactive|drapionelectivire has 120 seconds left.\n|inactive|dobou has 120 seconds left.\n|\n|t:|1771177839\n|switch|p2b: Lilligant|Lilligant-Hisui, F, shiny|100/100\n|move|p1a: Incineroar|Fake Out|p2a: Raging Bolt\n|-damage|p2a: Raging Bolt|57/100\n|cant|p2a: Raging Bolt|flinch\n|move|p1b: Kyurem|Earth Power|p2b: Lilligant\n|-resisted|p2b: Lilligant\n|-damage|p2b: Lilligant|79/100\n|-unboost|p2b: Lilligant|spd|1\n|\n|-weather|SunnyDay|[upkeep]\n|-heal|p2a: Raging Bolt|63/100|[from] item: Leftovers\n|upkeep\n|turn|9\n|inactive|drapionelectivire has 120 seconds left.\n|\n|t:|1771177857\n|move|p2a: Raging Bolt|Thunderclap|p1b: Kyurem\n|-damage|p1b: Kyurem|0 fnt\n|faint|p1b: Kyurem\n|move|p2b: Lilligant|Close Combat|p1a: Incineroar\n|-supereffective|p1a: Incineroar\n|-damage|p1a: Incineroar|0 fnt\n|-unboost|p2b: Lilligant|def|1\n|-unboost|p2b: Lilligant|spd|1\n|faint|p1a: Incineroar\n|\n|-weather|SunnyDay|[upkeep]\n|-heal|p2a: Raging Bolt|69/100|[from] item: Leftovers\n|upkeep\n|\n|t:|1771177859\n|switch|p1b: Kingambit|Kingambit, F|100/100\n|switch|p1a: Ninetales|Ninetales-Alola, M|75/100\n|-damage|p1a: Ninetales|50/100|[from] Stealth Rock\n|-weather|Snowscape|[from] ability: Snow Warning|[of] p1a: Ninetales\n|-end|p2a: Raging Bolt|Protosynthesis\n|-damage|p1b: Kingambit|94/100|[from] Stealth Rock\n|turn|10\n|inactive|drapionelectivire has 120 seconds left.\n|\n|t:|1771177889\n|switch|p2b: Torkoal|Torkoal, M|100/100\n|-weather|SunnyDay|[from] ability: Drought|[of] p2b: Torkoal\n|-activate|p2a: Raging Bolt|ability: Protosynthesis\n|-start|p2a: Raging Bolt|protosynthesisspa\n|move|p1b: Kingambit|Protect|p1b: Kingambit\n|-singleturn|p1b: Kingambit|Protect\n|move|p1a: Ninetales|Blizzard|p2b: Torkoal|[spread] p2a\n|-miss|p1a: Ninetales|p2b: Torkoal\n|-supereffective|p2a: Raging Bolt\n|-damage|p2a: Raging Bolt|28/100\n|move|p2a: Raging Bolt|Thunderbolt|p1a: Ninetales\n|-damage|p1a: Ninetales|0 fnt\n|faint|p1a: Ninetales\n|\n|-weather|SunnyDay|[upkeep]\n|-heal|p2a: Raging Bolt|34/100|[from] item: Leftovers\n|-heal|p1b: Kingambit|100/100|[from] item: Leftovers\n|upkeep\n|turn|11\n|-message|dobou forfeited.\n|\n|win|drapionelectivire\n|raw|dobou's rating: 1597 &rarr; <strong>1587</strong><br />(-10 for losing)\n|raw|drapionelectivire's rating: 1784 &rarr; <strong>1794</strong><br />(+10 for winning)\n|l|☆dobou\n|player|p1|\n", "uploadtime": 1771178088, "views": 12, "formatid": "gen9doublesou", "rating": 1587, "private": 0, "password": null}