{"id": "gen9doublesou-2540842018", "format": "[Gen 9] Doubles OU", "players": ["Marreant", "thetired"], "log": "|j|☆Marreant\n|j|☆thetired\n|t:|1771259635\n|gametype|doubles\n|player|p1|Marreant|unknown|1536\n|player|p2|thetired|caitlin|1639\n|gen|9\n|tier|[Gen 9] Doubles OU\n|rated|\n|rule|HP Percentage Mod: HP is shown in percentages\n|rule|Endless Battle Clause: Forcing endless battles is banned\n|rule|Species Clause: Limit one of each Pokémon\n|rule|OHKO Clause: OHKO moves are banned\n|rule|Evasion Moves Clause: Evasion moves are banned\n|rule|Gravity Sleep Clause: The combination of sleep-inducing moves with imperfect accuracy and Gravity or Gigantamax Orbeetle are banned\n|rule|Evasion Abilities Clause: Evasion abilities are banned\n|clearpoke\n|poke|p1|Slaking, M|\n|poke|p1|Weezing, F|\n|poke|p1|Tyranitar, M|\n|poke|p1|Goodra-Hisui, F|\n|poke|p1|Gyarados, M|\n|poke|p1|Roaring Moon|\n|poke|p2|Diancie|\n|poke|p2|Indeedee-F, F|\n|poke|p2|Smeargle, F|\n|poke|p2|Hatterene, F|\n|poke|p2|Torkoal, F|\n|poke|p2|Hoopa-Unbound|\n|teampreview\n|inactive|Battle timer is ON: inactive players will automatically lose when time's up. (requested by Marreant)\n|\n|t:|1771259650\n|teamsize|p1|6\n|teamsize|p2|6\n|start\n|switch|p1a: Weezing|Weezing, F, shiny|100/100\n|switch|p1b: Slaking|Slaking, M, shiny|100/100\n|switch|p2a: Diancie|Diancie|100/100\n|switch|p2b: Smeargle|Smeargle, F|100/100\n|-ability|p1a: Weezing|Neutralizing Gas\n|turn|1\n|\n|t:|1771259677\n|-terastallize|p1b: Slaking|Ghost\n|move|p1b: Slaking|Heavy Slam|p2a: Diancie\n|-supereffective|p2a: Diancie\n|-damage|p2a: Diancie|0 fnt\n|faint|p2a: Diancie\n|move|p2b: Smeargle|Spore|p1b: Slaking\n|-status|p1b: Slaking|slp|[from] move: Spore\n|move|p1a: Weezing|Taunt|p2b: Smeargle\n|-start|p2b: Smeargle|move: Taunt\n|\n|upkeep\n|\n|t:|1771259686\n|switch|p2a: Torkoal|Torkoal, F|100/100\n|turn|2\n|\n|t:|1771259700\n|switch|p2b: Indeedee|Indeedee-F, F|100/100\n|-terastallize|p2a: Torkoal|Fire\n|cant|p1b: Slaking|slp\n|move|p1a: Weezing|Sludge Bomb|p2a: Torkoal\n|-damage|p2a: Torkoal|63/100\n|move|p2a: Torkoal|Eruption|p1a: Weezing|[spread] p1a,p1b\n|-damage|p1a: Weezing|38/100\n|-damage|p1b: Slaking|38/100 slp\n|-enditem|p1a: Weezing|Sitrus Berry|[eat]\n|-heal|p1a: Weezing|62/100|[from] item: Sitrus Berry\n|\n|upkeep\n|turn|3\n|\n|t:|1771259715\n|-end|p1a: Weezing|ability: Neutralizing Gas\n|-fieldstart|move: Psychic Terrain|[from] ability: Psychic Surge|[of] p2b: Indeedee\n|-weather|SunnyDay|[from] ability: Drought|[of] p2a: Torkoal\n|switch|p1a: Tyranitar|Tyranitar, M|100/100\n|-weather|Sandstorm|[from] ability: Sand Stream|[of] p1a: Tyranitar\n|-curestatus|p1b: Slaking|slp|[msg]\n|move|p1b: Slaking|Heavy Slam|p2a: Torkoal\n|-resisted|p2a: Torkoal\n|-damage|p2a: Torkoal|57/100\n|move|p2a: Torkoal|Eruption|p1a: Tyranitar|[spread] p1a,p1b\n|-resisted|p1a: Tyranitar\n|-crit|p1b: Slaking\n|-damage|p1a: Tyranitar|93/100\n|-damage|p1b: Slaking|0 fnt\n|faint|p1b: Slaking\n|move|p2b: Indeedee|Trick Room|p2b: Indeedee\n|-fieldstart|move: Trick Room|[of] p2b: Indeedee\n|\n|-weather|Sandstorm|[upkeep]\n|-damage|p2a: Torkoal|51/100|[from] Sandstorm\n|upkeep\n|\n|t:|1771259727\n|switch|p1b: Gyarados|Gyarados, M, shiny|100/100\n|-ability|p1b: Gyarados|Intimidate|boost\n|-unboost|p2a: Torkoal|atk|1\n|-unboost|p2b: Indeedee|atk|1\n|turn|4\n|\n|t:|1771259743\n|switch|p2a: Hoopa|Hoopa-Unbound|100/100\n|-enditem|p2a: Hoopa|Psychic Seed\n|-boost|p2a: Hoopa|spd|1|[from] item: Psychic Seed\n|switch|p2b: Hatterene|Hatterene, F|100/100\n|move|p1a: Tyranitar|Snarl|p2b: Hatterene|[spread] p2a,p2b\n|-damage|p2a: Hoopa|94/100\n|-damage|p2b: Hatterene|88/100\n|-unboost|p2a: Hoopa|spa|1\n|-unboost|p2b: Hatterene|spa|1\n|move|p1b: Gyarados|Thunder Wave|p2b: Hatterene\n|move|p2b: Hatterene|Thunder Wave|p1b: Gyarados|[from] ability: Magic Bounce\n|-status|p1b: Gyarados|par\n|\n|-weather|Sandstorm|[upkeep]\n|-damage|p2b: Hatterene|82/100|[from] Sandstorm\n|-damage|p2a: Hoopa|88/100|[from] Sandstorm\n|upkeep\n|turn|5\n|\n|t:|1771259754\n|move|p2b: Hatterene|Dazzling Gleam|p1a: Tyranitar|[spread] p1a,p1b\n|-supereffective|p1a: Tyranitar\n|-damage|p1a: Tyranitar|81/100\n|-damage|p1b: Gyarados|81/100 par\n|move|p1b: Gyarados|Thunder Wave|p2a: Hoopa\n|-status|p2a: Hoopa|par\n|move|p2a: Hoopa|Expanding Force|p1b: Gyarados|[spread] p1b\n|-immune|p1a: Tyranitar\n|-damage|p1b: Gyarados|34/100 par\n|-item|p2a: Hoopa|Safety Goggles|[from] ability: Magician|[of] p1b: Gyarados\n|move|p1a: Tyranitar|Knock Off|p2b: Hatterene\n|-damage|p2b: Hatterene|33/100\n|-enditem|p2b: Hatterene|Twisted Spoon|[from] move: Knock Off|[of] p1a: Tyranitar\n|\n|-weather|Sandstorm|[upkeep]\n|-damage|p2b: Hatterene|27/100|[from] Sandstorm\n|-damage|p1b: Gyarados|28/100 par|[from] Sandstorm\n|upkeep\n|turn|6\n|\n|t:|1771259770\n|switch|p2a: Torkoal|Torkoal, F, tera:Fire|51/100\n|-weather|SunnyDay|[from] ability: Drought|[of] p2a: Torkoal\n|switch|p1b: Roaring Moon|Roaring Moon|100/100\n|-activate|p1b: Roaring Moon|ability: Protosynthesis\n|-start|p1b: Roaring Moon|protosynthesisatk\n|move|p2b: Hatterene|Dazzling Gleam|p1a: Tyranitar|[spread] p1a,p1b\n|-supereffective|p1a: Tyranitar\n|-supereffective|p1b: Roaring Moon\n|-damage|p1a: Tyranitar|63/100\n|-damage|p1b: Roaring Moon|7/100\n|move|p1a: Tyranitar|Snarl|p2b: Hatterene|[spread] p2a,p2b\n|-damage|p2a: Torkoal|35/100\n|-damage|p2b: Hatterene|14/100\n|-unboost|p2a: Torkoal|spa|1\n|-unboost|p2b: Hatterene|spa|1\n|\n|-weather|SunnyDay|[upkeep]\n|upkeep\n|turn|7\n|\n|t:|1771259789\n|switch|p2a: Indeedee|Indeedee-F, F|100/100\n|switch|p1a: Weezing|Weezing, F, shiny|62/100\n|-ability|p1a: Weezing|Neutralizing Gas\n|move|p1b: Roaring Moon|Protect|p1b: Roaring Moon\n|-singleturn|p1b: Roaring Moon|Protect\n|move|p2b: Hatterene|Dazzling Gleam|p1a: Weezing|[spread] p1a\n|-activate|p1b: Roaring Moon|move: Protect\n|-resisted|p1a: Weezing\n|-damage|p1a: Weezing|54/100\n|\n|-weather|SunnyDay|[upkeep]\n|-fieldend|move: Trick Room\n|-fieldend|move: Psychic Terrain\n|upkeep\n|turn|8\n|\n|t:|1771259804\n|move|p2a: Indeedee|Follow Me|p2a: Indeedee\n|-singleturn|p2a: Indeedee|move: Follow Me\n|move|p1b: Roaring Moon|Knock Off|p2a: Indeedee\n|-supereffective|p2a: Indeedee\n|-damage|p2a: Indeedee|0 fnt\n|-enditem|p2a: Indeedee|Safety Goggles|[from] move: Knock Off|[of] p1b: Roaring Moon\n|faint|p2a: Indeedee\n|move|p1a: Weezing|Sludge Bomb|p2b: Hatterene\n|-supereffective|p2b: Hatterene\n|-damage|p2b: Hatterene|0 fnt\n|faint|p2b: Hatterene\n|\n|-weather|SunnyDay|[upkeep]\n|upkeep\n|\n|t:|1771259809\n|switch|p2a: Smeargle|Smeargle, F|100/100\n|switch|p2b: Hoopa|Hoopa-Unbound|88/100 par\n|turn|9\n|\n|t:|1771259817\n|move|p1b: Roaring Moon|Protect|p1b: Roaring Moon\n|-singleturn|p1b: Roaring Moon|Protect\n|move|p2a: Smeargle|Fake Out|p1a: Weezing\n|-damage|p1a: Weezing|51/100\n|cant|p1a: Weezing|flinch\n|move|p2b: Hoopa|Trick Room|p2b: Hoopa\n|-fieldstart|move: Trick Room|[of] p2b: Hoopa\n|\n|-weather|SunnyDay|[upkeep]\n|upkeep\n|turn|10\n|\n|t:|1771259829\n|-end|p1b: Roaring Moon|Protosynthesis|[silent]\n|switch|p1b: Gyarados|Gyarados, M, shiny|28/100 par\n|cant|p2b: Hoopa|par\n|move|p1a: Weezing|Taunt|p2a: Smeargle\n|-start|p2a: Smeargle|move: Taunt\n|cant|p2a: Smeargle|move: Taunt|Spore\n|\n|-weather|none\n|upkeep\n|turn|11\n|\n|t:|1771259845\n|switch|p2a: Torkoal|Torkoal, F, tera:Fire|35/100\n|move|p1a: Weezing|Protect|p1a: Weezing\n|-singleturn|p1a: Weezing|Protect\n|move|p2b: Hoopa|Expanding Force|p1b: Gyarados\n|-damage|p1b: Gyarados|0 fnt\n|faint|p1b: Gyarados\n|\n|upkeep\n|\n|t:|1771259856\n|switch|p1b: Goodra|Goodra-Hisui, F, shiny|100/100\n|turn|12\n|\n|t:|1771259861\n|switch|p2a: Smeargle|Smeargle, F|100/100\n|cant|p2b: Hoopa|par\n|move|p1b: Goodra|Life Dew||[still]|[spread] p1a,p1b\n|-heal|p1a: Weezing|76/100\n|-fail|p1b: Goodra|heal\n|move|p1a: Weezing|Sludge Bomb|p2a: Smeargle\n|-damage|p2a: Smeargle|42/100\n|\n|upkeep\n|turn|13\n|\n|t:|1771259877\n|move|p2b: Hoopa|Expanding Force|p1a: Weezing\n|-supereffective|p1a: Weezing\n|-damage|p1a: Weezing|0 fnt\n|faint|p1a: Weezing\n|-end|p1a: Weezing|ability: Neutralizing Gas\n|move|p1b: Goodra|Body Press|p2b: Hoopa\n|-damage|p2b: Hoopa|54/100 par\n|move|p2a: Smeargle|Decorate|p2b: Hoopa\n|-boost|p2b: Hoopa|atk|2\n|-boost|p2b: Hoopa|spa|2\n|\n|-fieldend|move: Trick Room\n|-ability|p2a: Smeargle|Moody|boost\n|-boost|p2a: Smeargle|def|2\n|-unboost|p2a: Smeargle|atk|1\n|upkeep\n|\n|t:|1771259888\n|switch|p1a: Roaring Moon|Roaring Moon|7/100\n|-enditem|p1a: Roaring Moon|Booster Energy\n|-activate|p1a: Roaring Moon|ability: Protosynthesis|[fromitem]\n|-start|p1a: Roaring Moon|protosynthesisatk\n|turn|14\n|\n|t:|1771259894\n|move|p2a: Smeargle|Follow Me|p2a: Smeargle\n|-singleturn|p2a: Smeargle|move: Follow Me\n|move|p1a: Roaring Moon|Breaking Swipe|p2b: Hoopa|[spread] p2a,p2b\n|-damage|p2a: Smeargle|2/100\n|-damage|p2b: Hoopa|10/100 par\n|-unboost|p2a: Smeargle|atk|1\n|-unboost|p2b: Hoopa|atk|1\n|move|p1b: Goodra|Body Press|p2a: Smeargle\n|-supereffective|p2a: Smeargle\n|-damage|p2a: Smeargle|0 fnt\n|faint|p2a: Smeargle\n|move|p2b: Hoopa|Trick Room|p2b: Hoopa\n|-fieldstart|move: Trick Room|[of] p2b: Hoopa\n|\n|upkeep\n|\n|t:|1771259902\n|switch|p2a: Torkoal|Torkoal, F, tera:Fire|35/100\n|-weather|SunnyDay|[from] ability: Drought|[of] p2a: Torkoal\n|turn|15\n|\n|t:|1771259907\n|-end|p1a: Roaring Moon|Protosynthesis|[silent]\n|switch|p1a: Tyranitar|Tyranitar, M|63/100\n|-weather|Sandstorm|[from] ability: Sand Stream|[of] p1a: Tyranitar\n|move|p2a: Torkoal|Earth Power|p1b: Goodra\n|-supereffective|p1b: Goodra\n|-damage|p1b: Goodra|52/100\n|move|p2b: Hoopa|Dark Pulse|p1b: Goodra\n|-damage|p1b: Goodra|0 fnt\n|faint|p1b: Goodra\n|\n|-weather|Sandstorm|[upkeep]\n|-damage|p2a: Torkoal|29/100|[from] Sandstorm\n|upkeep\n|\n|t:|1771259913\n|switch|p1b: Roaring Moon|Roaring Moon|7/100\n|turn|16\n|\n|t:|1771259921\n|move|p1b: Roaring Moon|Protect|p1b: Roaring Moon\n|-singleturn|p1b: Roaring Moon|Protect\n|move|p2a: Torkoal|Earth Power|p1a: Tyranitar\n|-supereffective|p1a: Tyranitar\n|-damage|p1a: Tyranitar|40/100\n|move|p2b: Hoopa|Dark Pulse|p1a: Tyranitar\n|-resisted|p1a: Tyranitar\n|-damage|p1a: Tyranitar|24/100\n|move|p1a: Tyranitar|Snarl|p2b: Hoopa|[spread] p2a,p2b\n|-damage|p2a: Torkoal|12/100\n|-damage|p2b: Hoopa|2/100 par\n|-unboost|p2a: Torkoal|spa|1\n|-unboost|p2b: Hoopa|spa|1\n|\n|-weather|Sandstorm|[upkeep]\n|-damage|p2a: Torkoal|6/100|[from] Sandstorm\n|-damage|p1b: Roaring Moon|1/100|[from] Sandstorm\n|upkeep\n|turn|17\n|\n|t:|1771259935\n|move|p2a: Torkoal|Earth Power|p1a: Tyranitar\n|-supereffective|p1a: Tyranitar\n|-damage|p1a: Tyranitar|10/100\n|move|p2b: Hoopa|Dark Pulse|p1a: Tyranitar\n|-resisted|p1a: Tyranitar\n|-damage|p1a: Tyranitar|0 fnt\n|faint|p1a: Tyranitar\n|move|p1b: Roaring Moon|Breaking Swipe|p2b: Hoopa|[spread] p2a,p2b\n|-damage|p2a: Torkoal|0 fnt\n|-damage|p2b: Hoopa|0 fnt\n|faint|p2a: Torkoal\n|faint|p2b: Hoopa\n|\n|win|Marreant\n|raw|Marreant's rating: 1536 &rarr; <strong>1562</strong><br />(+26 for winning)\n|raw|thetired's rating: 1639 &rarr; <strong>1613</strong><br />(-26 for losing)\n|l|☆thetired\n|player|p2|\n", "uploadtime": 1771260131, "views": 6, "formatid": "gen9doublesou", "rating": 1562, "private": 0, "password": null}