{"id": "gen9doublesou-2539959211", "format": "[Gen 9] Doubles OU", "players": ["cesar097600", "phononmode"], "log": "|j|☆cesar097600\n|j|☆phononmode\n|t:|1771133606\n|gametype|doubles\n|player|p1|cesar097600|ninjaboy|1591\n|player|p2|phononmode|169|1523\n|gen|9\n|tier|[Gen 9] Doubles OU\n|rated|\n|rule|HP Percentage Mod: HP is shown in percentages\n|rule|Endless Battle Clause: Forcing endless battles is banned\n|rule|Species Clause: Limit one of each Pokémon\n|rule|OHKO Clause: OHKO moves are banned\n|rule|Evasion Moves Clause: Evasion moves are banned\n|rule|Gravity Sleep Clause: The combination of sleep-inducing moves with imperfect accuracy and Gravity or Gigantamax Orbeetle are banned\n|rule|Evasion Abilities Clause: Evasion abilities are banned\n|clearpoke\n|poke|p1|Torkoal, F|\n|poke|p1|Roaring Moon|\n|poke|p1|Armarouge, F|\n|poke|p1|Lilligant-Hisui, F|\n|poke|p1|Kingambit, M|\n|poke|p1|Farigiraf, F|\n|poke|p2|Flamigo, M|\n|poke|p2|Blaziken, M|\n|poke|p2|Iron Hands|\n|poke|p2|Whimsicott, M|\n|poke|p2|Lucario, M|\n|poke|p2|Riolu, F|\n|teampreview\n|inactive|Battle timer is ON: inactive players will automatically lose when time's up. (requested by phononmode)\n|\n|t:|1771133618\n|teamsize|p1|6\n|teamsize|p2|6\n|start\n|switch|p1a: Roaring Moon|Roaring Moon|100/100\n|switch|p1b: Armarouge|Armarouge, F|100/100\n|switch|p2a: Whimsicott|Whimsicott, M|100/100\n|switch|p2b: Blaziken|Blaziken, M|100/100\n|-enditem|p1a: Roaring Moon|Booster Energy\n|-activate|p1a: Roaring Moon|ability: Protosynthesis|[fromitem]\n|-start|p1a: Roaring Moon|protosynthesisspe\n|turn|1\n|inactive|phononmode has 120 seconds left.\n|inactive|phononmode has 90 seconds left.\n|\n|t:|1771133682\n|-end|p1a: Roaring Moon|Protosynthesis|[silent]\n|switch|p1a: Farigiraf|Farigiraf, F|100/100\n|move|p2b: Blaziken|Protect|p2b: Blaziken\n|-singleturn|p2b: Blaziken|Protect\n|move|p2a: Whimsicott|Beat Up|p1b: Armarouge\n|-supereffective|p1b: Armarouge\n|-damage|p1b: Armarouge|97/100\n|-ability|p1b: Armarouge|Weak Armor|boost\n|-unboost|p1b: Armarouge|def|1\n|-boost|p1b: Armarouge|spe|2\n|-supereffective|p1b: Armarouge\n|-damage|p1b: Armarouge|88/100\n|-ability|p1b: Armarouge|Weak Armor|boost\n|-unboost|p1b: Armarouge|def|1\n|-boost|p1b: Armarouge|spe|2\n|-supereffective|p1b: Armarouge\n|-damage|p1b: Armarouge|77/100\n|-ability|p1b: Armarouge|Weak Armor|boost\n|-unboost|p1b: Armarouge|def|1\n|-boost|p1b: Armarouge|spe|2\n|-supereffective|p1b: Armarouge\n|-damage|p1b: Armarouge|63/100\n|-ability|p1b: Armarouge|Weak Armor|boost\n|-unboost|p1b: Armarouge|def|1\n|-supereffective|p1b: Armarouge\n|-damage|p1b: Armarouge|48/100\n|-ability|p1b: Armarouge|Weak Armor|boost\n|-unboost|p1b: Armarouge|def|1\n|-supereffective|p1b: Armarouge\n|-damage|p1b: Armarouge|34/100\n|-ability|p1b: Armarouge|Weak Armor|boost\n|-unboost|p1b: Armarouge|def|1\n|-hitcount|p1b: Armarouge|6\n|move|p1b: Armarouge|Armor Cannon|p2a: Whimsicott\n|-supereffective|p2a: Whimsicott\n|-enditem|p2a: Whimsicott|Focus Sash\n|-damage|p2a: Whimsicott|1/100\n|-unboost|p1b: Armarouge|spd|1\n|\n|-ability|p2b: Blaziken|Speed Boost|boost\n|-boost|p2b: Blaziken|spe|1\n|upkeep\n|turn|2\n|inactive|phononmode has 90 seconds left.\n|\n|t:|1771133732\n|move|p1a: Farigiraf|Protect|p1a: Farigiraf\n|-singleturn|p1a: Farigiraf|Protect\n|move|p1b: Armarouge|Destiny Bond|p1b: Armarouge\n|-singlemove|p1b: Armarouge|Destiny Bond\n|move|p2b: Blaziken|Flare Blitz|p1b: Armarouge\n|-resisted|p1b: Armarouge\n|-damage|p1b: Armarouge|0 fnt\n|faint|p1b: Armarouge\n|-activate|p1b: Armarouge|move: Destiny Bond\n|faint|p2b: Blaziken\n|move|p2a: Whimsicott|Beat Up|p1a: Farigiraf\n|-activate|p1a: Farigiraf|move: Protect\n|\n|upkeep\n|inactive|cesar097600 has 120 seconds left.\n|\n|t:|1771133747\n|switch|p2b: Lucario|Lucario, M|100/100\n|switch|p1b: Kingambit|Kingambit, M|100/100\n|turn|3\n|\n|t:|1771133769\n|-terastallize|p1b: Kingambit|Fairy\n|move|p1b: Kingambit|Sucker Punch|p2a: Whimsicott\n|-resisted|p2a: Whimsicott\n|-damage|p2a: Whimsicott|0 fnt\n|faint|p2a: Whimsicott\n|move|p2b: Lucario|Meteor Mash|p1a: Farigiraf\n|-damage|p1a: Farigiraf|57/100\n|-boost|p2b: Lucario|atk|1\n|move|p1a: Farigiraf|Trick Room|p1a: Farigiraf\n|-fieldstart|move: Trick Room|[of] p1a: Farigiraf\n|\n|upkeep\n|\n|t:|1771133782\n|switch|p2a: Riolu|Riolu, F|100/100\n|turn|4\n|\n|t:|1771133788\n|move|p2a: Riolu|Copycat|p2a: Riolu\n|move|p2a: Riolu|Trick Room|p2a: Riolu|[from] move: Copycat\n|-fieldend|move: Trick Room\n|move|p2b: Lucario|Meteor Mash|p1b: Kingambit\n|-supereffective|p1b: Kingambit\n|-damage|p1b: Kingambit|4/100\n|move|p1a: Farigiraf|Hyper Voice|p2a: Riolu|[spread] p2a,p2b\n|-resisted|p2b: Lucario\n|-damage|p2a: Riolu|15/100\n|-damage|p2b: Lucario|78/100\n|-enditem|p1a: Farigiraf|Throat Spray\n|-boost|p1a: Farigiraf|spa|1|[from] item: Throat Spray\n|move|p1b: Kingambit|Swords Dance|p1b: Kingambit\n|-boost|p1b: Kingambit|atk|2\n|\n|upkeep\n|turn|5\n|j| InkleeKong\n|\n|t:|1771133808\n|move|p2a: Riolu|Coaching|p2b: Lucario\n|-boost|p2b: Lucario|atk|1\n|-boost|p2b: Lucario|def|1\n|move|p1b: Kingambit|Sucker Punch|p2b: Lucario\n|-resisted|p2b: Lucario\n|-damage|p2b: Lucario|26/100\n|-ability|p2b: Lucario|Justified|boost\n|-boost|p2b: Lucario|atk|1\n|move|p2b: Lucario|Drain Punch|p1a: Farigiraf\n|-damage|p1a: Farigiraf|0 fnt\n|-heal|p2b: Lucario|71/100|[from] drain|[of] p1a: Farigiraf\n|faint|p1a: Farigiraf\n|\n|upkeep\n|\n|t:|1771133820\n|switch|p1a: Lilligant|Lilligant-Hisui, F|100/100\n|turn|6\n|\n|t:|1771133828\n|switch|p1b: Torkoal|Torkoal, F|100/100\n|-weather|SunnyDay|[from] ability: Drought|[of] p1b: Torkoal\n|move|p2b: Lucario|Extreme Speed|p1a: Lilligant\n|-damage|p1a: Lilligant|12/100\n|move|p2a: Riolu|Feint|p1b: Torkoal\n|-damage|p1b: Torkoal|95/100\n|move|p1a: Lilligant|Close Combat|p2b: Lucario\n|-supereffective|p2b: Lucario\n|-damage|p2b: Lucario|0 fnt\n|-unboost|p1a: Lilligant|def|1\n|-unboost|p1a: Lilligant|spd|1\n|faint|p2b: Lucario\n|\n|-weather|SunnyDay|[upkeep]\n|-heal|p1b: Torkoal|100/100|[from] item: Leftovers\n|upkeep\n|\n|t:|1771133842\n|switch|p2b: Iron Hands|Iron Hands|100/100\n|turn|7\n|\n|t:|1771133853\n|switch|p1a: Kingambit|Kingambit, M, tera:Fairy|4/100\n|move|p2b: Iron Hands|Fake Out|p1b: Torkoal\n|-damage|p1b: Torkoal|92/100\n|move|p2a: Riolu|Feint|p1a: Kingambit\n|-damage|p1a: Kingambit|0 fnt\n|faint|p1a: Kingambit\n|cant|p1b: Torkoal|flinch\n|\n|-weather|SunnyDay|[upkeep]\n|-heal|p1b: Torkoal|98/100|[from] item: Leftovers\n|upkeep\n|\n|t:|1771133858\n|switch|p1a: Roaring Moon|Roaring Moon|100/100\n|-activate|p1a: Roaring Moon|ability: Protosynthesis\n|-start|p1a: Roaring Moon|protosynthesisspe\n|turn|8\n|\n|t:|1771133868\n|move|p2a: Riolu|Coaching|p2b: Iron Hands\n|-boost|p2b: Iron Hands|atk|1\n|-boost|p2b: Iron Hands|def|1\n|move|p1a: Roaring Moon|Acrobatics|p2a: Riolu\n|-supereffective|p2a: Riolu\n|-damage|p2a: Riolu|0 fnt\n|faint|p2a: Riolu\n|move|p2b: Iron Hands|Drain Punch|p1a: Roaring Moon\n|-supereffective|p1a: Roaring Moon\n|-damage|p1a: Roaring Moon|0 fnt\n|faint|p1a: Roaring Moon\n|-end|p1a: Roaring Moon|Protosynthesis|[silent]\n|move|p1b: Torkoal|Will-O-Wisp|p2b: Iron Hands\n|-status|p2b: Iron Hands|brn\n|\n|-weather|SunnyDay|[upkeep]\n|-heal|p1b: Torkoal|100/100|[from] item: Leftovers\n|-damage|p2b: Iron Hands|94/100 brn|[from] brn\n|upkeep\n|\n|t:|1771133881\n|switch|p1a: Lilligant|Lilligant-Hisui, F|12/100\n|switch|p2a: Flamigo|Flamigo, M|100/100\n|-copyboost|p2a: Flamigo|p2b: Iron Hands|[from] ability: Costar\n|turn|9\n|\n|t:|1771133892\n|move|p1a: Lilligant|Solar Blade||[still]\n|-prepare|p1a: Lilligant|Solar Blade\n|-anim|p1a: Lilligant|Solar Blade|p2b: Iron Hands\n|-damage|p2b: Iron Hands|70/100 brn\n|move|p2a: Flamigo|Close Combat|p1b: Torkoal\n|-damage|p1b: Torkoal|47/100\n|-unboost|p2a: Flamigo|def|1\n|-unboost|p2a: Flamigo|spd|1\n|move|p2b: Iron Hands|Drain Punch|p1a: Lilligant\n|-damage|p1a: Lilligant|0 fnt\n|-heal|p2b: Iron Hands|73/100 brn|[from] drain|[of] p1a: Lilligant\n|faint|p1a: Lilligant\n|move|p1b: Torkoal|Will-O-Wisp|p2a: Flamigo\n|-status|p2a: Flamigo|brn\n|\n|-weather|SunnyDay|[upkeep]\n|-heal|p1b: Torkoal|53/100|[from] item: Leftovers\n|-damage|p2a: Flamigo|94/100 brn|[from] brn\n|-damage|p2b: Iron Hands|67/100 brn|[from] brn\n|upkeep\n|turn|10\n|\n|t:|1771133903\n|move|p2a: Flamigo|Close Combat|p1b: Torkoal\n|-damage|p1b: Torkoal|26/100\n|-unboost|p2a: Flamigo|def|1\n|-unboost|p2a: Flamigo|spd|1\n|move|p2b: Iron Hands|Drain Punch|p1b: Torkoal\n|-damage|p1b: Torkoal|11/100\n|-heal|p2b: Iron Hands|72/100 brn|[from] drain|[of] p1b: Torkoal\n|move|p1b: Torkoal|Eruption|p2a: Flamigo|[spread] p2a,p2b\n|-damage|p2a: Flamigo|76/100 brn\n|-damage|p2b: Iron Hands|69/100 brn\n|\n|-weather|none\n|-heal|p1b: Torkoal|17/100|[from] item: Leftovers\n|-damage|p2a: Flamigo|70/100 brn|[from] brn\n|-damage|p2b: Iron Hands|63/100 brn|[from] brn\n|upkeep\n|turn|11\n|\n|t:|1771133908\n|move|p2a: Flamigo|Close Combat|p1b: Torkoal\n|-damage|p1b: Torkoal|0 fnt\n|-unboost|p2a: Flamigo|def|1\n|-unboost|p2a: Flamigo|spd|1\n|faint|p1b: Torkoal\n|\n|win|phononmode\n|raw|cesar097600's rating: 1591 &rarr; <strong>1567</strong><br />(-24 for losing)\n|raw|phononmode's rating: 1523 &rarr; <strong>1547</strong><br />(+24 for winning)\n|l|☆cesar097600\n|player|p1|\n|l|☆phononmode\n|player|p2|\n|l| InkleeKong\n", "uploadtime": 1771134272, "views": 16, "formatid": "gen9doublesou", "rating": 1547, "private": 0, "password": null}