{"id": "gen9doublesou-2540287319", "format": "[Gen 9] Doubles OU", "players": ["lorenzzo14", "ilikelampent"], "log": "|j|☆lorenzzo14\n|j|☆ilikelampent\n|t:|1771184830\n|gametype|doubles\n|player|p1|lorenzzo14|hilda|1546\n|player|p2|ilikelampent|roxie|1561\n|gen|9\n|tier|[Gen 9] Doubles OU\n|rated|\n|rule|HP Percentage Mod: HP is shown in percentages\n|rule|Endless Battle Clause: Forcing endless battles is banned\n|rule|Species Clause: Limit one of each Pokémon\n|rule|OHKO Clause: OHKO moves are banned\n|rule|Evasion Moves Clause: Evasion moves are banned\n|rule|Gravity Sleep Clause: The combination of sleep-inducing moves with imperfect accuracy and Gravity or Gigantamax Orbeetle are banned\n|rule|Evasion Abilities Clause: Evasion abilities are banned\n|clearpoke\n|poke|p1|Weavile, F|\n|poke|p1|Primarina, F|\n|poke|p1|Mienshao, F|\n|poke|p1|Talonflame, M|\n|poke|p1|Toedscruel, M|\n|poke|p1|Weezing, M|\n|poke|p2|Torkoal, F|\n|poke|p2|Lilligant-Hisui, F|\n|poke|p2|Walking Wake|\n|poke|p2|Gouging Fire|\n|poke|p2|Whimsicott, M|\n|poke|p2|Landorus-Therian, M|\n|teampreview\n|inactive|Battle timer is ON: inactive players will automatically lose when time's up. (requested by lorenzzo14)\n|\n|t:|1771184859\n|teamsize|p1|6\n|teamsize|p2|6\n|start\n|switch|p1a: Tundra|Weavile, F|100/100\n|switch|p1b: Carlos|Weezing, M|100/100\n|switch|p2a: Torkoal|Torkoal, F|100/100\n|switch|p2b: Lilligant|Lilligant-Hisui, F|100/100\n|-ability|p1b: Carlos|Neutralizing Gas\n|turn|1\n|inactive|lorenzzo14 has 120 seconds left.\n|\n|t:|1771184901\n|switch|p2b: Gouging Fire|Gouging Fire|100/100\n|-terastallize|p1a: Tundra|Ghost\n|move|p1a: Tundra|Ice Spinner|p2b: Gouging Fire\n|-damage|p2b: Gouging Fire|73/100\n|move|p1b: Carlos|Sludge Bomb|p2a: Torkoal\n|-damage|p2a: Torkoal|62/100\n|move|p2a: Torkoal|Heat Wave|p1b: Carlos|[spread] p1a,p1b\n|-damage|p1a: Tundra|49/100\n|-damage|p1b: Carlos|64/100\n|\n|-heal|p2b: Gouging Fire|79/100|[from] item: Leftovers\n|upkeep\n|turn|2\n|j| Dark darmanitan\n|inactive|lorenzzo14 has 120 seconds left.\n|\n|t:|1771184925\n|move|p1a: Tundra|Knock Off|p2a: Torkoal\n|-damage|p2a: Torkoal|27/100\n|-enditem|p2a: Torkoal|Charcoal|[from] move: Knock Off|[of] p1a: Tundra\n|move|p2b: Gouging Fire|Dragon Dance|p2b: Gouging Fire\n|-boost|p2b: Gouging Fire|atk|1\n|-boost|p2b: Gouging Fire|spe|1\n|move|p1b: Carlos|Sludge Bomb|p2b: Gouging Fire\n|-damage|p2b: Gouging Fire|55/100\n|-status|p2b: Gouging Fire|psn\n|move|p2a: Torkoal|Heat Wave|p1b: Carlos|[spread] p1b\n|-miss|p2a: Torkoal|p1a: Tundra\n|-crit|p1b: Carlos\n|-damage|p1b: Carlos|25/100\n|\n|-heal|p2b: Gouging Fire|61/100 psn|[from] item: Leftovers\n|-damage|p2b: Gouging Fire|49/100 psn|[from] psn\n|upkeep\n|turn|3\n|inactive|lorenzzo14 has 120 seconds left.\n|\n|t:|1771184951\n|move|p2b: Gouging Fire|Dragon Claw|p1b: Carlos\n|-damage|p1b: Carlos|0 fnt\n|-damage|p2b: Gouging Fire|32/100 psn|[from] item: Rocky Helmet|[of] p1b: Carlos\n|faint|p1b: Carlos\n|-end|p1b: Carlos|ability: Neutralizing Gas\n|-ability|p1a: Tundra|Pressure\n|-weather|SunnyDay|[from] ability: Drought|[of] p2a: Torkoal\n|-activate|p2b: Gouging Fire|ability: Protosynthesis\n|-start|p2b: Gouging Fire|protosynthesisatk\n|move|p1a: Tundra|Knock Off|p2b: Gouging Fire\n|-damage|p2b: Gouging Fire|0 fnt\n|-enditem|p2b: Gouging Fire|Leftovers|[from] move: Knock Off|[of] p1a: Tundra\n|faint|p2b: Gouging Fire\n|-end|p2b: Gouging Fire|Protosynthesis|[silent]\n|move|p2a: Torkoal|Heat Wave|p1a: Tundra|[miss]\n|-miss|p2a: Torkoal|p1a: Tundra\n|\n|-weather|SunnyDay|[upkeep]\n|upkeep\n|inactive|lorenzzo14 has 120 seconds left.\n|inactive|ilikelampent has 120 seconds left.\n|\n|t:|1771184970\n|switch|p2b: Walking Wake|Walking Wake|100/100\n|switch|p1b: Fênix|Talonflame, M|100/100\n|-activate|p2b: Walking Wake|ability: Protosynthesis\n|-start|p2b: Walking Wake|protosynthesisspe\n|turn|4\n|inactive|ilikelampent has 120 seconds left.\n|\n|t:|1771184991\n|switch|p2a: Landorus|Landorus-Therian, M|100/100\n|-ability|p2a: Landorus|Intimidate|boost\n|-unboost|p1a: Tundra|atk|1\n|-unboost|p1b: Fênix|atk|1\n|move|p1b: Fênix|Tailwind|p1b: Fênix\n|-sidestart|p1: lorenzzo14|move: Tailwind\n|move|p1a: Tundra|Knock Off|p2a: Landorus\n|-crit|p2a: Landorus\n|-damage|p2a: Landorus|33/100\n|-enditem|p2a: Landorus|Assault Vest|[from] move: Knock Off|[of] p1a: Tundra\n|move|p2b: Walking Wake|Hydro Steam|p1a: Tundra\n|-damage|p1a: Tundra|0 fnt\n|faint|p1a: Tundra\n|\n|-weather|SunnyDay|[upkeep]\n|upkeep\n|l| Dark darmanitan\n|\n|t:|1771185008\n|switch|p1a: Maria|Primarina, F, shiny|100/100\n|turn|5\n|\n|t:|1771185032\n|switch|p2a: Whimsicott|Whimsicott, M|100/100\n|move|p1b: Fênix|Flare Blitz|p2a: Whimsicott\n|-supereffective|p2a: Whimsicott\n|-damage|p2a: Whimsicott|17/100\n|-damage|p1b: Fênix|70/100|[from] Recoil\n|move|p2b: Walking Wake|Hydro Steam|p1b: Fênix\n|-supereffective|p1b: Fênix\n|-damage|p1b: Fênix|0 fnt\n|faint|p1b: Fênix\n|move|p1a: Maria|Moonblast|p2b: Walking Wake\n|-supereffective|p2b: Walking Wake\n|-damage|p2b: Walking Wake|0 fnt\n|faint|p2b: Walking Wake\n|-end|p2b: Walking Wake|Protosynthesis|[silent]\n|\n|-weather|SunnyDay|[upkeep]\n|upkeep\n|inactive|ilikelampent has 120 seconds left.\n|\n|t:|1771185051\n|switch|p1b: Mia|Mienshao, F, shiny|100/100\n|switch|p2b: Lilligant|Lilligant-Hisui, F|100/100\n|turn|6\n|\n|t:|1771185063\n|-terastallize|p2b: Lilligant|Ghost\n|move|p1a: Maria|Protect|p1a: Maria\n|-singleturn|p1a: Maria|Protect\n|move|p2a: Whimsicott|Tailwind|p2a: Whimsicott\n|-sidestart|p2: ilikelampent|move: Tailwind\n|move|p2b: Lilligant|Sleep Powder|p1b: Mia\n|-status|p1b: Mia|slp|[from] move: Sleep Powder\n|cant|p1b: Mia|slp\n|\n|-weather|SunnyDay|[upkeep]\n|upkeep\n|turn|7\n|inactive|lorenzzo14 has 120 seconds left.\n|l|☆lorenzzo14\n|inactive|lorenzzo14 disconnected and has a minute to reconnect!\n|player|p1|\n|j|☆lorenzzo14\n|inactive|lorenzzo14 reconnected and has 105 seconds left.\n|player|p1|lorenzzo14|hilda|\n|inactive|lorenzzo14 has 90 seconds left.\n|\n|t:|1771185126\n|move|p2a: Whimsicott|Encore|p1a: Maria\n|-start|p1a: Maria|Encore\n|move|p2b: Lilligant|Solar Blade||[still]\n|-prepare|p2b: Lilligant|Solar Blade\n|-anim|p2b: Lilligant|Solar Blade|p1b: Mia\n|-damage|p1b: Mia|0 fnt\n|faint|p1b: Mia\n|move|p1a: Maria|Protect||[still]\n|-fail|p1a: Maria\n|\n|-weather|none\n|-sideend|p1: lorenzzo14|move: Tailwind\n|upkeep\n|inactive|lorenzzo14 has 90 seconds left.\n|-message|lorenzzo14 forfeited.\n|\n|win|ilikelampent\n|raw|lorenzzo14's rating: 1546 &rarr; <strong>1527</strong><br />(-19 for losing)\n|raw|ilikelampent's rating: 1561 &rarr; <strong>1580</strong><br />(+19 for winning)\n|l|☆lorenzzo14\n|player|p1|\n|l|☆ilikelampent\n|player|p2|\n", "uploadtime": 1771185454, "views": 12, "formatid": "gen9doublesou", "rating": 1527, "private": 0, "password": null}