{"id": "gen9doublesou-2540616316", "format": "[Gen 9] Doubles OU", "players": ["samu4846", "redpkmntrainer14"], "log": "|j|☆samu4846\n|j|☆redpkmntrainer14\n|t:|1771227927\n|gametype|doubles\n|player|p1|samu4846|265|1526\n|player|p2|redpkmntrainer14|2|1596\n|gen|9\n|tier|[Gen 9] Doubles OU\n|rated|\n|rule|HP Percentage Mod: HP is shown in percentages\n|rule|Endless Battle Clause: Forcing endless battles is banned\n|rule|Species Clause: Limit one of each Pokémon\n|rule|OHKO Clause: OHKO moves are banned\n|rule|Evasion Moves Clause: Evasion moves are banned\n|rule|Gravity Sleep Clause: The combination of sleep-inducing moves with imperfect accuracy and Gravity or Gigantamax Orbeetle are banned\n|rule|Evasion Abilities Clause: Evasion abilities are banned\n|clearpoke\n|poke|p1|Torkoal, F|\n|poke|p1|Raging Bolt|\n|poke|p1|Ogerpon-Hearthflame, F|\n|poke|p1|Okidogi, M|\n|poke|p1|Chien-Pao|\n|poke|p1|Hoopa-Unbound|\n|poke|p2|Gastrodon-East, M|\n|poke|p2|Bruxish, M|\n|poke|p2|Scizor, F|\n|poke|p2|Pelipper, M|\n|poke|p2|Chien-Pao|\n|poke|p2|Sneasler, F|\n|teampreview\n|inactive|Battle timer is ON: inactive players will automatically lose when time's up. (requested by samu4846)\n|inactive|samu4846 has 120 seconds left.\n|\n|t:|1771227959\n|teamsize|p1|6\n|teamsize|p2|6\n|start\n|switch|p1a: Raging Bolt|Raging Bolt|100/100\n|switch|p1b: Hoopa|Hoopa-Unbound|100/100\n|switch|p2a: Scizor|Scizor, F, shiny|100/100\n|switch|p2b: Bruxish|Bruxish, M, shiny|100/100\n|turn|1\n|inactive|samu4846 has 120 seconds left.\n|\n|t:|1771227993\n|switch|p1b: Torkoal|Torkoal, F, shiny|100/100\n|-weather|SunnyDay|[from] ability: Drought|[of] p1b: Torkoal\n|-activate|p1a: Raging Bolt|ability: Protosynthesis\n|-start|p1a: Raging Bolt|protosynthesisspa\n|move|p2b: Bruxish|Ice Fang|p1a: Raging Bolt\n|-supereffective|p1a: Raging Bolt\n|-damage|p1a: Raging Bolt|68/100\n|move|p1a: Raging Bolt|Weather Ball|p2a: Scizor\n|-supereffective|p2a: Scizor\n|-damage|p2a: Scizor|0 fnt\n|faint|p2a: Scizor\n|\n|-weather|SunnyDay|[upkeep]\n|upkeep\n|\n|t:|1771228005\n|switch|p2a: Gastrodon|Gastrodon-East, M|100/100\n|turn|2\n|\n|t:|1771228017\n|switch|p1b: Hoopa|Hoopa-Unbound|100/100\n|move|p2b: Bruxish|Aqua Jet|p2a: Gastrodon\n|-ability|p2a: Gastrodon|Storm Drain|boost\n|-boost|p2a: Gastrodon|spa|1\n|move|p1a: Raging Bolt|Volt Switch|p2b: Bruxish\n|-supereffective|p2b: Bruxish\n|-damage|p2b: Bruxish|0 fnt\n|faint|p2b: Bruxish\n|\n|t:|1771228032\n|-end|p1a: Raging Bolt|Protosynthesis|[silent]\n|switch|p1a: Okidogi|Okidogi, M|100/100|[from] Volt Switch\n|move|p2a: Gastrodon|Earth Power|p1b: Hoopa\n|-damage|p1b: Hoopa|55/100\n|\n|-weather|SunnyDay|[upkeep]\n|upkeep\n|\n|t:|1771228042\n|switch|p2b: Pelipper|Pelipper, M, shiny|100/100\n|-weather|RainDance|[from] ability: Drizzle|[of] p2b: Pelipper\n|turn|3\n|\n|t:|1771228052\n|move|p1a: Okidogi|Knock Off|p2a: Gastrodon\n|-damage|p2a: Gastrodon|65/100\n|-enditem|p2a: Gastrodon|Leftovers|[from] move: Knock Off|[of] p1a: Okidogi\n|move|p2b: Pelipper|Surf|p1a: Okidogi|[spread] p1a,p1b\n|-ability|p2a: Gastrodon|Storm Drain|boost\n|-boost|p2a: Gastrodon|spa|1\n|-damage|p1a: Okidogi|62/100\n|-damage|p1b: Hoopa|21/100\n|move|p2a: Gastrodon|Surf|p1b: Hoopa|[spread] p2b,p1a,p1b\n|-resisted|p2b: Pelipper\n|-damage|p2b: Pelipper|24/100\n|-damage|p1a: Okidogi|0 fnt\n|-damage|p1b: Hoopa|0 fnt\n|faint|p1a: Okidogi\n|faint|p1b: Hoopa\n|\n|-weather|RainDance|[upkeep]\n|upkeep\n|\n|t:|1771228081\n|switch|p1a: Chien-Pao|Chien-Pao|100/100\n|switch|p1b: Ogerpon|Ogerpon-Hearthflame, F|100/100\n|-ability|p1a: Chien-Pao|Sword of Ruin\n|-ability|p1b: Ogerpon|Mold Breaker\n|turn|4\n|\n|t:|1771228090\n|switch|p1a: Torkoal|Torkoal, F, shiny|100/100\n|-weather|SunnyDay|[from] ability: Drought|[of] p1a: Torkoal\n|switch|p2b: Sneasler|Sneasler, F|100/100\n|-terastallize|p1b: Ogerpon|Fire\n|detailschange|p1b: Ogerpon|Ogerpon-Hearthflame-Tera, F, tera:Fire\n|-ability|p1b: Ogerpon|Embody Aspect (Hearthflame)|boost\n|-boost|p1b: Ogerpon|atk|1\n|-terastallize|p2a: Gastrodon|Fire\n|move|p1b: Ogerpon|Solar Blade||[still]\n|-prepare|p1b: Ogerpon|Solar Blade\n|-anim|p1b: Ogerpon|Solar Blade|p2a: Gastrodon\n|-resisted|p2a: Gastrodon\n|-damage|p2a: Gastrodon|0 fnt\n|faint|p2a: Gastrodon\n|\n|-weather|SunnyDay|[upkeep]\n|upkeep\n|\n|t:|1771228107\n|switch|p2a: Pelipper|Pelipper, M, shiny|24/100\n|-weather|RainDance|[from] ability: Drizzle|[of] p2a: Pelipper\n|turn|5\n|\n|t:|1771228121\n|switch|p1a: Raging Bolt|Raging Bolt|68/100\n|move|p1b: Ogerpon|Spiky Shield|p1b: Ogerpon\n|-singleturn|p1b: Ogerpon|move: Protect\n|move|p2b: Sneasler|Fake Out|p1b: Ogerpon\n|-activate|p1b: Ogerpon|move: Protect\n|-damage|p2b: Sneasler|88/100|[from] Spiky Shield|[of] p1b: Ogerpon\n|move|p2a: Pelipper|Hurricane|p1a: Raging Bolt\n|-resisted|p1a: Raging Bolt\n|-damage|p1a: Raging Bolt|53/100\n|\n|-weather|RainDance|[upkeep]\n|upkeep\n|turn|6\n|\n|t:|1771228136\n|move|p1b: Ogerpon|Ivy Cudgel|p2b: Sneasler|[anim] Ivy Cudgel Fire\n|-damage|p2b: Sneasler|0 fnt\n|faint|p2b: Sneasler\n|move|p1a: Raging Bolt|Volt Switch|p2a: Pelipper\n|-supereffective|p2a: Pelipper\n|-damage|p2a: Pelipper|0 fnt\n|faint|p2a: Pelipper\n|-message|redpkmntrainer14 forfeited.\n|\n|win|samu4846\n|raw|samu4846's rating: 1526 &rarr; <strong>1550</strong><br />(+24 for winning)\n|raw|redpkmntrainer14's rating: 1596 &rarr; <strong>1572</strong><br />(-24 for losing)\n|l|☆redpkmntrainer14\n|player|p2|\n|l|☆samu4846\n|player|p1|\n", "uploadtime": 1771228154, "views": 14, "formatid": "gen9doublesou", "rating": 1550, "private": 0, "password": null}