{"id": "gen9doublesou-2540952700", "format": "[Gen 9] Doubles OU", "players": ["moenius", "inakunana"], "log": "|j|☆moenius\n|j|☆inakunana\n|t:|1771270332\n|gametype|doubles\n|player|p1|moenius|kimonogirl|1530\n|player|p2|inakunana|erika|1698\n|gen|9\n|tier|[Gen 9] Doubles OU\n|rated|\n|rule|HP Percentage Mod: HP is shown in percentages\n|rule|Endless Battle Clause: Forcing endless battles is banned\n|rule|Species Clause: Limit one of each Pokémon\n|rule|OHKO Clause: OHKO moves are banned\n|rule|Evasion Moves Clause: Evasion moves are banned\n|rule|Gravity Sleep Clause: The combination of sleep-inducing moves with imperfect accuracy and Gravity or Gigantamax Orbeetle are banned\n|rule|Evasion Abilities Clause: Evasion abilities are banned\n|clearpoke\n|poke|p1|Whimsicott, M|\n|poke|p1|Chi-Yu|\n|poke|p1|Rampardos, M|\n|poke|p1|Spectrier|\n|poke|p1|Landorus-Therian, M|\n|poke|p1|Ninetales-Alola, F|\n|poke|p2|Iron Crown|\n|poke|p2|Indeedee-F, F|\n|poke|p2|Ogerpon-Hearthflame, F|\n|poke|p2|Ursaluna-Bloodmoon, M|\n|poke|p2|Zapdos-Galar|\n|poke|p2|Roaring Moon|\n|teampreview\n|inactive|Battle timer is ON: inactive players will automatically lose when time's up. (requested by inakunana)\n|j| ichixn\n|\n|t:|1771270346\n|teamsize|p1|6\n|teamsize|p2|6\n|start\n|switch|p1a: Whimsicott|Whimsicott, M, shiny|100/100\n|switch|p1b: Rampardos|Rampardos, M, shiny|100/100\n|switch|p2a: moorwing|Roaring Moon|100/100\n|switch|p2b: sister splinter|Zapdos-Galar|100/100\n|-enditem|p2a: moorwing|Booster Energy\n|-activate|p2a: moorwing|ability: Protosynthesis|[fromitem]\n|-start|p2a: moorwing|protosynthesisspe\n|turn|1\n|\n|t:|1771270352\n|move|p1a: Whimsicott|Tailwind|p1a: Whimsicott\n|-sidestart|p1: moenius|move: Tailwind\n|move|p2a: moorwing|Tailwind|p2a: moorwing\n|-sidestart|p2: inakunana|move: Tailwind\n|move|p2b: sister splinter|Close Combat|p1b: Rampardos\n|-supereffective|p1b: Rampardos\n|-damage|p1b: Rampardos|0 fnt\n|-unboost|p2b: sister splinter|def|1\n|-unboost|p2b: sister splinter|spd|1\n|faint|p1b: Rampardos\n|\n|upkeep\n|\n|t:|1771270367\n|switch|p1b: Ninetales|Ninetales-Alola, F|100/100\n|-weather|Snowscape|[from] ability: Snow Warning|[of] p1b: Ninetales\n|turn|2\n|j| dario_bluefire47\n|\n|t:|1771270388\n|-end|p2a: moorwing|Protosynthesis|[silent]\n|switch|p2a: cogwork dancer|Iron Crown|100/100\n|-enditem|p2a: cogwork dancer|Booster Energy\n|-activate|p2a: cogwork dancer|ability: Quark Drive|[fromitem]\n|-start|p2a: cogwork dancer|quarkdrivespe\n|switch|p2b: grandmother silk|Indeedee-F, F|100/100\n|-fieldstart|move: Psychic Terrain|[from] ability: Psychic Surge|[of] p2b: grandmother silk\n|move|p1a: Whimsicott|Encore|p2b: grandmother silk\n|-activate|p2b: grandmother silk|move: Psychic Terrain\n|move|p1b: Ninetales|Aurora Veil|p1b: Ninetales\n|-sidestart|p1: moenius|move: Aurora Veil\n|\n|-weather|Snowscape|[upkeep]\n|upkeep\n|turn|3\n|\n|t:|1771270406\n|switch|p1a: Chi-Yu|Chi-Yu|100/100\n|-ability|p1a: Chi-Yu|Beads of Ruin\n|move|p2a: cogwork dancer|Tachyon Cutter|p1a: Chi-Yu\n|-resisted|p1a: Chi-Yu\n|-damage|p1a: Chi-Yu|91/100\n|-resisted|p1a: Chi-Yu\n|-damage|p1a: Chi-Yu|82/100\n|-hitcount|p1a: Chi-Yu|2\n|move|p1b: Ninetales|Blizzard|p2a: cogwork dancer|[spread] p2a,p2b\n|-resisted|p2a: cogwork dancer\n|-damage|p2a: cogwork dancer|79/100\n|-damage|p2b: grandmother silk|59/100\n|move|p2b: grandmother silk|Dazzling Gleam|p1b: Ninetales|[spread] p1a,p1b\n|-damage|p1a: Chi-Yu|72/100\n|-damage|p1b: Ninetales|86/100\n|\n|-weather|Snowscape|[upkeep]\n|upkeep\n|turn|4\n|\n|t:|1771270419\n|switch|p1b: Whimsicott|Whimsicott, M, shiny|100/100\n|move|p2a: cogwork dancer|Tachyon Cutter|p1b: Whimsicott\n|-supereffective|p1b: Whimsicott\n|-damage|p1b: Whimsicott|45/100\n|-supereffective|p1b: Whimsicott\n|-damage|p1b: Whimsicott|0 fnt\n|faint|p1b: Whimsicott\n|-hitcount|p1: Whimsicott|2\n|move|p1a: Chi-Yu|Heat Wave|p2a: cogwork dancer|[spread] p2a,p2b\n|-supereffective|p2a: cogwork dancer\n|-damage|p2a: cogwork dancer|0 fnt\n|-damage|p2b: grandmother silk|0 fnt\n|faint|p2a: cogwork dancer\n|-end|p2a: cogwork dancer|Quark Drive|[silent]\n|faint|p2b: grandmother silk\n|\n|-weather|Snowscape|[upkeep]\n|-sideend|p1: moenius|move: Tailwind\n|-sideend|p2: inakunana|move: Tailwind\n|upkeep\n|\n|t:|1771270432\n|switch|p1b: Ninetales|Ninetales-Alola, F|86/100\n|switch|p2a: moorwing|Roaring Moon|100/100\n|switch|p2b: sister splinter|Zapdos-Galar|100/100\n|turn|5\n|\n|t:|1771270449\n|-end|p2a: moorwing|Protosynthesis|[silent]\n|switch|p2a: last judge|Ogerpon-Hearthflame, F|100/100\n|-ability|p2a: last judge|Mold Breaker\n|-terastallize|p2b: sister splinter|Ghost\n|-terastallize|p1a: Chi-Yu|Fire\n|move|p2b: sister splinter|Close Combat|p1a: Chi-Yu\n|-damage|p1a: Chi-Yu|3/100\n|-unboost|p2b: sister splinter|def|1\n|-unboost|p2b: sister splinter|spd|1\n|move|p1b: Ninetales|Blizzard|p2b: sister splinter|[spread] p2a,p2b\n|-damage|p2a: last judge|50/100\n|-damage|p2b: sister splinter|31/100\n|move|p1a: Chi-Yu|Heat Wave|p2b: sister splinter|[spread] p2a,p2b\n|-crit|p2b: sister splinter\n|-damage|p2a: last judge|0 fnt\n|-damage|p2b: sister splinter|0 fnt\n|faint|p2a: last judge\n|faint|p2b: sister splinter\n|\n|-weather|Snowscape|[upkeep]\n|upkeep\n|\n|t:|1771270459\n|switch|p2a: moorwing|Roaring Moon|100/100\n|switch|p2b: bell beast|Ursaluna-Bloodmoon, M|100/100\n|turn|6\n|j| nasty ploting\n|\n|t:|1771270471\n|move|p2a: moorwing|Breaking Swipe|p1b: Ninetales|[spread] p1a\n|-immune|p1b: Ninetales\n|-damage|p1a: Chi-Yu|0 fnt\n|faint|p1a: Chi-Yu\n|move|p1b: Ninetales|Moonblast|p2a: moorwing\n|-supereffective|p2a: moorwing\n|-damage|p2a: moorwing|0 fnt\n|faint|p2a: moorwing\n|-end|p2a: moorwing|Protosynthesis|[silent]\n|move|p2b: bell beast|Blood Moon|p1b: Ninetales\n|-damage|p1b: Ninetales|26/100\n|\n|-weather|none\n|-fieldend|move: Psychic Terrain\n|upkeep\n|\n|t:|1771270481\n|switch|p1a: Landorus|Landorus-Therian, M|100/100\n|-ability|p1a: Landorus|Intimidate|boost\n|-unboost|p2b: bell beast|atk|1\n|turn|7\n|c|☆moenius|gg\n|\n|t:|1771270497\n|move|p1b: Ninetales|Encore|p2b: bell beast\n|-start|p2b: bell beast|Encore\n|move|p1a: Landorus|U-turn|p2b: bell beast\n|-damage|p2b: bell beast|66/100\n|\n|t:|1771270501\n|switch|p1a: Spectrier|Spectrier|100/100|[from] U-turn\n|move|p2b: bell beast|Blood Moon|p1b: Ninetales\n|-damage|p1b: Ninetales|0 fnt\n|faint|p1b: Ninetales\n|-hint|Some effects can force a Pokemon to use Blood Moon again in a row.\n|\n|upkeep\n|\n|t:|1771270504\n|switch|p1b: Landorus|Landorus-Therian, M|100/100\n|-ability|p1b: Landorus|Intimidate|boost\n|-unboost|p2b: bell beast|atk|1\n|turn|8\n|l| dario_bluefire47\n|\n|t:|1771270529\n|move|p1a: Spectrier|Protect|p1a: Spectrier\n|-singleturn|p1a: Spectrier|Protect\n|move|p1b: Landorus|Earthquake|p2b: bell beast|[spread] p2b\n|-activate|p1a: Spectrier|move: Protect\n|-damage|p2b: bell beast|13/100\n|-activate|p2b: bell beast|move: Struggle\n|move|p2b: bell beast|Struggle|p1a: Spectrier\n|-activate|p1a: Spectrier|move: Protect\n|\n|upkeep\n|turn|9\n|\n|t:|1771270538\n|move|p1a: Spectrier|Draining Kiss|p2b: bell beast\n|-damage|p2b: bell beast|0 fnt\n|faint|p2b: bell beast\n|\n|win|moenius\n|raw|moenius's rating: 1530 &rarr; <strong>1559</strong><br />(+29 for winning)\n|raw|inakunana's rating: 1698 &rarr; <strong>1669</strong><br />(-29 for losing)\n|l|☆moenius\n|player|p1|\n|l| ichixn\n|l| nasty ploting\n", "uploadtime": 1771270847, "views": 1, "formatid": "gen9doublesou", "rating": 1559, "private": 0, "password": null}