{"id": "gen9doublesou-2540915894", "format": "[Gen 9] Doubles OU", "players": ["refridgenator", "ramenisgoodfood"], "log": "|j|☆refridgenator\n|j|☆ramenisgoodfood\n|t:|1771266826\n|gametype|doubles\n|player|p1|refridgenator|swimmer-gen4dp|1687\n|player|p2|ramenisgoodfood|101|1647\n|gen|9\n|tier|[Gen 9] Doubles OU\n|rated|\n|rule|HP Percentage Mod: HP is shown in percentages\n|rule|Endless Battle Clause: Forcing endless battles is banned\n|rule|Species Clause: Limit one of each Pokémon\n|rule|OHKO Clause: OHKO moves are banned\n|rule|Evasion Moves Clause: Evasion moves are banned\n|rule|Gravity Sleep Clause: The combination of sleep-inducing moves with imperfect accuracy and Gravity or Gigantamax Orbeetle are banned\n|rule|Evasion Abilities Clause: Evasion abilities are banned\n|clearpoke\n|poke|p1|Milotic, F|\n|poke|p1|Ninetales-Alola, F|\n|poke|p1|Incineroar, M|\n|poke|p1|Amoonguss, M|\n|poke|p1|Cresselia, F|\n|poke|p1|Porygon2|\n|poke|p2|Ogerpon-Hearthflame, F|\n|poke|p2|Ursaluna-Bloodmoon, M|\n|poke|p2|Tornadus, M|\n|poke|p2|Iron Hands|\n|poke|p2|Roaring Moon|\n|poke|p2|Chi-Yu|\n|teampreview\n|inactive|Battle timer is ON: inactive players will automatically lose when time's up. (requested by refridgenator)\n|\n|t:|1771266878\n|teamsize|p1|6\n|teamsize|p2|6\n|start\n|switch|p1a: Incineroar|Incineroar, M|100/100\n|switch|p1b: Porygon2|Porygon2|100/100\n|switch|p2a: Tornadus|Tornadus, M|100/100\n|switch|p2b: Roaring Moon|Roaring Moon|100/100\n|-ability|p1a: Incineroar|Intimidate|boost\n|-unboost|p2a: Tornadus|atk|1\n|-unboost|p2b: Roaring Moon|atk|1\n|-ability|p1b: Porygon2|Download|boost\n|-boost|p1b: Porygon2|atk|1\n|turn|1\n|\n|t:|1771266903\n|-end|p2b: Roaring Moon|Protosynthesis|[silent]\n|switch|p2b: Iron Hands|Iron Hands|100/100\n|-enditem|p2b: Iron Hands|Booster Energy\n|-activate|p2b: Iron Hands|ability: Quark Drive|[fromitem]\n|-start|p2b: Iron Hands|quarkdriveatk\n|switch|p1a: Ninetales|Ninetales-Alola, F|100/100\n|-weather|Snowscape|[from] ability: Snow Warning|[of] p1a: Ninetales\n|move|p2a: Tornadus|Bleakwind Storm|p1b: Porygon2|[spread] p1a,p1b\n|-damage|p1a: Ninetales|70/100\n|-damage|p1b: Porygon2|76/100\n|move|p1b: Porygon2|Blizzard|p2b: Iron Hands|[spread] p2a,p2b\n|-supereffective|p2a: Tornadus\n|-damage|p2a: Tornadus|23/100\n|-damage|p2b: Iron Hands|74/100\n|\n|-weather|Snowscape|[upkeep]\n|upkeep\n|turn|2\n|inactive|refridgenator has 120 seconds left.\n|\n|t:|1771266959\n|switch|p1b: Cresselia|Cresselia, F|100/100\n|-terastallize|p1a: Ninetales|Water\n|move|p2a: Tornadus|Sunny Day|p2a: Tornadus\n|-weather|SunnyDay\n|move|p1a: Ninetales|Aurora Veil||[still]\n|-fail|p1a: Ninetales\n|move|p2b: Iron Hands|Drain Punch|p1b: Cresselia\n|-resisted|p1b: Cresselia\n|-damage|p1b: Cresselia|81/100\n|-heal|p2b: Iron Hands|82/100|[from] drain|[of] p1b: Cresselia\n|\n|-weather|SunnyDay|[upkeep]\n|upkeep\n|turn|3\n|\n|t:|1771266977\n|switch|p2a: Roaring Moon|Roaring Moon|100/100\n|-activate|p2a: Roaring Moon|ability: Protosynthesis\n|-start|p2a: Roaring Moon|protosynthesisatk\n|switch|p1a: Incineroar|Incineroar, M|100/100\n|-ability|p1a: Incineroar|Intimidate|boost\n|-unboost|p2a: Roaring Moon|atk|1\n|-unboost|p2b: Iron Hands|atk|1\n|move|p2b: Iron Hands|Thunder Punch|p1a: Incineroar\n|-damage|p1a: Incineroar|65/100\n|move|p1b: Cresselia|Trick Room|p1b: Cresselia\n|-fieldstart|move: Trick Room|[of] p1b: Cresselia\n|\n|-weather|SunnyDay|[upkeep]\n|upkeep\n|turn|4\n|inactive|refridgenator has 120 seconds left.\n|\n|t:|1771267006\n|switch|p1b: Amoonguss|Amoonguss, M|100/100\n|move|p1a: Incineroar|Fake Out|p2b: Iron Hands\n|-crit|p2b: Iron Hands\n|-damage|p2b: Iron Hands|70/100\n|cant|p2b: Iron Hands|flinch\n|move|p2a: Roaring Moon|Knock Off|p1b: Amoonguss\n|-damage|p1b: Amoonguss|55/100\n|-damage|p2a: Roaring Moon|84/100|[from] item: Rocky Helmet|[of] p1b: Amoonguss\n|-enditem|p1b: Amoonguss|Rocky Helmet|[from] move: Knock Off|[of] p2a: Roaring Moon\n|\n|-weather|SunnyDay|[upkeep]\n|upkeep\n|turn|5\n|inactive|refridgenator has 120 seconds left.\n|inactive|refridgenator has 90 seconds left.\n|\n|t:|1771267058\n|switch|p1a: Ninetales|Ninetales-Alola, F, tera:Water|70/100\n|-weather|Snowscape|[from] ability: Snow Warning|[of] p1a: Ninetales\n|-end|p2a: Roaring Moon|Protosynthesis\n|-end|p2a: Roaring Moon|Protosynthesis|[silent]\n|switch|p2a: Ogerpon|Ogerpon-Hearthflame, F|100/100\n|-ability|p2a: Ogerpon|Mold Breaker\n|move|p1b: Amoonguss|Spore|p2a: Ogerpon\n|-immune|p2a: Ogerpon\n|move|p2b: Iron Hands|Drain Punch|p1a: Ninetales\n|-damage|p1a: Ninetales|17/100\n|-heal|p2b: Iron Hands|90/100|[from] drain|[of] p1a: Ninetales\n|\n|-weather|Snowscape|[upkeep]\n|upkeep\n|turn|6\n|inactive|refridgenator has 90 seconds left.\n|inactive|ramenisgoodfood has 120 seconds left.\n|inactive|ramenisgoodfood has 90 seconds left.\n|inactive|ramenisgoodfood has 60 seconds left.\n|\n|t:|1771267166\n|move|p1b: Amoonguss|Spore|p2b: Iron Hands\n|-status|p2b: Iron Hands|slp|[from] move: Spore\n|cant|p2b: Iron Hands|slp\n|move|p1a: Ninetales|Aurora Veil|p1a: Ninetales\n|-sidestart|p1: refridgenator|move: Aurora Veil\n|move|p2a: Ogerpon|Ivy Cudgel|p1b: Amoonguss|[anim] Ivy Cudgel Fire\n|-supereffective|p1b: Amoonguss\n|-damage|p1b: Amoonguss|0 fnt\n|faint|p1b: Amoonguss\n|\n|-weather|Snowscape|[upkeep]\n|upkeep\n|\n|t:|1771267179\n|switch|p1b: Incineroar|Incineroar, M|65/100\n|-ability|p1b: Incineroar|Intimidate|boost\n|-unboost|p2a: Ogerpon|atk|1\n|-unboost|p2b: Iron Hands|atk|1\n|turn|7\n|inactive|refridgenator has 90 seconds left.\n|\n|t:|1771267191\n|move|p1b: Incineroar|Fake Out|p2a: Ogerpon\n|-damage|p2a: Ogerpon|86/100\n|-curestatus|p2b: Iron Hands|slp|[msg]\n|move|p2b: Iron Hands|Drain Punch|p1b: Incineroar\n|-supereffective|p1b: Incineroar\n|-crit|p1b: Incineroar\n|-damage|p1b: Incineroar|0 fnt\n|-heal|p2b: Iron Hands|100/100|[from] drain|[of] p1b: Incineroar\n|faint|p1b: Incineroar\n|move|p1a: Ninetales|Moonblast|p2b: Iron Hands\n|-supereffective|p2b: Iron Hands\n|-damage|p2b: Iron Hands|43/100\n|-unboost|p2b: Iron Hands|spa|1\n|cant|p2a: Ogerpon|flinch\n|\n|-weather|Snowscape|[upkeep]\n|-fieldend|move: Trick Room\n|upkeep\n|inactive|refridgenator has 90 seconds left.\n|-message|refridgenator forfeited.\n|\n|win|ramenisgoodfood\n|raw|refridgenator's rating: 1687 &rarr; <strong>1665</strong><br />(-22 for losing)\n|raw|ramenisgoodfood's rating: 1647 &rarr; <strong>1669</strong><br />(+22 for winning)\n|l|☆refridgenator\n|player|p1|\n", "uploadtime": 1771267406, "views": 2, "formatid": "gen9doublesou", "rating": 1665, "private": 0, "password": null}