{"id": "gen9doublesou-2540762247", "format": "[Gen 9] Doubles OU", "players": ["Poly love", "jotto"], "log": "|badge|p1|bronze|gen9doublesou|100-8\n|uhtml|medal-msg|<div class=\"broadcast-blue\">Curious what those medals under the avatar are? PS now has Ladder Seasons! For more information, check out the <a href=\"https://www.smogon.com/forums/threads/3740067/\">thread on Smogon.</a></div>\n|badge|p2|bronze|gen9doublesou|100-8\n|uhtml|medal-msg|<div class=\"broadcast-blue\">Curious what those medals under the avatar are? PS now has Ladder Seasons! For more information, check out the <a href=\"https://www.smogon.com/forums/threads/3740067/\">thread on Smogon.</a></div>\n|j|☆Poly love\n|j|☆jotto\n|t:|1771251100\n|gametype|doubles\n|player|p1|Poly love|marnie-masters2|1832\n|player|p2|jotto|1|1718\n|gen|9\n|tier|[Gen 9] Doubles OU\n|rated|\n|rule|HP Percentage Mod: HP is shown in percentages\n|rule|Endless Battle Clause: Forcing endless battles is banned\n|rule|Species Clause: Limit one of each Pokémon\n|rule|OHKO Clause: OHKO moves are banned\n|rule|Evasion Moves Clause: Evasion moves are banned\n|rule|Gravity Sleep Clause: The combination of sleep-inducing moves with imperfect accuracy and Gravity or Gigantamax Orbeetle are banned\n|rule|Evasion Abilities Clause: Evasion abilities are banned\n|clearpoke\n|poke|p1|Tyranitar, M|\n|poke|p1|Ting-Lu|\n|poke|p1|Orthworm, M|\n|poke|p1|Houndstone, F|\n|poke|p1|Chien-Pao|\n|poke|p1|Glimmora, F|\n|poke|p2|Rillaboom, F|\n|poke|p2|Grimmsnarl, M|\n|poke|p2|Volcarona, M|\n|poke|p2|Sinistcha|\n|poke|p2|Landorus-Therian, M|\n|poke|p2|Cinderace, F|\n|teampreview\n|\n|t:|1771251127\n|teamsize|p1|6\n|teamsize|p2|6\n|start\n|switch|p1a: Spinner ball|Glimmora, F|100/100\n|switch|p1b: Bite ice|Chien-Pao|100/100\n|switch|p2a: Cinderace|Cinderace, F|100/100\n|switch|p2b: Rillaboom|Rillaboom, F|100/100\n|-ability|p1b: Bite ice|Sword of Ruin\n|-fieldstart|move: Grassy Terrain|[from] ability: Grassy Surge|[of] p2b: Rillaboom\n|turn|1\n|\n|t:|1771251141\n|move|p1b: Bite ice|Protect|p1b: Bite ice\n|-singleturn|p1b: Bite ice|Protect\n|move|p2b: Rillaboom|Fake Out|p1a: Spinner ball\n|-resisted|p1a: Spinner ball\n|-damage|p1a: Spinner ball|88/100\n|-activate|p1a: Spinner ball|ability: Toxic Debris\n|-sidestart|p2: jotto|move: Toxic Spikes\n|move|p2a: Cinderace|Pyro Ball|p1a: Spinner ball\n|-resisted|p1a: Spinner ball\n|-damage|p1a: Spinner ball|41/100\n|-activate|p1a: Spinner ball|ability: Toxic Debris\n|-sidestart|p2: jotto|move: Toxic Spikes\n|cant|p1a: Spinner ball|flinch\n|\n|-heal|p1a: Spinner ball|47/100|[from] Grassy Terrain\n|upkeep\n|turn|2\n|\n|t:|1771251171\n|-terastallize|p1b: Bite ice|Ghost\n|move|p2b: Rillaboom|Grassy Glide|p1a: Spinner ball\n|-damage|p1a: Spinner ball|0 fnt\n|faint|p1a: Spinner ball\n|move|p1b: Bite ice|Ice Spinner|p2b: Rillaboom\n|-supereffective|p2b: Rillaboom\n|-damage|p2b: Rillaboom|2/100\n|-fieldend|move: Grassy Terrain\n|move|p2a: Cinderace|Court Change|p2a: Cinderace\n|-start|p2a: Cinderace|typechange|Normal|[from] ability: Libero\n|-swapsideconditions\n|-activate|p2a: Cinderace|move: Court Change\n|\n|upkeep\n|\n|t:|1771251187\n|switch|p1a: Migajas|Orthworm, M|100/100\n|turn|3\n|\n|t:|1771251203\n|move|p1b: Bite ice|Sacred Sword|p2a: Cinderace\n|-supereffective|p2a: Cinderace\n|-damage|p2a: Cinderace|0 fnt\n|faint|p2a: Cinderace\n|move|p2b: Rillaboom|Knock Off|p1b: Bite ice\n|-supereffective|p1b: Bite ice\n|-damage|p1b: Bite ice|0 fnt\n|-enditem|p1b: Bite ice|Clear Amulet|[from] move: Knock Off|[of] p2b: Rillaboom\n|faint|p1b: Bite ice\n|move|p1a: Migajas|Iron Defense|p1a: Migajas\n|-boost|p1a: Migajas|def|2\n|\n|upkeep\n|\n|t:|1771251223\n|switch|p1b: Godzilla|Tyranitar, M|100/100\n|switch|p2a: Volcarona|Volcarona, M|100/100\n|-status|p1b: Godzilla|tox\n|-weather|Sandstorm|[from] ability: Sand Stream|[of] p1b: Godzilla\n|turn|4\n|\n|t:|1771251233\n|-terastallize|p2a: Volcarona|Grass\n|move|p2a: Volcarona|Quiver Dance|p2a: Volcarona\n|-boost|p2a: Volcarona|spa|1\n|-boost|p2a: Volcarona|spd|1\n|-boost|p2a: Volcarona|spe|1\n|move|p1b: Godzilla|Rock Slide|p2b: Rillaboom|[spread] p2a,p2b\n|-damage|p2a: Volcarona|67/100\n|-damage|p2b: Rillaboom|0 fnt\n|faint|p2b: Rillaboom\n|move|p1a: Migajas|Body Press|p2a: Volcarona\n|-damage|p2a: Volcarona|9/100\n|\n|-weather|Sandstorm|[upkeep]\n|-damage|p2a: Volcarona|2/100|[from] Sandstorm\n|-damage|p1b: Godzilla|94/100 tox|[from] psn\n|upkeep\n|\n|t:|1771251247\n|switch|p2b: Sinistcha|Sinistcha|100/100\n|-heal|p2a: Volcarona|27/100|[from] ability: Hospitality|[of] p2b: Sinistcha\n|turn|5\n|\n|t:|1771251259\n|move|p1a: Migajas|Protect|p1a: Migajas\n|-singleturn|p1a: Migajas|Protect\n|move|p2b: Sinistcha|Rage Powder|p2b: Sinistcha\n|-singleturn|p2b: Sinistcha|move: Rage Powder\n|move|p2a: Volcarona|Giga Drain|p1b: Godzilla\n|-supereffective|p1b: Godzilla\n|-damage|p1b: Godzilla|28/100 tox\n|-heal|p2a: Volcarona|66/100|[from] drain|[of] p1b: Godzilla\n|-enditem|p1b: Godzilla|Eject Button\n|\n|t:|1771251269\n|switch|p1b: Stalling power|Ting-Lu|100/100\n|-status|p1b: Stalling power|tox\n|-ability|p1b: Stalling power|Vessel of Ruin\n|\n|-weather|Sandstorm|[upkeep]\n|-damage|p2a: Volcarona|60/100|[from] Sandstorm\n|-damage|p2b: Sinistcha|94/100|[from] Sandstorm\n|-damage|p1b: Stalling power|94/100 tox|[from] psn\n|upkeep\n|turn|6\n|\n|t:|1771251278\n|move|p2b: Sinistcha|Rage Powder|p2b: Sinistcha\n|-singleturn|p2b: Sinistcha|move: Rage Powder\n|move|p2a: Volcarona|Heat Wave|p1a: Migajas|[spread] p1a,p1b\n|-supereffective|p1a: Migajas\n|-damage|p1a: Migajas|13/100\n|-damage|p1b: Stalling power|70/100 tox\n|move|p1a: Migajas|Body Press|p2b: Sinistcha\n|-immune|p2b: Sinistcha\n|move|p1b: Stalling power|Whirlwind|p2b: Sinistcha\n|drag|p2b: Grimmsnarl|Grimmsnarl, M|100/100\n|\n|-weather|Sandstorm|[upkeep]\n|-damage|p2a: Volcarona|54/100|[from] Sandstorm\n|-damage|p2b: Grimmsnarl|94/100|[from] Sandstorm\n|-heal|p1a: Migajas|19/100|[from] item: Leftovers\n|-heal|p1b: Stalling power|76/100 tox|[from] item: Leftovers\n|-damage|p1b: Stalling power|64/100 tox|[from] psn\n|upkeep\n|turn|7\n|\n|t:|1771251296\n|move|p2a: Volcarona|Giga Drain|p1b: Stalling power\n|-supereffective|p1b: Stalling power\n|-damage|p1b: Stalling power|5/100 tox\n|-heal|p2a: Volcarona|99/100|[from] drain|[of] p1b: Stalling power\n|move|p1a: Migajas|Body Press|p2a: Volcarona\n|-damage|p2a: Volcarona|45/100\n|move|p2b: Grimmsnarl|Spirit Break|p1b: Stalling power\n|-supereffective|p1b: Stalling power\n|-damage|p1b: Stalling power|0 fnt\n|faint|p1b: Stalling power\n|\n|-weather|Sandstorm|[upkeep]\n|-damage|p2a: Volcarona|39/100|[from] Sandstorm\n|-damage|p2b: Grimmsnarl|88/100|[from] Sandstorm\n|-heal|p1a: Migajas|25/100|[from] item: Leftovers\n|upkeep\n|\n|t:|1771251306\n|switch|p1b: Doggy attack|Houndstone, F|100/100\n|-status|p1b: Doggy attack|tox\n|turn|8\n|\n|t:|1771251315\n|move|p2a: Volcarona|Protect|p2a: Volcarona\n|-singleturn|p2a: Volcarona|Protect\n|move|p2b: Grimmsnarl|Reflect|p2b: Grimmsnarl\n|-sidestart|p2: jotto|Reflect\n|move|p1b: Doggy attack|Last Respects|p2a: Volcarona\n|-activate|p2a: Volcarona|move: Protect\n|move|p1a: Migajas|Heavy Slam|p2b: Grimmsnarl\n|-supereffective|p2b: Grimmsnarl\n|-damage|p2b: Grimmsnarl|38/100\n|\n|-weather|none\n|-heal|p1a: Migajas|31/100|[from] item: Leftovers\n|-damage|p1b: Doggy attack|95/100 tox|[from] psn\n|upkeep\n|turn|9\n|\n|t:|1771251332\n|move|p2a: Volcarona|Heat Wave|p1a: Migajas|[spread] p1a,p1b\n|-supereffective|p1a: Migajas\n|-damage|p1a: Migajas|0 fnt\n|-damage|p1b: Doggy attack|25/100 tox\n|faint|p1a: Migajas\n|move|p1b: Doggy attack|Last Respects|p2a: Volcarona\n|-damage|p2a: Volcarona|0 fnt\n|faint|p2a: Volcarona\n|move|p2b: Grimmsnarl|Spirit Break|p1b: Doggy attack\n|-damage|p1b: Doggy attack|0 fnt\n|faint|p1b: Doggy attack\n|\n|upkeep\n|inactive|Battle timer is ON: inactive players will automatically lose when time's up. (requested by jotto)\n|-message|Poly love forfeited.\n|\n|win|jotto\n|raw|Poly love's rating: 1832 &rarr; <strong>1806</strong><br />(-26 for losing)\n|raw|jotto's rating: 1718 &rarr; <strong>1744</strong><br />(+26 for winning)\n|l|☆Poly love\n|player|p1|\n|l|☆jotto\n|player|p2|\n", "uploadtime": 1771251615, "views": 7, "formatid": "gen9doublesou", "rating": 1744, "private": 0, "password": null}