{"id": "gen9doublesou-2540090434", "format": "[Gen 9] Doubles OU", "players": ["refridgenator", "GabrieldeCamargos"], "log": "|j|☆refridgenator\n|j|☆GabrieldeCamargos\n|t:|1771160125\n|gametype|doubles\n|player|p1|refridgenator|swimmer-gen4dp|1605\n|player|p2|GabrieldeCamargos|265|1651\n|gen|9\n|tier|[Gen 9] Doubles OU\n|rated|\n|rule|HP Percentage Mod: HP is shown in percentages\n|rule|Endless Battle Clause: Forcing endless battles is banned\n|rule|Species Clause: Limit one of each Pokémon\n|rule|OHKO Clause: OHKO moves are banned\n|rule|Evasion Moves Clause: Evasion moves are banned\n|rule|Gravity Sleep Clause: The combination of sleep-inducing moves with imperfect accuracy and Gravity or Gigantamax Orbeetle are banned\n|rule|Evasion Abilities Clause: Evasion abilities are banned\n|clearpoke\n|poke|p1|Milotic, F|\n|poke|p1|Ninetales-Alola, F|\n|poke|p1|Incineroar, F|\n|poke|p1|Amoonguss, M|\n|poke|p1|Cresselia, F|\n|poke|p1|Porygon2|\n|poke|p2|Pelipper, M|\n|poke|p2|Barraskewda, M|\n|poke|p2|Torkoal, M|\n|poke|p2|Ursaluna, F|\n|poke|p2|Amoonguss, F|\n|poke|p2|Farigiraf, M|\n|teampreview\n|\n|t:|1771160135\n|teamsize|p1|6\n|teamsize|p2|6\n|start\n|switch|p1a: Cresselia|Cresselia, F|100/100\n|switch|p1b: Incineroar|Incineroar, F|100/100\n|switch|p2a: Pelipper|Pelipper, M|100/100\n|switch|p2b: Barraskewda|Barraskewda, M, shiny|100/100\n|-weather|RainDance|[from] ability: Drizzle|[of] p2a: Pelipper\n|-ability|p1b: Incineroar|Intimidate|boost\n|-unboost|p2a: Pelipper|atk|1\n|-unboost|p2b: Barraskewda|atk|1\n|turn|1\n|\n|t:|1771160152\n|switch|p2a: Farigiraf|Farigiraf, M, shiny|100/100\n|switch|p1b: Milotic|Milotic, F|100/100\n|move|p2b: Barraskewda|Flip Turn|p1b: Milotic\n|-resisted|p1b: Milotic\n|-damage|p1b: Milotic|79/100\n|\n|t:|1771160172\n|switch|p2b: Ursaluna|Ursaluna, F, shiny|100/100|[from] Flip Turn\n|move|p1a: Cresselia|Thunder|p2a: Farigiraf\n|-damage|p2a: Farigiraf|79/100\n|\n|-weather|RainDance|[upkeep]\n|-heal|p1b: Milotic|85/100|[from] item: Leftovers\n|-status|p2b: Ursaluna|brn|[from] item: Flame Orb\n|upkeep\n|turn|2\n|\n|t:|1771160186\n|switch|p1a: Incineroar|Incineroar, F|100/100\n|-ability|p1a: Incineroar|Intimidate|boost\n|-unboost|p2a: Farigiraf|atk|1\n|-unboost|p2b: Ursaluna|atk|1\n|move|p2b: Ursaluna|Protect|p2b: Ursaluna\n|-singleturn|p2b: Ursaluna|Protect\n|move|p1b: Milotic|Coil|p1b: Milotic\n|-boost|p1b: Milotic|atk|1\n|-boost|p1b: Milotic|def|1\n|-boost|p1b: Milotic|accuracy|1\n|move|p2a: Farigiraf|Trick Room|p2a: Farigiraf\n|-fieldstart|move: Trick Room|[of] p2a: Farigiraf\n|\n|-weather|RainDance|[upkeep]\n|-heal|p1b: Milotic|91/100|[from] item: Leftovers\n|-damage|p2b: Ursaluna|94/100 brn|[from] brn\n|upkeep\n|turn|3\n|\n|t:|1771160214\n|switch|p1a: Cresselia|Cresselia, F|100/100\n|move|p2b: Ursaluna|Facade|p1b: Milotic\n|-damage|p1b: Milotic|47/100\n|move|p2a: Farigiraf|Hyper Voice|p1b: Milotic|[spread] p1a,p1b\n|-damage|p1a: Cresselia|85/100\n|-damage|p1b: Milotic|27/100\n|move|p1b: Milotic|Muddy Water|p2a: Farigiraf|[spread] p2a,p2b\n|-supereffective|p2b: Ursaluna\n|-damage|p2a: Farigiraf|43/100\n|-damage|p2b: Ursaluna|33/100 brn\n|-unboost|p2a: Farigiraf|accuracy|1\n|\n|-weather|RainDance|[upkeep]\n|-heal|p1b: Milotic|33/100|[from] item: Leftovers\n|-damage|p2b: Ursaluna|27/100 brn|[from] brn\n|upkeep\n|turn|4\n|\n|t:|1771160235\n|move|p1b: Milotic|Protect|p1b: Milotic\n|-singleturn|p1b: Milotic|Protect\n|move|p2b: Ursaluna|Facade|p1a: Cresselia\n|-damage|p1a: Cresselia|35/100\n|move|p2a: Farigiraf|Hyper Voice|p1a: Cresselia|[spread] p1a\n|-activate|p1b: Milotic|move: Protect\n|-damage|p1a: Cresselia|19/100\n|move|p1a: Cresselia|Lunar Blessing|p1a: Cresselia|[spread] p1a,p1b\n|-heal|p1a: Cresselia|44/100\n|-heal|p1b: Milotic|58/100\n|\n|-weather|RainDance|[upkeep]\n|-heal|p1b: Milotic|64/100|[from] item: Leftovers\n|-damage|p2b: Ursaluna|21/100 brn|[from] brn\n|upkeep\n|turn|5\n|\n|t:|1771160256\n|switch|p1a: Incineroar|Incineroar, F|100/100\n|-ability|p1a: Incineroar|Intimidate|boost\n|-unboost|p2a: Farigiraf|atk|1\n|-unboost|p2b: Ursaluna|atk|1\n|move|p2b: Ursaluna|Facade|p1b: Milotic\n|-damage|p1b: Milotic|28/100\n|move|p2a: Farigiraf|Hyper Voice|p1b: Milotic|[spread] p1a,p1b\n|-damage|p1a: Incineroar|78/100\n|-damage|p1b: Milotic|7/100\n|move|p1b: Milotic|Muddy Water|p2b: Ursaluna|[spread] p2a,p2b\n|-supereffective|p2b: Ursaluna\n|-damage|p2a: Farigiraf|4/100\n|-damage|p2b: Ursaluna|0 fnt\n|faint|p2b: Ursaluna\n|\n|-weather|RainDance|[upkeep]\n|-heal|p1b: Milotic|13/100|[from] item: Leftovers\n|upkeep\n|\n|t:|1771160278\n|switch|p2b: Amoonguss|Amoonguss, F, shiny|100/100\n|turn|6\n|\n|t:|1771160294\n|switch|p1a: Amoonguss|Amoonguss, M|100/100\n|move|p1b: Milotic|Protect|p1b: Milotic\n|-singleturn|p1b: Milotic|Protect\n|move|p2b: Amoonguss|Spore|p1a: Amoonguss\n|-immune|p1a: Amoonguss\n|move|p2a: Farigiraf|Hyper Voice|p1a: Amoonguss|[spread] p1a\n|-activate|p1b: Milotic|move: Protect\n|-damage|p1a: Amoonguss|73/100\n|\n|-weather|RainDance|[upkeep]\n|-heal|p1b: Milotic|19/100|[from] item: Leftovers\n|-fieldend|move: Trick Room\n|upkeep\n|turn|7\n|\n|t:|1771160317\n|move|p2a: Farigiraf|Protect|p2a: Farigiraf\n|-singleturn|p2a: Farigiraf|Protect\n|move|p1b: Milotic|Muddy Water|p2b: Amoonguss|[spread] p2b\n|-activate|p2a: Farigiraf|move: Protect\n|-resisted|p2b: Amoonguss\n|-damage|p2b: Amoonguss|88/100\n|move|p1a: Amoonguss|Pollen Puff|p1b: Milotic\n|-heal|p1b: Milotic|69/100\n|move|p2b: Amoonguss|Spore|p1b: Milotic\n|-status|p1b: Milotic|slp|[from] move: Spore\n|\n|-weather|RainDance|[upkeep]\n|-heal|p1b: Milotic|75/100 slp|[from] item: Leftovers\n|-heal|p2b: Amoonguss|94/100|[from] item: Black Sludge\n|upkeep\n|turn|8\n|\n|t:|1771160355\n|switch|p2b: Torkoal|Torkoal, M, shiny|100/100\n|-weather|SunnyDay|[from] ability: Drought|[of] p2b: Torkoal\n|cant|p1b: Milotic|slp\n|move|p2a: Farigiraf|Psychic|p1a: Amoonguss\n|-supereffective|p1a: Amoonguss\n|-crit|p1a: Amoonguss\n|-damage|p1a: Amoonguss|0 fnt\n|faint|p1a: Amoonguss\n|\n|-weather|SunnyDay|[upkeep]\n|-heal|p1b: Milotic|81/100 slp|[from] item: Leftovers\n|upkeep\n|\n|t:|1771160369\n|switch|p1a: Ninetales|Ninetales-Alola, F|100/100\n|-weather|Snowscape|[from] ability: Snow Warning|[of] p1a: Ninetales\n|turn|9\n|\n|t:|1771160382\n|move|p1a: Ninetales|Blizzard|p2a: Farigiraf|[spread] p2a,p2b\n|-resisted|p2b: Torkoal\n|-damage|p2a: Farigiraf|0 fnt\n|-damage|p2b: Torkoal|80/100\n|faint|p2a: Farigiraf\n|-curestatus|p1b: Milotic|slp|[msg]\n|move|p1b: Milotic|Coil|p1b: Milotic\n|-boost|p1b: Milotic|atk|1\n|-boost|p1b: Milotic|def|1\n|-boost|p1b: Milotic|accuracy|1\n|move|p2b: Torkoal|Eruption|p1b: Milotic|[spread] p1a,p1b\n|-supereffective|p1a: Ninetales\n|-resisted|p1b: Milotic\n|-damage|p1a: Ninetales|50/100\n|-damage|p1b: Milotic|69/100\n|\n|-weather|Snowscape|[upkeep]\n|-heal|p1b: Milotic|75/100|[from] item: Leftovers\n|upkeep\n|\n|t:|1771160400\n|switch|p2a: Amoonguss|Amoonguss, F, shiny|100/100\n|turn|10\n|\n|t:|1771160407\n|move|p1a: Ninetales|Aurora Veil|p1a: Ninetales\n|-sidestart|p1: refridgenator|move: Aurora Veil\n|move|p1b: Milotic|Hypnosis|p2a: Amoonguss\n|-status|p2a: Amoonguss|slp|[from] move: Hypnosis\n|cant|p2a: Amoonguss|slp\n|move|p2b: Torkoal|Eruption|p1a: Ninetales|[spread] p1a,p1b\n|-supereffective|p1a: Ninetales\n|-resisted|p1b: Milotic\n|-damage|p1a: Ninetales|17/100\n|-damage|p1b: Milotic|67/100\n|\n|-weather|Snowscape|[upkeep]\n|-heal|p1b: Milotic|73/100|[from] item: Leftovers\n|upkeep\n|turn|11\n|\n|t:|1771160440\n|switch|p2b: Pelipper|Pelipper, M|100/100\n|-weather|RainDance|[from] ability: Drizzle|[of] p2b: Pelipper\n|move|p1a: Ninetales|Blizzard|p2b: Pelipper|[spread] p2a\n|-miss|p1a: Ninetales|p2b: Pelipper\n|-supereffective|p2a: Amoonguss\n|-damage|p2a: Amoonguss|69/100 slp\n|move|p1b: Milotic|Hypnosis|p2b: Pelipper\n|-status|p2b: Pelipper|slp|[from] move: Hypnosis\n|cant|p2a: Amoonguss|slp\n|\n|-weather|RainDance|[upkeep]\n|-heal|p1b: Milotic|79/100|[from] item: Leftovers\n|-heal|p2a: Amoonguss|75/100 slp|[from] item: Black Sludge\n|upkeep\n|turn|12\n|\n|t:|1771160464\n|switch|p1a: Cresselia|Cresselia, F|44/100\n|cant|p2b: Pelipper|slp\n|move|p1b: Milotic|Muddy Water|p2a: Amoonguss|[spread] p2a,p2b\n|-resisted|p2a: Amoonguss\n|-resisted|p2b: Pelipper\n|-damage|p2a: Amoonguss|64/100 slp\n|-damage|p2b: Pelipper|76/100 slp\n|-unboost|p2a: Amoonguss|accuracy|1\n|-curestatus|p2a: Amoonguss|slp|[msg]\n|move|p2a: Amoonguss|Spore|p1b: Milotic|[miss]\n|-miss|p2a: Amoonguss|p1b: Milotic\n|\n|-weather|RainDance|[upkeep]\n|-heal|p1b: Milotic|86/100|[from] item: Leftovers\n|-heal|p2a: Amoonguss|70/100|[from] item: Black Sludge\n|upkeep\n|turn|13\n|\n|t:|1771160495\n|move|p2a: Amoonguss|Protect|p2a: Amoonguss\n|-singleturn|p2a: Amoonguss|Protect\n|move|p1a: Cresselia|Psychic|p2b: Pelipper\n|-damage|p2b: Pelipper|40/100 slp\n|-curestatus|p2b: Pelipper|slp|[msg]\n|move|p2b: Pelipper|Weather Ball|p1a: Cresselia\n|-damage|p1a: Cresselia|26/100\n|move|p1b: Milotic|Hypnosis|p2a: Amoonguss\n|-activate|p2a: Amoonguss|move: Protect\n|\n|-weather|RainDance|[upkeep]\n|-heal|p1b: Milotic|92/100|[from] item: Leftovers\n|-heal|p2a: Amoonguss|76/100|[from] item: Black Sludge\n|upkeep\n|turn|14\n|\n|t:|1771160519\n|move|p1a: Cresselia|Thunder|p2b: Pelipper\n|-supereffective|p2b: Pelipper\n|-damage|p2b: Pelipper|0 fnt\n|faint|p2b: Pelipper\n|move|p1b: Milotic|Hypnosis|p2a: Amoonguss\n|-status|p2a: Amoonguss|slp|[from] move: Hypnosis\n|cant|p2a: Amoonguss|slp\n|\n|-weather|RainDance|[upkeep]\n|-heal|p1b: Milotic|98/100|[from] item: Leftovers\n|-heal|p2a: Amoonguss|82/100 slp|[from] item: Black Sludge\n|upkeep\n|\n|t:|1771160533\n|switch|p2b: Barraskewda|Barraskewda, M, shiny|100/100\n|turn|15\n|\n|t:|1771160557\n|switch|p1a: Porygon2|Porygon2|100/100\n|-ability|p1a: Porygon2|Download|boost\n|-boost|p1a: Porygon2|atk|1\n|-terastallize|p2b: Barraskewda|Water\n|move|p2b: Barraskewda|Liquidation|p1a: Porygon2\n|-damage|p1a: Porygon2|39/100\n|move|p1b: Milotic|Hypnosis|p2b: Barraskewda\n|-status|p2b: Barraskewda|slp|[from] move: Hypnosis\n|-curestatus|p2a: Amoonguss|slp|[msg]\n|move|p2a: Amoonguss|Clear Smog|p1b: Milotic\n|-damage|p1b: Milotic|91/100\n|-clearboost|p1b: Milotic\n|\n|-weather|RainDance|[upkeep]\n|-heal|p1b: Milotic|97/100|[from] item: Leftovers\n|-heal|p2a: Amoonguss|89/100|[from] item: Black Sludge\n|upkeep\n|turn|16\n|\n|t:|1771160585\n|switch|p1b: Incineroar|Incineroar, F|78/100\n|-ability|p1b: Incineroar|Intimidate|boost\n|-unboost|p2a: Amoonguss|atk|1\n|-unboost|p2b: Barraskewda|atk|1\n|cant|p2b: Barraskewda|slp\n|move|p1a: Porygon2|Tera Blast|p2b: Barraskewda\n|-damage|p2b: Barraskewda|7/100 slp\n|move|p2a: Amoonguss|Spore|p1b: Incineroar\n|-status|p1b: Incineroar|slp|[from] move: Spore\n|\n|-weather|RainDance|[upkeep]\n|-heal|p2a: Amoonguss|95/100|[from] item: Black Sludge\n|upkeep\n|turn|17\n|\n|t:|1771160609\n|-curestatus|p2b: Barraskewda|slp|[msg]\n|move|p2b: Barraskewda|Liquidation|p1a: Porygon2\n|-damage|p1a: Porygon2|0 fnt\n|faint|p1a: Porygon2\n|cant|p1b: Incineroar|slp\n|move|p2a: Amoonguss|Spore|p1b: Incineroar\n|-fail|p1b: Incineroar|slp\n|\n|-weather|RainDance|[upkeep]\n|-heal|p2a: Amoonguss|100/100|[from] item: Black Sludge\n|-sideend|p1: refridgenator|move: Aurora Veil\n|upkeep\n|\n|t:|1771160623\n|switch|p1a: Ninetales|Ninetales-Alola, F|17/100\n|-weather|Snowscape|[from] ability: Snow Warning|[of] p1a: Ninetales\n|turn|18\n|\n|t:|1771160633\n|move|p1a: Ninetales|Protect|p1a: Ninetales\n|-singleturn|p1a: Ninetales|Protect\n|move|p2b: Barraskewda|Liquidation|p1a: Ninetales\n|-activate|p1a: Ninetales|move: Protect\n|-curestatus|p1b: Incineroar|slp|[msg]\n|move|p1b: Incineroar|Knock Off|p2b: Barraskewda\n|-damage|p2b: Barraskewda|0 fnt\n|-enditem|p2b: Barraskewda|Choice Band|[from] move: Knock Off|[of] p1b: Incineroar\n|faint|p2b: Barraskewda\n|move|p2a: Amoonguss|Sludge Bomb|p1b: Incineroar|[miss]\n|-miss|p2a: Amoonguss|p1b: Incineroar\n|\n|-weather|Snowscape|[upkeep]\n|upkeep\n|l|☆GabrieldeCamargos\n|player|p2|\n|inactive|Battle timer is ON: inactive players will automatically lose when time's up. (requested by refridgenator)\n|inactive|GabrieldeCamargos has 30 seconds to reconnect!\n|inactive|GabrieldeCamargos has 20 seconds to reconnect!\n|inactive|GabrieldeCamargos has 15 seconds to reconnect!\n|inactive|GabrieldeCamargos has 10 seconds to reconnect!\n|inactive|GabrieldeCamargos has 5 seconds to reconnect!\n|-message|GabrieldeCamargos lost due to inactivity.\n|\n|win|refridgenator\n|raw|refridgenator's rating: 1605 &rarr; <strong>1628</strong><br />(+23 for winning)\n|raw|GabrieldeCamargos's rating: 1651 &rarr; <strong>1628</strong><br />(-23 for losing)\n|l|☆refridgenator\n|player|p1|\n", "uploadtime": 1771161099, "views": 19, "formatid": "gen9doublesou", "rating": 1628, "private": 0, "password": null}