{"id": "gen9doublesou-2540395855", "format": "[Gen 9] Doubles OU", "players": ["pigrider09", "Jon Mateo"], "log": "|j|☆pigrider09\n|j|☆Jon Mateo\n|t:|1771196874\n|gametype|doubles\n|player|p1|pigrider09|barry|1563\n|player|p2|Jon Mateo|102|1561\n|gen|9\n|tier|[Gen 9] Doubles OU\n|rated|\n|rule|HP Percentage Mod: HP is shown in percentages\n|rule|Endless Battle Clause: Forcing endless battles is banned\n|rule|Species Clause: Limit one of each Pokémon\n|rule|OHKO Clause: OHKO moves are banned\n|rule|Evasion Moves Clause: Evasion moves are banned\n|rule|Gravity Sleep Clause: The combination of sleep-inducing moves with imperfect accuracy and Gravity or Gigantamax Orbeetle are banned\n|rule|Evasion Abilities Clause: Evasion abilities are banned\n|clearpoke\n|poke|p1|Tyranitar, F|\n|poke|p1|Ogerpon-Wellspring, F|\n|poke|p1|Houndstone, F|\n|poke|p1|Ting-Lu|\n|poke|p1|Cresselia, F|\n|poke|p1|Iron Bundle|\n|poke|p2|Kleavor, F|\n|poke|p2|Kingdra, M|\n|poke|p2|Shiftry, F|\n|poke|p2|Chi-Yu|\n|poke|p2|Tinkaton, F|\n|poke|p2|Zapdos|\n|teampreview\n|\n|t:|1771196885\n|teamsize|p1|6\n|teamsize|p2|6\n|start\n|switch|p1a: Moose on the Loose|Ting-Lu|100/100\n|switch|p1b: Ogerpoggies|Ogerpon-Wellspring, F|100/100\n|switch|p2a: Tinkaton|Tinkaton, F|100/100\n|switch|p2b: Kleavor|Kleavor, F|100/100\n|-ability|p1a: Moose on the Loose|Vessel of Ruin\n|turn|1\n|\n|t:|1771196905\n|move|p1b: Ogerpoggies|Spiky Shield|p1b: Ogerpoggies\n|-singleturn|p1b: Ogerpoggies|move: Protect\n|move|p2a: Tinkaton|Fake Out|p1b: Ogerpoggies\n|-activate|p1b: Ogerpoggies|move: Protect\n|-damage|p2a: Tinkaton|88/100|[from] Spiky Shield|[of] p1b: Ogerpoggies\n|move|p2b: Kleavor|Tailwind|p2b: Kleavor\n|-sidestart|p2: Jon Mateo|move: Tailwind\n|move|p1a: Moose on the Loose|Stealth Rock|p2b: Kleavor\n|-sidestart|p2: Jon Mateo|move: Stealth Rock\n|\n|upkeep\n|turn|2\n|\n|t:|1771196947\n|-terastallize|p1b: Ogerpoggies|Water\n|detailschange|p1b: Ogerpoggies|Ogerpon-Wellspring-Tera, F, tera:Water\n|-ability|p1b: Ogerpoggies|Embody Aspect (Wellspring)|boost\n|-boost|p1b: Ogerpoggies|spd|1\n|move|p2b: Kleavor|X-Scissor|p1b: Ogerpoggies\n|-damage|p1b: Ogerpoggies|1/100\n|move|p2a: Tinkaton|Play Rough|p1a: Moose on the Loose\n|-supereffective|p1a: Moose on the Loose\n|-damage|p1a: Moose on the Loose|66/100\n|move|p1b: Ogerpoggies|Ivy Cudgel|p2b: Kleavor|[anim] Ivy Cudgel Water\n|-supereffective|p2b: Kleavor\n|-enditem|p2b: Kleavor|Focus Sash\n|-damage|p2b: Kleavor|1/100\n|move|p1a: Moose on the Loose|Spikes|p2b: Kleavor\n|-sidestart|p2: Jon Mateo|Spikes\n|\n|-heal|p1a: Moose on the Loose|72/100|[from] item: Leftovers\n|upkeep\n|turn|3\n|\n|t:|1771196976\n|move|p1b: Ogerpoggies|Spiky Shield|p1b: Ogerpoggies\n|-singleturn|p1b: Ogerpoggies|move: Protect\n|move|p2b: Kleavor|Stone Axe|p1a: Moose on the Loose\n|-resisted|p1a: Moose on the Loose\n|-damage|p1a: Moose on the Loose|58/100\n|-sidestart|p1: pigrider09|move: Stealth Rock\n|move|p2a: Tinkaton|Play Rough|p1a: Moose on the Loose\n|-supereffective|p1a: Moose on the Loose\n|-damage|p1a: Moose on the Loose|21/100\n|move|p1a: Moose on the Loose|Spikes|p2b: Kleavor\n|-sidestart|p2: Jon Mateo|Spikes\n|\n|-heal|p1a: Moose on the Loose|27/100|[from] item: Leftovers\n|upkeep\n|turn|4\n|\n|t:|1771197011\n|move|p1b: Ogerpoggies|Spiky Shield||[still]\n|-fail|p1b: Ogerpoggies\n|move|p2b: Kleavor|X-Scissor|p1a: Moose on the Loose\n|-supereffective|p1a: Moose on the Loose\n|-damage|p1a: Moose on the Loose|0 fnt\n|faint|p1a: Moose on the Loose\n|move|p2a: Tinkaton|Play Rough|p1b: Ogerpoggies\n|-damage|p1b: Ogerpoggies|0 fnt\n|faint|p1b: Ogerpoggies\n|detailschange|p1: Ogerpoggies|Ogerpon-Wellspring, F|[silent]\n|\n|-sideend|p2: Jon Mateo|move: Tailwind\n|upkeep\n|\n|t:|1771197027\n|switch|p1b: Quinten Tarantino|Cresselia, F|100/100\n|switch|p1a: Stop Fighting!|Tyranitar, F|100/100\n|-damage|p1b: Quinten Tarantino|88/100|[from] Stealth Rock\n|-damage|p1a: Stop Fighting!|88/100|[from] Stealth Rock\n|-weather|Sandstorm|[from] ability: Sand Stream|[of] p1a: Stop Fighting!\n|turn|5\n|\n|t:|1771197054\n|move|p1b: Quinten Tarantino|Ally Switch|p1b: Quinten Tarantino\n|swap|p1b: Quinten Tarantino|0|[from] move: Ally Switch\n|move|p2b: Kleavor|X-Scissor|p1b: Stop Fighting!\n|-supereffective|p1b: Stop Fighting!\n|-damage|p1b: Stop Fighting!|0 fnt\n|faint|p1b: Stop Fighting!\n|move|p2a: Tinkaton|Gigaton Hammer|p1a: Quinten Tarantino\n|-damage|p1a: Quinten Tarantino|50/100\n|\n|-weather|Sandstorm|[upkeep]\n|-damage|p1a: Quinten Tarantino|44/100|[from] Sandstorm\n|-heal|p1a: Quinten Tarantino|50/100|[from] item: Leftovers\n|upkeep\n|\n|t:|1771197067\n|switch|p1b: Bundle of Joy|Iron Bundle|100/100\n|-damage|p1b: Bundle of Joy|76/100|[from] Stealth Rock\n|-enditem|p1b: Bundle of Joy|Booster Energy\n|-activate|p1b: Bundle of Joy|ability: Quark Drive|[fromitem]\n|-start|p1b: Bundle of Joy|quarkdrivespe\n|turn|6\n|\n|t:|1771197076\n|move|p1b: Bundle of Joy|Freeze-Dry|p2b: Kleavor\n|-damage|p2b: Kleavor|0 fnt\n|faint|p2b: Kleavor\n|move|p2a: Tinkaton|Play Rough|p1b: Bundle of Joy|[miss]\n|-miss|p2a: Tinkaton|p1b: Bundle of Joy\n|move|p1a: Quinten Tarantino|Lunar Blessing|p1a: Quinten Tarantino|[spread] p1a,p1b\n|-heal|p1a: Quinten Tarantino|75/100\n|-heal|p1b: Bundle of Joy|100/100\n|\n|-weather|Sandstorm|[upkeep]\n|-damage|p1b: Bundle of Joy|95/100|[from] Sandstorm\n|-damage|p1a: Quinten Tarantino|69/100|[from] Sandstorm\n|-heal|p1a: Quinten Tarantino|75/100|[from] item: Leftovers\n|upkeep\n|\n|t:|1771197087\n|switch|p2b: Zapdos|Zapdos|100/100\n|-damage|p2b: Zapdos|76/100|[from] Stealth Rock\n|turn|7\n|\n|t:|1771197110\n|-terastallize|p2b: Zapdos|Electric\n|move|p1a: Quinten Tarantino|Ally Switch|p1a: Quinten Tarantino\n|swap|p1a: Quinten Tarantino|1|[from] move: Ally Switch\n|move|p1a: Bundle of Joy|Freeze-Dry|p2b: Zapdos\n|-damage|p2b: Zapdos|36/100\n|move|p2b: Zapdos|Thunderbolt|p1b: Quinten Tarantino\n|-damage|p1b: Quinten Tarantino|35/100\n|move|p2a: Tinkaton|Gigaton Hammer|p1b: Quinten Tarantino\n|-damage|p1b: Quinten Tarantino|0 fnt\n|faint|p1b: Quinten Tarantino\n|\n|-weather|Sandstorm|[upkeep]\n|-damage|p1a: Bundle of Joy|89/100|[from] Sandstorm\n|-damage|p2b: Zapdos|30/100|[from] Sandstorm\n|upkeep\n|\n|t:|1771197126\n|switch|p1b: Doggone it|Houndstone, F|100/100\n|-damage|p1b: Doggone it|88/100|[from] Stealth Rock\n|turn|8\n|\n|t:|1771197151\n|move|p2b: Zapdos|Protect|p2b: Zapdos\n|-singleturn|p2b: Zapdos|Protect\n|move|p1a: Bundle of Joy|Freeze-Dry|p2b: Zapdos\n|-activate|p2b: Zapdos|move: Protect\n|move|p1b: Doggone it|Last Respects|p2a: Tinkaton\n|-damage|p2a: Tinkaton|0 fnt\n|faint|p2a: Tinkaton\n|\n|-weather|Sandstorm|[upkeep]\n|-damage|p1a: Bundle of Joy|83/100|[from] Sandstorm\n|-damage|p2b: Zapdos|24/100|[from] Sandstorm\n|upkeep\n|\n|t:|1771197163\n|switch|p2a: Kingdra|Kingdra, M|100/100\n|-damage|p2a: Kingdra|88/100|[from] Stealth Rock\n|-damage|p2a: Kingdra|72/100|[from] Spikes\n|turn|9\n|\n|t:|1771197170\n|move|p1a: Bundle of Joy|Freeze-Dry|p2a: Kingdra\n|-supereffective|p2a: Kingdra\n|-damage|p2a: Kingdra|0 fnt\n|faint|p2a: Kingdra\n|move|p1b: Doggone it|Last Respects|p2b: Zapdos\n|-damage|p2b: Zapdos|0 fnt\n|faint|p2b: Zapdos\n|\n|-weather|none\n|upkeep\n|\n|t:|1771197174\n|switch|p2b: Chi-Yu|Chi-Yu|100/100\n|switch|p2a: Shiftry|Shiftry, F|100/100\n|-damage|p2b: Chi-Yu|76/100|[from] Stealth Rock\n|-damage|p2b: Chi-Yu|59/100|[from] Spikes\n|-ability|p2b: Chi-Yu|Beads of Ruin\n|-damage|p2a: Shiftry|88/100|[from] Stealth Rock\n|-damage|p2a: Shiftry|72/100|[from] Spikes\n|turn|10\n|\n|t:|1771197197\n|move|p2a: Shiftry|Sucker Punch|p1b: Doggone it\n|-supereffective|p1b: Doggone it\n|-damage|p1b: Doggone it|4/100\n|move|p1a: Bundle of Joy|Hydro Pump|p2b: Chi-Yu|[miss]\n|-miss|p1a: Bundle of Joy|p2b: Chi-Yu\n|move|p2b: Chi-Yu|Dark Pulse|p1a: Bundle of Joy\n|-damage|p1a: Bundle of Joy|0 fnt\n|faint|p1a: Bundle of Joy\n|-end|p1a: Bundle of Joy|Quark Drive|[silent]\n|move|p1b: Doggone it|Last Respects|p2a: Shiftry\n|-resisted|p2a: Shiftry\n|-damage|p2a: Shiftry|0 fnt\n|faint|p2a: Shiftry\n|\n|upkeep\n|turn|11\n|\n|t:|1771197215\n|move|p2b: Chi-Yu|Dark Pulse|p1b: Doggone it\n|-supereffective|p1b: Doggone it\n|-damage|p1b: Doggone it|0 fnt\n|faint|p1b: Doggone it\n|\n|win|Jon Mateo\n|raw|pigrider09's rating: 1563 &rarr; <strong>1543</strong><br />(-20 for losing)\n|raw|Jon Mateo's rating: 1561 &rarr; <strong>1581</strong><br />(+20 for winning)\n|l|☆pigrider09\n|player|p1|\n|l|☆Jon Mateo\n|player|p2|\n", "uploadtime": 1771197501, "views": 11, "formatid": "gen9doublesou", "rating": 1543, "private": 0, "password": null}