{"id": "gen9doublesou-2540679130", "format": "[Gen 9] Doubles OU", "players": ["dracarysbow", "xyyyyyz"], "log": "|j|☆dracarysbow\n|j|☆xyyyyyz\n|t:|1771238990\n|gametype|doubles\n|player|p1|dracarysbow|101|1543\n|player|p2|xyyyyyz|miku-fire|1576\n|gen|9\n|tier|[Gen 9] Doubles OU\n|rated|\n|rule|HP Percentage Mod: HP is shown in percentages\n|rule|Endless Battle Clause: Forcing endless battles is banned\n|rule|Species Clause: Limit one of each Pokémon\n|rule|OHKO Clause: OHKO moves are banned\n|rule|Evasion Moves Clause: Evasion moves are banned\n|rule|Gravity Sleep Clause: The combination of sleep-inducing moves with imperfect accuracy and Gravity or Gigantamax Orbeetle are banned\n|rule|Evasion Abilities Clause: Evasion abilities are banned\n|clearpoke\n|poke|p1|Zapdos-Galar|\n|poke|p1|Sneasler, F|\n|poke|p1|Murkrow, M|\n|poke|p1|Chi-Yu|\n|poke|p1|Primarina, F|\n|poke|p1|Pelipper, F|\n|poke|p2|Pelipper, M|\n|poke|p2|Kingambit, F|\n|poke|p2|Iron Bundle|\n|poke|p2|Palafin, F|\n|poke|p2|Tsareena, F|\n|poke|p2|Chien-Pao|\n|teampreview\n|inactive|Battle timer is ON: inactive players will automatically lose when time's up. (requested by xyyyyyz)\n|l|☆xyyyyyz\n|inactive|xyyyyyz disconnected and has a minute to reconnect!\n|player|p2|\n|j|☆xyyyyyz\n|inactive|xyyyyyz reconnected and has 115 seconds left.\n|player|p2|xyyyyyz|miku-fire|\n|\n|t:|1771239041\n|teamsize|p1|6\n|teamsize|p2|6\n|start\n|switch|p1a: Sneasler|Sneasler, F|100/100\n|switch|p1b: Murkrow|Murkrow, M|100/100\n|switch|p2a: Palafin|Palafin, F|100/100\n|switch|p2b: Iron Bundle|Iron Bundle|100/100\n|-enditem|p2b: Iron Bundle|Booster Energy\n|-activate|p2b: Iron Bundle|ability: Quark Drive|[fromitem]\n|-start|p2b: Iron Bundle|quarkdrivespe\n|turn|1\n|\n|t:|1771239061\n|detailschange|p2a: Palafin|Palafin-Hero, F\n|switch|p2a: Pelipper|Pelipper, M|100/100\n|-weather|RainDance|[from] ability: Drizzle|[of] p2a: Pelipper\n|-terastallize|p2b: Iron Bundle|Water\n|move|p1a: Sneasler|Fake Out|p2b: Iron Bundle\n|-enditem|p1a: Sneasler|Normal Gem|[from] gem\n|-damage|p2b: Iron Bundle|82/100\n|move|p1b: Murkrow|Tailwind|p1b: Murkrow\n|-sidestart|p1: dracarysbow|move: Tailwind\n|cant|p2b: Iron Bundle|flinch\n|\n|-weather|RainDance|[upkeep]\n|upkeep\n|turn|2\n|inactive|dracarysbow has 120 seconds left.\n|\n|t:|1771239096\n|move|p2b: Iron Bundle|Protect|p2b: Iron Bundle\n|-singleturn|p2b: Iron Bundle|Protect\n|move|p1b: Murkrow|Taunt|p2a: Pelipper\n|-start|p2a: Pelipper|move: Taunt\n|move|p1a: Sneasler|Dire Claw|p2b: Iron Bundle\n|-activate|p2b: Iron Bundle|move: Protect\n|cant|p2a: Pelipper|move: Taunt|Tailwind\n|\n|-weather|RainDance|[upkeep]\n|upkeep\n|turn|3\n|inactive|dracarysbow has 120 seconds left.\n|\n|t:|1771239117\n|move|p1b: Murkrow|Sucker Punch|p2a: Pelipper\n|-damage|p2a: Pelipper|79/100\n|-enditem|p2a: Pelipper|Eject Button\n|\n|t:|1771239125\n|switch|p2a: Palafin|Palafin-Hero, F|100/100\n|-activate|p2a: Palafin|ability: Zero to Hero\n|move|p1a: Sneasler|Dire Claw|p2b: Iron Bundle\n|-damage|p2b: Iron Bundle|35/100\n|-status|p2b: Iron Bundle|slp\n|cant|p2b: Iron Bundle|slp\n|\n|-weather|RainDance|[upkeep]\n|upkeep\n|turn|4\n|\n|t:|1771239141\n|cant|p2b: Iron Bundle|slp\n|move|p1b: Murkrow|Sucker Punch|p2a: Palafin\n|-damage|p2a: Palafin|80/100\n|move|p2a: Palafin|Jet Punch|p1a: Sneasler\n|-damage|p1a: Sneasler|0 fnt\n|faint|p1a: Sneasler\n|\n|-weather|RainDance|[upkeep]\n|-sideend|p1: dracarysbow|move: Tailwind\n|upkeep\n|\n|t:|1771239157\n|switch|p1a: Primarina|Primarina, F|100/100\n|turn|5\n|inactive|xyyyyyz has 120 seconds left.\n|\n|t:|1771239192\n|-terastallize|p1a: Primarina|Water\n|move|p2a: Palafin|Jet Punch|p1b: Murkrow\n|-damage|p1b: Murkrow|0 fnt\n|faint|p1b: Murkrow\n|cant|p2b: Iron Bundle|slp\n|move|p1a: Primarina|Hyper Voice|p2a: Palafin|[spread] p2a,p2b\n|-resisted|p2a: Palafin\n|-resisted|p2b: Iron Bundle\n|-damage|p2a: Palafin|45/100\n|-damage|p2b: Iron Bundle|0 fnt\n|faint|p2b: Iron Bundle\n|-end|p2b: Iron Bundle|Quark Drive|[silent]\n|\n|-weather|none\n|upkeep\n|\n|t:|1771239207\n|switch|p2b: Tsareena|Tsareena, F|100/100\n|switch|p1b: Pelipper|Pelipper, F|100/100\n|-weather|RainDance|[from] ability: Drizzle|[of] p1b: Pelipper\n|turn|6\n|\n|t:|1771239223\n|switch|p2a: Pelipper|Pelipper, M|79/100\n|switch|p1a: Zapdos|Zapdos-Galar|100/100\n|move|p2b: Tsareena|Power Whip|p1a: Zapdos|[miss]\n|-miss|p2b: Tsareena|p1a: Zapdos\n|move|p1b: Pelipper|Hurricane|p2b: Tsareena\n|-supereffective|p2b: Tsareena\n|-damage|p2b: Tsareena|37/100\n|\n|-weather|RainDance|[upkeep]\n|upkeep\n|turn|7\n|\n|t:|1771239240\n|move|p1a: Zapdos|Thunderous Kick|p2a: Pelipper\n|-resisted|p2a: Pelipper\n|-damage|p2a: Pelipper|55/100\n|-unboost|p2a: Pelipper|def|1\n|move|p2b: Tsareena|Power Whip|p1b: Pelipper\n|-damage|p1b: Pelipper|48/100\n|move|p2a: Pelipper|Tailwind|p2a: Pelipper\n|-sidestart|p2: xyyyyyz|move: Tailwind\n|move|p1b: Pelipper|Icy Wind|p2b: Tsareena|[spread] p2a,p2b\n|-supereffective|p2b: Tsareena\n|-damage|p2a: Pelipper|39/100\n|-damage|p2b: Tsareena|22/100\n|-unboost|p2a: Pelipper|spe|1\n|-unboost|p2b: Tsareena|spe|1\n|\n|-weather|RainDance|[upkeep]\n|upkeep\n|turn|8\n|\n|t:|1771239260\n|move|p1a: Zapdos|Thunderous Kick|p2a: Pelipper\n|-resisted|p2a: Pelipper\n|-damage|p2a: Pelipper|9/100\n|-unboost|p2a: Pelipper|def|1\n|move|p2b: Tsareena|Power Whip|p1b: Pelipper\n|-damage|p1b: Pelipper|0 fnt\n|faint|p1b: Pelipper\n|move|p2a: Pelipper|Hydro Pump|p1a: Zapdos\n|-damage|p1a: Zapdos|38/100\n|\n|-weather|RainDance|[upkeep]\n|upkeep\n|\n|t:|1771239271\n|switch|p1b: Primarina|Primarina, F, tera:Water|100/100\n|turn|9\n|\n|t:|1771239286\n|move|p2a: Pelipper|Wide Guard|p2a: Pelipper\n|-singleturn|p2a: Pelipper|Wide Guard\n|move|p1a: Zapdos|Acrobatics|p2b: Tsareena\n|-supereffective|p2b: Tsareena\n|-damage|p2b: Tsareena|0 fnt\n|faint|p2b: Tsareena\n|move|p1b: Primarina|Hyper Voice|p2a: Pelipper\n|-activate|p2a: Pelipper|move: Wide Guard\n|\n|-weather|RainDance|[upkeep]\n|upkeep\n|\n|t:|1771239295\n|switch|p2b: Chien-Pao|Chien-Pao|100/100\n|-ability|p2b: Chien-Pao|Sword of Ruin\n|turn|10\n|\n|t:|1771239304\n|move|p1a: Zapdos|Protect|p1a: Zapdos\n|-singleturn|p1a: Zapdos|Protect\n|move|p2b: Chien-Pao|Ice Spinner|p1a: Zapdos\n|-activate|p1a: Zapdos|move: Protect\n|move|p2a: Pelipper|Hurricane|p1b: Primarina\n|-damage|p1b: Primarina|79/100\n|move|p1b: Primarina|Dazzling Gleam|p2b: Chien-Pao|[spread] p2a,p2b\n|-supereffective|p2b: Chien-Pao\n|-damage|p2a: Pelipper|0 fnt\n|-enditem|p2b: Chien-Pao|Focus Sash\n|-damage|p2b: Chien-Pao|1/100\n|faint|p2a: Pelipper\n|\n|-weather|none\n|-sideend|p2: xyyyyyz|move: Tailwind\n|upkeep\n|\n|t:|1771239308\n|switch|p2a: Kingambit|Kingambit, F|100/100\n|turn|11\n|\n|t:|1771239325\n|switch|p1a: Chi-Yu|Chi-Yu|100/100\n|-ability|p1a: Chi-Yu|Beads of Ruin\n|move|p2b: Chien-Pao|Ice Spinner|p1a: Chi-Yu\n|-resisted|p1a: Chi-Yu\n|-crit|p1a: Chi-Yu\n|-damage|p1a: Chi-Yu|34/100\n|move|p1b: Primarina|Hyper Voice|p2a: Kingambit|[spread] p2a,p2b\n|-damage|p2a: Kingambit|45/100\n|-damage|p2b: Chien-Pao|0 fnt\n|faint|p2b: Chien-Pao\n|move|p2a: Kingambit|Kowtow Cleave|p1b: Primarina\n|-damage|p1b: Primarina|21/100\n|\n|upkeep\n|\n|t:|1771239335\n|switch|p2b: Palafin|Palafin-Hero, F|45/100\n|turn|12\n|\n|t:|1771239341\n|move|p2b: Palafin|Jet Punch|p1a: Chi-Yu\n|-supereffective|p1a: Chi-Yu\n|-damage|p1a: Chi-Yu|0 fnt\n|faint|p1a: Chi-Yu\n|move|p2a: Kingambit|Sucker Punch|p1b: Primarina\n|-damage|p1b: Primarina|0 fnt\n|faint|p1b: Primarina\n|\n|upkeep\n|\n|t:|1771239349\n|switch|p1b: Zapdos|Zapdos-Galar|38/100\n|turn|13\n|\n|t:|1771239356\n|move|p2b: Palafin|Jet Punch|p1b: Zapdos\n|-damage|p1b: Zapdos|0 fnt\n|faint|p1b: Zapdos\n|\n|win|xyyyyyz\n|raw|dracarysbow's rating: 1543 &rarr; <strong>1525</strong><br />(-18 for losing)\n|raw|xyyyyyz's rating: 1576 &rarr; <strong>1594</strong><br />(+18 for winning)\n|l|☆dracarysbow\n|player|p1|\n|l|☆xyyyyyz\n|player|p2|\n", "uploadtime": 1771239763, "views": 11, "formatid": "gen9doublesou", "rating": 1525, "private": 0, "password": null}