{"id": "gen9doublesou-2540735894", "format": "[Gen 9] Doubles OU", "players": ["ustat", "dracarysbow"], "log": "|j|☆ustat\n|j|☆dracarysbow\n|t:|1771247724\n|gametype|doubles\n|player|p1|ustat|red|1641\n|player|p2|dracarysbow|101|1566\n|gen|9\n|tier|[Gen 9] Doubles OU\n|rated|\n|rule|HP Percentage Mod: HP is shown in percentages\n|rule|Endless Battle Clause: Forcing endless battles is banned\n|rule|Species Clause: Limit one of each Pokémon\n|rule|OHKO Clause: OHKO moves are banned\n|rule|Evasion Moves Clause: Evasion moves are banned\n|rule|Gravity Sleep Clause: The combination of sleep-inducing moves with imperfect accuracy and Gravity or Gigantamax Orbeetle are banned\n|rule|Evasion Abilities Clause: Evasion abilities are banned\n|clearpoke\n|poke|p1|Regidrago|\n|poke|p1|Ribombee, F|\n|poke|p1|Incineroar, M|\n|poke|p1|Chi-Yu|\n|poke|p1|Ogerpon-Wellspring, F|\n|poke|p1|Metagross|\n|poke|p2|Zapdos-Galar|\n|poke|p2|Sneasler, M|\n|poke|p2|Murkrow, M|\n|poke|p2|Primarina, F|\n|poke|p2|Pelipper, F|\n|poke|p2|Walking Wake|\n|teampreview\n|\n|t:|1771247763\n|teamsize|p1|6\n|teamsize|p2|6\n|start\n|switch|p1a: I will survive!|Ribombee, F|100/100\n|switch|p1b: Shameless cat|Incineroar, M, shiny|100/100\n|switch|p2a: Murkrow|Murkrow, M|100/100\n|switch|p2b: Primarina|Primarina, F|100/100\n|-ability|p1b: Shameless cat|Intimidate|boost\n|-unboost|p2a: Murkrow|atk|1\n|-unboost|p2b: Primarina|atk|1\n|turn|1\n|\n|t:|1771247775\n|move|p1b: Shameless cat|Fake Out|p2a: Murkrow\n|-damage|p2a: Murkrow|87/100\n|cant|p2a: Murkrow|flinch\n|move|p1a: I will survive!|Moonblast|p2a: Murkrow\n|-supereffective|p2a: Murkrow\n|-damage|p2a: Murkrow|23/100\n|move|p2b: Primarina|Hyper Voice|p1b: Shameless cat|[spread] p1a,p1b\n|-supereffective|p1b: Shameless cat\n|-damage|p1a: I will survive!|31/100\n|-damage|p1b: Shameless cat|50/100\n|-enditem|p1b: Shameless cat|Sitrus Berry|[eat]\n|-heal|p1b: Shameless cat|75/100|[from] item: Sitrus Berry\n|\n|upkeep\n|turn|2\n|\n|t:|1771247791\n|move|p2a: Murkrow|Tailwind|p2a: Murkrow\n|-sidestart|p2: dracarysbow|move: Tailwind\n|move|p1a: I will survive!|Tailwind|p1a: I will survive!\n|-sidestart|p1: ustat|move: Tailwind\n|move|p1b: Shameless cat|Flare Blitz|p2a: Murkrow\n|-damage|p2a: Murkrow|0 fnt\n|faint|p2a: Murkrow\n|-damage|p1b: Shameless cat|69/100|[from] Recoil\n|move|p2b: Primarina|Hyper Voice|p1a: I will survive!|[spread] p1a,p1b\n|-supereffective|p1b: Shameless cat\n|-damage|p1a: I will survive!|0 fnt\n|-damage|p1b: Shameless cat|11/100\n|faint|p1a: I will survive!\n|\n|upkeep\n|\n|t:|1771247805\n|switch|p1a: Drink water|Ogerpon-Wellspring, F|100/100\n|switch|p2a: Sneasler|Sneasler, M|100/100\n|turn|3\n|\n|t:|1771247816\n|move|p2a: Sneasler|Fake Out|p1a: Drink water\n|-enditem|p2a: Sneasler|Normal Gem|[from] gem\n|-damage|p1a: Drink water|78/100\n|cant|p1a: Drink water|flinch\n|move|p1b: Shameless cat|Parting Shot|p2a: Sneasler\n|-unboost|p2a: Sneasler|atk|1\n|-unboost|p2a: Sneasler|spa|1\n|\n|t:|1771247832\n|switch|p1b: Hammurabi|Metagross|100/100|[from] Parting Shot\n|move|p2b: Primarina|Dazzling Gleam|p1a: Drink water|[spread] p1a,p1b\n|-resisted|p1b: Hammurabi\n|-damage|p1a: Drink water|43/100\n|-damage|p1b: Hammurabi|88/100\n|\n|upkeep\n|turn|4\n|\n|t:|1771247887\n|switch|p2b: Pelipper|Pelipper, F|100/100\n|-weather|RainDance|[from] ability: Drizzle|[of] p2b: Pelipper\n|move|p1a: Drink water|Spiky Shield|p1a: Drink water\n|-singleturn|p1a: Drink water|move: Protect\n|move|p2a: Sneasler|Dire Claw|p1a: Drink water\n|-activate|p1a: Drink water|move: Protect\n|-damage|p2a: Sneasler|88/100|[from] Spiky Shield|[of] p1a: Drink water\n|move|p1b: Hammurabi|Psychic Fangs|p2a: Sneasler\n|-supereffective|p2a: Sneasler\n|-damage|p2a: Sneasler|0 fnt\n|faint|p2a: Sneasler\n|\n|-weather|RainDance|[upkeep]\n|upkeep\n|\n|t:|1771247908\n|switch|p2a: Walking Wake|Walking Wake|100/100\n|turn|5\n|\n|t:|1771247930\n|switch|p1a: Shameless cat|Incineroar, M, shiny|11/100\n|-ability|p1a: Shameless cat|Intimidate|boost\n|-unboost|p2a: Walking Wake|atk|1\n|-fail|p2b: Pelipper|unboost|[from] item: Clear Amulet|[of] p2b: Pelipper\n|move|p2a: Walking Wake|Protect|p2a: Walking Wake\n|-singleturn|p2a: Walking Wake|Protect\n|move|p1b: Hammurabi|Psychic Fangs|p2b: Pelipper\n|-damage|p2b: Pelipper|45/100\n|move|p2b: Pelipper|Hurricane|p1a: Shameless cat\n|-damage|p1a: Shameless cat|0 fnt\n|faint|p1a: Shameless cat\n|\n|-weather|RainDance|[upkeep]\n|-sideend|p2: dracarysbow|move: Tailwind\n|-sideend|p1: ustat|move: Tailwind\n|upkeep\n|\n|t:|1771247951\n|switch|p1a: Luck Charm|Chi-Yu|100/100\n|-ability|p1a: Luck Charm|Beads of Ruin\n|turn|6\n|\n|t:|1771247995\n|switch|p1a: Drink water|Ogerpon-Wellspring, F|43/100\n|move|p2a: Walking Wake|Hydro Steam|p1a: Drink water\n|-heal|p1a: Drink water|68/100|[from] ability: Water Absorb|[of] p2a: Walking Wake\n|move|p1b: Hammurabi|Psychic Fangs|p2b: Pelipper\n|-damage|p2b: Pelipper|0 fnt\n|faint|p2b: Pelipper\n|\n|-weather|RainDance|[upkeep]\n|upkeep\n|\n|t:|1771248005\n|switch|p2b: Zapdos|Zapdos-Galar|100/100\n|turn|7\n|\n|t:|1771248016\n|move|p2b: Zapdos|Protect|p2b: Zapdos\n|-singleturn|p2b: Zapdos|Protect\n|move|p1a: Drink water|Spiky Shield|p1a: Drink water\n|-singleturn|p1a: Drink water|move: Protect\n|move|p2a: Walking Wake|Hydro Steam|p1b: Hammurabi\n|-damage|p1b: Hammurabi|47/100\n|move|p1b: Hammurabi|Psychic Fangs|p2b: Zapdos\n|-activate|p2b: Zapdos|move: Protect\n|\n|-weather|RainDance|[upkeep]\n|upkeep\n|turn|8\n|\n|t:|1771248033\n|move|p1a: Drink water|Follow Me|p1a: Drink water\n|-singleturn|p1a: Drink water|move: Follow Me\n|move|p2a: Walking Wake|Hydro Steam|p1a: Drink water\n|-heal|p1a: Drink water|93/100|[from] ability: Water Absorb|[of] p2a: Walking Wake\n|move|p2b: Zapdos|Thunderous Kick|p1a: Drink water\n|-damage|p1a: Drink water|41/100\n|-unboost|p1a: Drink water|def|1\n|move|p1b: Hammurabi|Psychic Fangs|p2b: Zapdos\n|-supereffective|p2b: Zapdos\n|-damage|p2b: Zapdos|0 fnt\n|faint|p2b: Zapdos\n|\n|-weather|none\n|upkeep\n|\n|t:|1771248046\n|switch|p2b: Primarina|Primarina, F|100/100\n|turn|9\n|\n|t:|1771248068\n|move|p2a: Walking Wake|Flamethrower|p1b: Hammurabi\n|-supereffective|p1b: Hammurabi\n|-damage|p1b: Hammurabi|8/100\n|move|p1a: Drink water|Wood Hammer|p2b: Primarina\n|-supereffective|p2b: Primarina\n|-damage|p2b: Primarina|0 fnt\n|faint|p2b: Primarina\n|-damage|p1a: Drink water|8/100|[from] Recoil\n|move|p1b: Hammurabi|Psychic Fangs|p2a: Walking Wake\n|-damage|p2a: Walking Wake|47/100\n|\n|upkeep\n|turn|10\n|\n|t:|1771248084\n|move|p1a: Drink water|Follow Me|p1a: Drink water\n|-singleturn|p1a: Drink water|move: Follow Me\n|move|p2a: Walking Wake|Dragon Pulse|p1a: Drink water\n|-damage|p1a: Drink water|0 fnt\n|faint|p1a: Drink water\n|move|p1b: Hammurabi|Psychic Fangs|p2a: Walking Wake\n|-damage|p2a: Walking Wake|0 fnt\n|faint|p2a: Walking Wake\n|-end|p2a: Walking Wake|Protosynthesis|[silent]\n|\n|win|ustat\n|raw|ustat's rating: 1641 &rarr; <strong>1657</strong><br />(+16 for winning)\n|raw|dracarysbow's rating: 1566 &rarr; <strong>1550</strong><br />(-16 for losing)\n|l|☆dracarysbow\n|player|p2|\n|c|☆ustat|Gg\n|l|☆ustat\n|player|p1|\n", "uploadtime": 1771248457, "views": 5, "formatid": "gen9doublesou", "rating": 1550, "private": 0, "password": null}