{"id": "gen9doublesou-2540230935", "format": "[Gen 9] Doubles OU", "players": ["Natana6l", "inakunana"], "log": "|j|☆Natana6l\n|j|☆inakunana\n|t:|1771178527\n|gametype|doubles\n|player|p1|Natana6l|flannery|1582\n|player|p2|inakunana|erika|1723\n|gen|9\n|tier|[Gen 9] Doubles OU\n|rated|\n|rule|HP Percentage Mod: HP is shown in percentages\n|rule|Endless Battle Clause: Forcing endless battles is banned\n|rule|Species Clause: Limit one of each Pokémon\n|rule|OHKO Clause: OHKO moves are banned\n|rule|Evasion Moves Clause: Evasion moves are banned\n|rule|Gravity Sleep Clause: The combination of sleep-inducing moves with imperfect accuracy and Gravity or Gigantamax Orbeetle are banned\n|rule|Evasion Abilities Clause: Evasion abilities are banned\n|clearpoke\n|poke|p1|Sneasler, F|\n|poke|p1|Arcanine, M|\n|poke|p1|Latios, M|\n|poke|p1|Cinderace, F|\n|poke|p1|Tyranitar, F|\n|poke|p1|Serperior, F|\n|poke|p2|Gholdengo|\n|poke|p2|Glimmora, M|\n|poke|p2|Incineroar, M|\n|poke|p2|Ogerpon-Hearthflame, F|\n|poke|p2|Rillaboom, M|\n|poke|p2|Tornadus, M|\n|teampreview\n|inactive|Battle timer is ON: inactive players will automatically lose when time's up. (requested by Natana6l)\n|inactive|inakunana also wants the timer to be on.\n|\n|t:|1771178555\n|teamsize|p1|6\n|teamsize|p2|6\n|start\n|switch|p1a: Sneasler|Sneasler, F|100/100\n|switch|p1b: Latios|Latios, M|100/100\n|switch|p2a: high tide|Tornadus, M|100/100\n|switch|p2b: predefined evil|Incineroar, M|100/100\n|-ability|p2b: predefined evil|Intimidate|boost\n|-unboost|p1a: Sneasler|atk|1\n|-unboost|p1b: Latios|atk|1\n|turn|1\n|\n|t:|1771178564\n|switch|p2b: bon voyage|Gholdengo|100/100\n|move|p2a: high tide|Protect|p2a: high tide\n|-singleturn|p2a: high tide|Protect\n|move|p1a: Sneasler|Fake Out|p2b: bon voyage\n|-immune|p2b: bon voyage\n|move|p1b: Latios|Draco Meteor|p2a: high tide\n|-activate|p2a: high tide|move: Protect\n|\n|upkeep\n|turn|2\n|\n|t:|1771178576\n|switch|p1a: Cinderace|Cinderace, F|100/100\n|move|p2a: high tide|Icy Wind|p1a: Cinderace|[spread] p1a,p1b\n|-resisted|p1a: Cinderace\n|-supereffective|p1b: Latios\n|-damage|p1a: Cinderace|91/100\n|-damage|p1b: Latios|71/100\n|-unboost|p1a: Cinderace|spe|1\n|-unboost|p1b: Latios|spe|1\n|move|p2b: bon voyage|Shadow Ball|p1b: Latios\n|-supereffective|p1b: Latios\n|-damage|p1b: Latios|0 fnt\n|faint|p1b: Latios\n|\n|upkeep\n|\n|t:|1771178584\n|switch|p1b: Tyranitar|Tyranitar, F|100/100\n|-weather|Sandstorm|[from] ability: Sand Stream|[of] p1b: Tyranitar\n|turn|3\n|\n|t:|1771178589\n|switch|p2a: when it snapped|Rillaboom, M|100/100\n|-fieldstart|move: Grassy Terrain|[from] ability: Grassy Surge|[of] p2a: when it snapped\n|-enditem|p2b: bon voyage|Grassy Seed\n|-boost|p2b: bon voyage|def|1|[from] item: Grassy Seed\n|move|p2b: bon voyage|Protect|p2b: bon voyage\n|-singleturn|p2b: bon voyage|Protect\n|move|p1b: Tyranitar|Protect|p1b: Tyranitar\n|-singleturn|p1b: Tyranitar|Protect\n|move|p1a: Cinderace|Pyro Ball|p2b: bon voyage\n|-activate|p2b: bon voyage|move: Protect\n|\n|-weather|Sandstorm|[upkeep]\n|-damage|p1a: Cinderace|85/100|[from] Sandstorm\n|-damage|p2a: when it snapped|94/100|[from] Sandstorm\n|-heal|p1a: Cinderace|91/100|[from] Grassy Terrain\n|-heal|p2a: when it snapped|100/100|[from] Grassy Terrain\n|upkeep\n|turn|4\n|\n|t:|1771178603\n|switch|p1b: Sneasler|Sneasler, F|100/100\n|move|p2a: when it snapped|Fake Out|p1a: Cinderace\n|-damage|p1a: Cinderace|71/100\n|move|p2b: bon voyage|Make It Rain|p1a: Cinderace|[spread] p1a,p1b\n|-resisted|p1a: Cinderace\n|-damage|p1a: Cinderace|40/100\n|-damage|p1b: Sneasler|38/100\n|-unboost|p2b: bon voyage|spa|1\n|cant|p1a: Cinderace|flinch\n|\n|-weather|Sandstorm|[upkeep]\n|-damage|p1b: Sneasler|32/100|[from] Sandstorm\n|-damage|p1a: Cinderace|34/100|[from] Sandstorm\n|-damage|p2a: when it snapped|94/100|[from] Sandstorm\n|-heal|p1b: Sneasler|38/100|[from] Grassy Terrain\n|-heal|p1a: Cinderace|40/100|[from] Grassy Terrain\n|-heal|p2a: when it snapped|100/100|[from] Grassy Terrain\n|upkeep\n|turn|5\n|\n|t:|1771178611\n|switch|p2a: predefined evil|Incineroar, M|100/100\n|-ability|p2a: predefined evil|Intimidate|boost\n|-unboost|p1a: Cinderace|atk|1\n|-unboost|p1b: Sneasler|atk|1\n|move|p2b: bon voyage|Protect|p2b: bon voyage\n|-singleturn|p2b: bon voyage|Protect\n|move|p1b: Sneasler|Fake Out|p2a: predefined evil\n|-damage|p2a: predefined evil|90/100\n|-damage|p1b: Sneasler|28/100|[from] item: Life Orb\n|move|p1a: Cinderace|Pyro Ball|p2b: bon voyage\n|-activate|p2b: bon voyage|move: Protect\n|\n|-weather|Sandstorm|[upkeep]\n|-damage|p1b: Sneasler|22/100|[from] Sandstorm\n|-damage|p1a: Cinderace|34/100|[from] Sandstorm\n|-damage|p2a: predefined evil|84/100|[from] Sandstorm\n|-heal|p1b: Sneasler|28/100|[from] Grassy Terrain\n|-heal|p1a: Cinderace|40/100|[from] Grassy Terrain\n|-heal|p2a: predefined evil|90/100|[from] Grassy Terrain\n|upkeep\n|turn|6\n|\n|t:|1771178619\n|switch|p2a: high tide|Tornadus, M|100/100\n|move|p1b: Sneasler|Close Combat|p2a: high tide\n|-resisted|p2a: high tide\n|-damage|p2a: high tide|61/100\n|-unboost|p1b: Sneasler|def|1\n|-unboost|p1b: Sneasler|spd|1\n|-status|p2a: high tide|psn|[from] ability: Poison Touch|[of] p1b: Sneasler\n|-damage|p1b: Sneasler|18/100|[from] item: Life Orb\n|move|p2b: bon voyage|Make It Rain|p1a: Cinderace|[spread] p1a,p1b\n|-resisted|p1a: Cinderace\n|-damage|p1a: Cinderace|20/100\n|-damage|p1b: Sneasler|0 fnt\n|-unboost|p2b: bon voyage|spa|1\n|faint|p1b: Sneasler\n|move|p1a: Cinderace|Pyro Ball|p2b: bon voyage\n|-supereffective|p2b: bon voyage\n|-damage|p2b: bon voyage|34/100\n|-damage|p1a: Cinderace|10/100|[from] item: Life Orb\n|\n|-weather|Sandstorm|[upkeep]\n|-damage|p2a: high tide|55/100 psn|[from] Sandstorm\n|-damage|p1a: Cinderace|4/100|[from] Sandstorm\n|-heal|p2b: bon voyage|40/100|[from] Grassy Terrain\n|-heal|p1a: Cinderace|10/100|[from] Grassy Terrain\n|-damage|p2a: high tide|43/100 psn|[from] psn\n|upkeep\n|\n|t:|1771178630\n|switch|p1b: Arcanine|Arcanine, M|100/100\n|-ability|p1b: Arcanine|Intimidate|boost\n|-unboost|p2a: high tide|atk|1\n|-unboost|p2b: bon voyage|atk|1\n|turn|7\n|\n|t:|1771178642\n|move|p2b: bon voyage|Protect|p2b: bon voyage\n|-singleturn|p2b: bon voyage|Protect\n|move|p1b: Arcanine|Extreme Speed|p2a: high tide\n|-damage|p2a: high tide|0 fnt\n|faint|p2a: high tide\n|-damage|p1b: Arcanine|91/100|[from] item: Life Orb\n|move|p1a: Cinderace|Sucker Punch||[still]\n|-fail|p1a: Cinderace\n|\n|-weather|none\n|-heal|p2b: bon voyage|46/100|[from] Grassy Terrain\n|-heal|p1a: Cinderace|16/100|[from] Grassy Terrain\n|-heal|p1b: Arcanine|97/100|[from] Grassy Terrain\n|-fieldend|move: Grassy Terrain\n|upkeep\n|\n|t:|1771178645\n|switch|p2a: low tide|Glimmora, M|100/100\n|turn|8\n|\n|t:|1771178655\n|move|p2a: low tide|Power Gem|p1b: Arcanine\n|-supereffective|p1b: Arcanine\n|-damage|p1b: Arcanine|7/100\n|move|p2b: bon voyage|Nasty Plot|p2b: bon voyage\n|-boost|p2b: bon voyage|spa|2\n|move|p1a: Cinderace|Iron Head|p2a: low tide\n|-start|p1a: Cinderace|typechange|Steel|[from] ability: Libero\n|-supereffective|p2a: low tide\n|-damage|p2a: low tide|16/100\n|-activate|p2a: low tide|ability: Toxic Debris\n|-sidestart|p1: Natana6l|move: Toxic Spikes\n|-damage|p1a: Cinderace|6/100|[from] item: Life Orb\n|move|p1b: Arcanine|Flare Blitz|p2b: bon voyage\n|-supereffective|p2b: bon voyage\n|-damage|p2b: bon voyage|0 fnt\n|faint|p2b: bon voyage\n|-damage|p1b: Arcanine|0 fnt|[from] Recoil\n|faint|p1b: Arcanine\n|\n|upkeep\n|\n|t:|1771178663\n|switch|p2b: wanted blood|Ogerpon-Hearthflame, F|100/100\n|switch|p1b: Serperior|Serperior, F|100/100\n|-ability|p2b: wanted blood|Mold Breaker\n|-status|p1b: Serperior|psn\n|turn|9\n|\n|t:|1771178670\n|-terastallize|p1b: Serperior|Ground\n|move|p2b: wanted blood|Ivy Cudgel|p1b: Serperior|[anim] Ivy Cudgel Fire\n|-damage|p1b: Serperior|35/100 psn\n|-enditem|p1b: Serperior|Sitrus Berry|[eat]\n|-heal|p1b: Serperior|60/100 psn|[from] item: Sitrus Berry\n|move|p1b: Serperior|Leaf Storm|p2a: low tide\n|-damage|p2a: low tide|0 fnt\n|-boost|p1b: Serperior|spa|2\n|faint|p2a: low tide\n|move|p1a: Cinderace|Pyro Ball|p2b: wanted blood\n|-damage|p2b: wanted blood|56/100\n|-damage|p1a: Cinderace|0 fnt|[from] item: Life Orb\n|faint|p1a: Cinderace\n|\n|-damage|p1b: Serperior|48/100 psn|[from] psn\n|upkeep\n|\n|t:|1771178683\n|switch|p1a: Tyranitar|Tyranitar, F|100/100\n|switch|p2a: when it snapped|Rillaboom, M|100/100\n|-fieldstart|move: Grassy Terrain|[from] ability: Grassy Surge|[of] p2a: when it snapped\n|-status|p1a: Tyranitar|psn\n|-weather|Sandstorm|[from] ability: Sand Stream|[of] p1a: Tyranitar\n|turn|10\n|\n|t:|1771178694\n|-terastallize|p2b: wanted blood|Fire\n|detailschange|p2b: wanted blood|Ogerpon-Hearthflame-Tera, F, tera:Fire\n|-ability|p2b: wanted blood|Embody Aspect (Hearthflame)|boost\n|-boost|p2b: wanted blood|atk|1\n|move|p2b: wanted blood|Grassy Glide|p1a: Tyranitar\n|-supereffective|p1a: Tyranitar\n|-damage|p1a: Tyranitar|0 fnt\n|faint|p1a: Tyranitar\n|move|p2a: when it snapped|Grassy Glide|p1b: Serperior\n|-supereffective|p1b: Serperior\n|-damage|p1b: Serperior|0 fnt\n|faint|p1b: Serperior\n|\n|win|inakunana\n|raw|Natana6l's rating: 1582 &rarr; <strong>1570</strong><br />(-12 for losing)\n|raw|inakunana's rating: 1723 &rarr; <strong>1735</strong><br />(+12 for winning)\n|l|☆Natana6l\n|player|p1|\n|j| X2Muz\n|l| X2Muz\n", "uploadtime": 1771178907, "views": 12, "formatid": "gen9doublesou", "rating": 1570, "private": 0, "password": null}