{"id": "gen9doublesou-2540682978", "format": "[Gen 9] Doubles OU", "players": ["xyyyyyz", "samu4846"], "log": "|j|☆xyyyyyz\n|j|☆samu4846\n|t:|1771239624\n|gametype|doubles\n|player|p1|xyyyyyz|miku-fire|1580\n|player|p2|samu4846|265|1553\n|gen|9\n|tier|[Gen 9] Doubles OU\n|rated|\n|rule|HP Percentage Mod: HP is shown in percentages\n|rule|Endless Battle Clause: Forcing endless battles is banned\n|rule|Species Clause: Limit one of each Pokémon\n|rule|OHKO Clause: OHKO moves are banned\n|rule|Evasion Moves Clause: Evasion moves are banned\n|rule|Gravity Sleep Clause: The combination of sleep-inducing moves with imperfect accuracy and Gravity or Gigantamax Orbeetle are banned\n|rule|Evasion Abilities Clause: Evasion abilities are banned\n|clearpoke\n|poke|p1|Glimmora, F|\n|poke|p1|Dragonite, M|\n|poke|p1|Scizor, M|\n|poke|p1|Arcanine, M|\n|poke|p1|Palafin, M|\n|poke|p1|Chien-Pao|\n|poke|p2|Torkoal, F|\n|poke|p2|Raging Bolt|\n|poke|p2|Ogerpon-Hearthflame, F|\n|poke|p2|Okidogi, M|\n|poke|p2|Chien-Pao|\n|poke|p2|Hoopa-Unbound|\n|teampreview\n|inactive|Battle timer is ON: inactive players will automatically lose when time's up. (requested by xyyyyyz)\n|inactive|samu4846 also wants the timer to be on.\n|\n|t:|1771239639\n|teamsize|p1|6\n|teamsize|p2|6\n|start\n|switch|p1a: Glimmora|Glimmora, F|100/100\n|switch|p1b: Scizor|Scizor, M|100/100\n|switch|p2a: Raging Bolt|Raging Bolt|100/100\n|switch|p2b: Okidogi|Okidogi, M|100/100\n|turn|1\n|\n|t:|1771239649\n|move|p1a: Glimmora|Stealth Rock|p2a: Raging Bolt\n|-sidestart|p2: samu4846|move: Stealth Rock\n|move|p2b: Okidogi|Bulk Up|p2b: Okidogi\n|-boost|p2b: Okidogi|atk|1\n|-boost|p2b: Okidogi|def|1\n|move|p2a: Raging Bolt|Volt Switch|p1a: Glimmora\n|-damage|p1a: Glimmora|70/100\n|\n|t:|1771239667\n|-end|p2a: Raging Bolt|Protosynthesis|[silent]\n|switch|p2a: Torkoal|Torkoal, F, shiny|100/100|[from] Volt Switch\n|-damage|p2a: Torkoal|76/100|[from] Stealth Rock\n|-weather|SunnyDay|[from] ability: Drought|[of] p2a: Torkoal\n|move|p1b: Scizor|U-turn|p2b: Okidogi\n|-resisted|p2b: Okidogi\n|-damage|p2b: Okidogi|92/100\n|\n|t:|1771239676\n|switch|p1b: Arcanine|Arcanine, M|100/100|[from] U-turn\n|-ability|p1b: Arcanine|Intimidate|boost\n|-unboost|p2a: Torkoal|atk|1\n|-ability|p2b: Okidogi|Guard Dog|boost\n|-boost|p2b: Okidogi|atk|1\n|\n|-weather|SunnyDay|[upkeep]\n|-heal|p2b: Okidogi|98/100|[from] item: Leftovers\n|upkeep\n|turn|2\n|\n|t:|1771239688\n|move|p1b: Arcanine|Will-O-Wisp|p2b: Okidogi\n|-status|p2b: Okidogi|brn\n|move|p1a: Glimmora|Mortal Spin|p2a: Torkoal|[spread] p2a,p2b\n|-resisted|p2b: Okidogi\n|-damage|p2a: Torkoal|73/100\n|-damage|p2b: Okidogi|97/100 brn\n|-status|p2a: Torkoal|psn\n|move|p2b: Okidogi|Drain Punch|p1b: Arcanine\n|-damage|p1b: Arcanine|68/100\n|-heal|p2b: Okidogi|100/100 brn|[from] drain|[of] p1b: Arcanine\n|move|p2a: Torkoal|Earth Power|p1a: Glimmora\n|-supereffective|p1a: Glimmora\n|-damage|p1a: Glimmora|0 fnt\n|faint|p1a: Glimmora\n|\n|-weather|SunnyDay|[upkeep]\n|-damage|p2a: Torkoal|61/100 psn|[from] psn\n|-damage|p2b: Okidogi|94/100 brn|[from] brn\n|upkeep\n|\n|t:|1771239702\n|switch|p1a: Palafin|Palafin, M|100/100\n|turn|3\n|\n|t:|1771239708\n|move|p1a: Palafin|Haze|p1a: Palafin\n|-clearallboost\n|move|p1b: Arcanine|Flamethrower|p2b: Okidogi\n|-damage|p2b: Okidogi|59/100 brn\n|move|p2b: Okidogi|Bulk Up|p2b: Okidogi\n|-boost|p2b: Okidogi|atk|1\n|-boost|p2b: Okidogi|def|1\n|move|p2a: Torkoal|Earth Power|p1b: Arcanine\n|-supereffective|p1b: Arcanine\n|-damage|p1b: Arcanine|30/100\n|-unboost|p1b: Arcanine|spd|1\n|\n|-weather|SunnyDay|[upkeep]\n|-heal|p2b: Okidogi|65/100 brn|[from] item: Leftovers\n|-damage|p2a: Torkoal|48/100 psn|[from] psn\n|-damage|p2b: Okidogi|59/100 brn|[from] brn\n|upkeep\n|turn|4\n|\n|t:|1771239729\n|move|p1a: Palafin|Haze|p1a: Palafin\n|-clearallboost\n|move|p1b: Arcanine|Morning Sun|p1b: Arcanine\n|-heal|p1b: Arcanine|96/100\n|move|p2b: Okidogi|Knock Off|p1a: Palafin\n|-damage|p1a: Palafin|83/100\n|-enditem|p1a: Palafin|Choice Band|[from] move: Knock Off|[of] p2b: Okidogi\n|move|p2a: Torkoal|Earth Power|p1b: Arcanine\n|-supereffective|p1b: Arcanine\n|-damage|p1b: Arcanine|61/100\n|\n|-weather|SunnyDay|[upkeep]\n|-heal|p2b: Okidogi|65/100 brn|[from] item: Leftovers\n|-damage|p2a: Torkoal|36/100 psn|[from] psn\n|-damage|p2b: Okidogi|59/100 brn|[from] brn\n|upkeep\n|turn|5\n|\n|t:|1771239749\n|move|p1a: Palafin|Zen Headbutt|p2b: Okidogi\n|-supereffective|p2b: Okidogi\n|-damage|p2b: Okidogi|2/100 brn\n|move|p1b: Arcanine|Flamethrower|p2a: Torkoal\n|-resisted|p2a: Torkoal\n|-damage|p2a: Torkoal|3/100 psn\n|move|p2b: Okidogi|Drain Punch|p1b: Arcanine\n|-damage|p1b: Arcanine|45/100\n|-heal|p2b: Okidogi|10/100 brn|[from] drain|[of] p1b: Arcanine\n|move|p2a: Torkoal|Earth Power|p1b: Arcanine\n|-supereffective|p1b: Arcanine\n|-damage|p1b: Arcanine|6/100\n|\n|-weather|SunnyDay|[upkeep]\n|-heal|p2b: Okidogi|16/100 brn|[from] item: Leftovers\n|-damage|p2a: Torkoal|0 fnt|[from] psn\n|faint|p2a: Torkoal\n|-damage|p2b: Okidogi|10/100 brn|[from] brn\n|upkeep\n|inactive|samu4846 has 120 seconds left.\n|\n|t:|1771239778\n|switch|p2a: Ogerpon|Ogerpon-Hearthflame, F|100/100\n|-damage|p2a: Ogerpon|76/100|[from] Stealth Rock\n|-ability|p2a: Ogerpon|Mold Breaker\n|turn|6\n|\n|t:|1771239784\n|detailschange|p1a: Palafin|Palafin-Hero, M\n|switch|p1a: Dragonite|Dragonite, M|100/100\n|move|p2a: Ogerpon|Ivy Cudgel|p1b: Arcanine|[anim] Ivy Cudgel Fire\n|-resisted|p1b: Arcanine\n|-damage|p1b: Arcanine|0 fnt\n|faint|p1b: Arcanine\n|move|p2b: Okidogi|Drain Punch|p1a: Dragonite\n|-resisted|p1a: Dragonite\n|-damage|p1a: Dragonite|93/100\n|-heal|p2b: Okidogi|14/100 brn|[from] drain|[of] p1a: Dragonite\n|\n|-weather|SunnyDay|[upkeep]\n|-heal|p2b: Okidogi|20/100 brn|[from] item: Leftovers\n|-damage|p2b: Okidogi|14/100 brn|[from] brn\n|upkeep\n|\n|t:|1771239791\n|switch|p1b: Chien-Pao|Chien-Pao|100/100\n|-ability|p1b: Chien-Pao|Sword of Ruin\n|turn|7\n|\n|t:|1771239803\n|-terastallize|p1a: Dragonite|Normal\n|move|p2a: Ogerpon|Spiky Shield|p2a: Ogerpon\n|-singleturn|p2a: Ogerpon|move: Protect\n|move|p1a: Dragonite|Extreme Speed|p2a: Ogerpon\n|-activate|p2a: Ogerpon|move: Protect\n|-damage|p1a: Dragonite|81/100|[from] Spiky Shield|[of] p2a: Ogerpon\n|move|p1b: Chien-Pao|Ice Spinner|p2b: Okidogi\n|-damage|p2b: Okidogi|0 fnt\n|faint|p2b: Okidogi\n|\n|-weather|SunnyDay|[upkeep]\n|upkeep\n|\n|t:|1771239828\n|switch|p2b: Chien-Pao|Chien-Pao|100/100\n|-damage|p2b: Chien-Pao|76/100|[from] Stealth Rock\n|-ability|p2b: Chien-Pao|Sword of Ruin\n|turn|8\n|\n|t:|1771239840\n|-terastallize|p2a: Ogerpon|Fire\n|detailschange|p2a: Ogerpon|Ogerpon-Hearthflame-Tera, F, tera:Fire\n|-ability|p2a: Ogerpon|Embody Aspect (Hearthflame)|boost\n|-boost|p2a: Ogerpon|atk|1\n|move|p1a: Dragonite|Extreme Speed|p2b: Chien-Pao\n|-damage|p2b: Chien-Pao|0 fnt\n|faint|p2b: Chien-Pao\n|move|p1b: Chien-Pao|Sacred Sword|p2a: Ogerpon\n|-damage|p2a: Ogerpon|24/100\n|move|p2a: Ogerpon|Ivy Cudgel|p1a: Dragonite|[anim] Ivy Cudgel Fire\n|-damage|p1a: Dragonite|0 fnt\n|faint|p1a: Dragonite\n|\n|-weather|none\n|upkeep\n|\n|t:|1771239855\n|switch|p2b: Raging Bolt|Raging Bolt|100/100\n|switch|p1a: Palafin|Palafin-Hero, M|83/100\n|-activate|p1a: Palafin|ability: Zero to Hero\n|-damage|p2b: Raging Bolt|88/100|[from] Stealth Rock\n|turn|9\n|\n|t:|1771239863\n|switch|p1a: Scizor|Scizor, M|100/100\n|move|p2a: Ogerpon|Spiky Shield|p2a: Ogerpon\n|-singleturn|p2a: Ogerpon|move: Protect\n|move|p2b: Raging Bolt|Thunderclap|p1b: Chien-Pao\n|-damage|p1b: Chien-Pao|36/100\n|move|p1b: Chien-Pao|Ice Spinner|p2b: Raging Bolt\n|-supereffective|p2b: Raging Bolt\n|-damage|p2b: Raging Bolt|5/100\n|\n|upkeep\n|turn|10\n|\n|t:|1771239875\n|move|p1b: Chien-Pao|Sucker Punch|p2a: Ogerpon\n|-damage|p2a: Ogerpon|0 fnt\n|faint|p2a: Ogerpon\n|detailschange|p2: Ogerpon|Ogerpon-Hearthflame, F|[silent]\n|move|p2b: Raging Bolt|Thunderclap||[still]\n|-fail|p2b: Raging Bolt\n|move|p1a: Scizor|Bullet Punch|p2b: Raging Bolt\n|-resisted|p2b: Raging Bolt\n|-damage|p2b: Raging Bolt|0 fnt\n|faint|p2b: Raging Bolt\n|-end|p2b: Raging Bolt|Protosynthesis|[silent]\n|\n|upkeep\n|-message|samu4846 forfeited.\n|\n|win|xyyyyyz\n|raw|xyyyyyz's rating: 1580 &rarr; <strong>1598</strong><br />(+18 for winning)\n|raw|samu4846's rating: 1553 &rarr; <strong>1535</strong><br />(-18 for losing)\n|l|☆samu4846\n|player|p2|\n|l|☆xyyyyyz\n|player|p1|\n", "uploadtime": 1771240171, "views": 13, "formatid": "gen9doublesou", "rating": 1535, "private": 0, "password": null}