{"id": "gen9doublesou-2540681768", "format": "[Gen 9] Doubles OU", "players": ["enexis", "xyyyyyz"], "log": "|j|☆enexis\n|j|☆xyyyyyz\n|t:|1771239413\n|gametype|doubles\n|player|p1|enexis|2|1701\n|player|p2|xyyyyyz|miku-fire|1594\n|gen|9\n|tier|[Gen 9] Doubles OU\n|rated|\n|rule|HP Percentage Mod: HP is shown in percentages\n|rule|Endless Battle Clause: Forcing endless battles is banned\n|rule|Species Clause: Limit one of each Pokémon\n|rule|OHKO Clause: OHKO moves are banned\n|rule|Evasion Moves Clause: Evasion moves are banned\n|rule|Gravity Sleep Clause: The combination of sleep-inducing moves with imperfect accuracy and Gravity or Gigantamax Orbeetle are banned\n|rule|Evasion Abilities Clause: Evasion abilities are banned\n|clearpoke\n|poke|p1|Grimmsnarl, M|\n|poke|p1|Sneasler, F|\n|poke|p1|Milotic, F|\n|poke|p1|Pelipper, M|\n|poke|p1|Bruxish, M|\n|poke|p1|Kilowattrel, M|\n|poke|p2|Glimmora, F|\n|poke|p2|Dragonite, F|\n|poke|p2|Scizor, M|\n|poke|p2|Arcanine, F|\n|poke|p2|Palafin, M|\n|poke|p2|Chien-Pao|\n|teampreview\n|inactive|Battle timer is ON: inactive players will automatically lose when time's up. (requested by xyyyyyz)\n|inactive|enexis has 120 seconds left.\n|\n|t:|1771239453\n|teamsize|p1|6\n|teamsize|p2|6\n|start\n|switch|p1a: Sneasler|Sneasler, F|100/100\n|switch|p1b: Grimmsnarl|Grimmsnarl, M|100/100\n|switch|p2a: Scizor|Scizor, M|100/100\n|switch|p2b: Palafin|Palafin, M|100/100\n|turn|1\n|\n|t:|1771239462\n|move|p1b: Grimmsnarl|Swagger|p2b: Palafin\n|-boost|p2b: Palafin|atk|2\n|-start|p2b: Palafin|confusion\n|-enditem|p1a: Sneasler|Mirror Herb\n|-boost|p1a: Sneasler|atk|2|[from] item: Mirror Herb\n|-enditem|p1b: Grimmsnarl|Mirror Herb\n|-boost|p1b: Grimmsnarl|atk|2|[from] item: Mirror Herb\n|move|p2a: Scizor|Bullet Punch|p1b: Grimmsnarl\n|-supereffective|p1b: Grimmsnarl\n|-damage|p1b: Grimmsnarl|0 fnt\n|faint|p1b: Grimmsnarl\n|move|p1a: Sneasler|Close Combat|p2a: Scizor\n|-damage|p2a: Scizor|0 fnt\n|-unboost|p1a: Sneasler|def|1\n|-unboost|p1a: Sneasler|spd|1\n|faint|p2a: Scizor\n|-activate|p2b: Palafin|confusion\n|move|p2b: Palafin|Zen Headbutt|p1a: Sneasler\n|-supereffective|p1a: Sneasler\n|-damage|p1a: Sneasler|0 fnt\n|faint|p1a: Sneasler\n|\n|upkeep\n|c|☆enexis|oh damn\n|\n|t:|1771239489\n|switch|p1a: Pelipper|Pelipper, M|100/100\n|switch|p1b: Milotic|Milotic, F|100/100\n|switch|p2a: Glimmora|Glimmora, F|100/100\n|-weather|RainDance|[from] ability: Drizzle|[of] p1a: Pelipper\n|turn|2\n|\n|t:|1771239500\n|detailschange|p2b: Palafin|Palafin-Hero, M\n|switch|p2b: Arcanine|Arcanine, F|100/100\n|-ability|p2b: Arcanine|Intimidate|boost\n|-unboost|p1a: Pelipper|atk|1\n|-unboost|p1b: Milotic|atk|1\n|-ability|p1b: Milotic|Competitive|boost\n|-boost|p1b: Milotic|spa|2\n|move|p1b: Milotic|Muddy Water|p2a: Glimmora|[spread] p2a,p2b\n|-supereffective|p2a: Glimmora\n|-supereffective|p2b: Arcanine\n|-enditem|p2a: Glimmora|Focus Sash\n|-damage|p2a: Glimmora|1/100\n|-damage|p2b: Arcanine|0 fnt\n|faint|p2b: Arcanine\n|move|p1a: Pelipper|Tailwind|p1a: Pelipper\n|-sidestart|p1: enexis|move: Tailwind\n|move|p2a: Glimmora|Power Gem|p1a: Pelipper\n|-supereffective|p1a: Pelipper\n|-damage|p1a: Pelipper|0 fnt\n|faint|p1a: Pelipper\n|\n|-weather|RainDance|[upkeep]\n|upkeep\n|\n|t:|1771239513\n|switch|p2b: Palafin|Palafin-Hero, M|100/100\n|switch|p1a: Kilowattrel|Kilowattrel, M|100/100\n|-activate|p2b: Palafin|ability: Zero to Hero\n|turn|3\n|\n|t:|1771239528\n|switch|p1a: Bruxish|Bruxish, M|100/100\n|switch|p2a: Chien-Pao|Chien-Pao|100/100\n|-ability|p2a: Chien-Pao|Sword of Ruin\n|-terastallize|p2b: Palafin|Water\n|move|p2b: Palafin|Jet Punch||[still]\n|cant|p1a: Bruxish|ability: Dazzling|Jet Punch|[of] p2b: Palafin\n|move|p1b: Milotic|Muddy Water|p2a: Chien-Pao|[spread] \n|-miss|p1b: Milotic|p2a: Chien-Pao\n|-miss|p1b: Milotic|p2b: Palafin\n|\n|-weather|RainDance|[upkeep]\n|upkeep\n|turn|4\n|\n|t:|1771239544\n|switch|p2b: Glimmora|Glimmora, F|1/100\n|move|p2a: Chien-Pao|Protect|p2a: Chien-Pao\n|-singleturn|p2a: Chien-Pao|Protect\n|move|p1a: Bruxish|Crunch|p2a: Chien-Pao\n|-activate|p2a: Chien-Pao|move: Protect\n|move|p1b: Milotic|Muddy Water|p2a: Chien-Pao|[spread] p2b\n|-activate|p2a: Chien-Pao|move: Protect\n|-supereffective|p2b: Glimmora\n|-damage|p2b: Glimmora|0 fnt\n|faint|p2b: Glimmora\n|\n|-weather|RainDance|[upkeep]\n|upkeep\n|\n|t:|1771239558\n|switch|p2b: Dragonite|Dragonite, F|100/100\n|turn|5\n|\n|t:|1771239570\n|-terastallize|p1b: Milotic|Water\n|move|p1a: Bruxish|Crunch|p2a: Chien-Pao\n|-resisted|p2a: Chien-Pao\n|-damage|p2a: Chien-Pao|85/100\n|move|p1b: Milotic|Muddy Water|p2b: Dragonite|[spread] p2a,p2b\n|-resisted|p2b: Dragonite\n|-damage|p2a: Chien-Pao|0 fnt\n|-damage|p2b: Dragonite|49/100\n|faint|p2a: Chien-Pao\n|move|p2b: Dragonite|Stomping Tantrum|p1b: Milotic\n|-damage|p1b: Milotic|48/100\n|\n|-weather|RainDance|[upkeep]\n|-sideend|p1: enexis|move: Tailwind\n|upkeep\n|\n|t:|1771239577\n|switch|p2a: Palafin|Palafin-Hero, M, tera:Water|100/100\n|turn|6\n|\n|t:|1771239593\n|move|p1b: Milotic|Protect|p1b: Milotic\n|-singleturn|p1b: Milotic|Protect\n|move|p2a: Palafin|Flip Turn|p1b: Milotic\n|-activate|p1b: Milotic|move: Protect\n|move|p1a: Bruxish|Psychic Fangs|p2b: Dragonite\n|-damage|p2b: Dragonite|13/100\n|move|p2b: Dragonite|Stomping Tantrum|p1a: Bruxish\n|-damage|p1a: Bruxish|32/100\n|\n|-weather|RainDance|[upkeep]\n|upkeep\n|turn|7\n|\n|t:|1771239605\n|move|p2a: Palafin|Flip Turn|p1a: Bruxish\n|-resisted|p1a: Bruxish\n|-damage|p1a: Bruxish|0 fnt\n|faint|p1a: Bruxish\n|move|p1b: Milotic|Muddy Water|p2a: Palafin|[spread] p2a\n|-miss|p1b: Milotic|p2b: Dragonite\n|-resisted|p2a: Palafin\n|-damage|p2a: Palafin|35/100\n|move|p2b: Dragonite|Stomping Tantrum|p1b: Milotic\n|-damage|p1b: Milotic|0 fnt\n|faint|p1b: Milotic\n|\n|-weather|RainDance|[upkeep]\n|upkeep\n|\n|t:|1771239609\n|switch|p1b: Kilowattrel|Kilowattrel, M|100/100\n|turn|8\n|\n|t:|1771239615\n|move|p1b: Kilowattrel|Electroweb|p2a: Palafin|[spread] p2a,p2b\n|-supereffective|p2a: Palafin\n|-damage|p2a: Palafin|0 fnt\n|-damage|p2b: Dragonite|0 fnt\n|faint|p2a: Palafin\n|faint|p2b: Dragonite\n|\n|win|enexis\n|raw|enexis's rating: 1701 &rarr; <strong>1715</strong><br />(+14 for winning)\n|raw|xyyyyyz's rating: 1594 &rarr; <strong>1580</strong><br />(-14 for losing)\n|l|☆xyyyyyz\n|player|p2|\n|l|☆enexis\n|player|p1|\n", "uploadtime": 1771239899, "views": 10, "formatid": "gen9doublesou", "rating": 1580, "private": 0, "password": null}