{"id": "gen9doublesou-2540586936", "format": "[Gen 9] Doubles OU", "players": ["prithalt67", "HeWhoSits"], "log": "|j|‽prithalt67\n|j|☆HeWhoSits\n|t:|1771222462\n|gametype|doubles\n|player|p1|prithalt67|n|1557\n|player|p2|HeWhoSits|fisherman|1566\n|gen|9\n|tier|[Gen 9] Doubles OU\n|rated|\n|rule|HP Percentage Mod: HP is shown in percentages\n|rule|Endless Battle Clause: Forcing endless battles is banned\n|rule|Species Clause: Limit one of each Pokémon\n|rule|OHKO Clause: OHKO moves are banned\n|rule|Evasion Moves Clause: Evasion moves are banned\n|rule|Gravity Sleep Clause: The combination of sleep-inducing moves with imperfect accuracy and Gravity or Gigantamax Orbeetle are banned\n|rule|Evasion Abilities Clause: Evasion abilities are banned\n|clearpoke\n|poke|p1|Gholdengo|\n|poke|p1|Okidogi, M|\n|poke|p1|Rillaboom, F|\n|poke|p1|Dragonite, F|\n|poke|p1|Farigiraf, F|\n|poke|p1|Chien-Pao|\n|poke|p2|Whimsicott, F|\n|poke|p2|Terrakion|\n|poke|p2|Farigiraf, F|\n|poke|p2|Torkoal, M|\n|poke|p2|Smeargle, M|\n|poke|p2|Sinistcha|\n|teampreview\n|inactive|Battle timer is ON: inactive players will automatically lose when time's up. (requested by HeWhoSits)\n|inactive|prithalt67 also wants the timer to be on.\n|\n|t:|1771222473\n|teamsize|p1|6\n|teamsize|p2|6\n|start\n|switch|p1a: Okidogi|Okidogi, M|100/100\n|switch|p1b: Rillaboom|Rillaboom, F|100/100\n|switch|p2a: Sativa|Whimsicott, F|100/100\n|switch|p2b: Stoner|Terrakion|100/100\n|-fieldstart|move: Grassy Terrain|[from] ability: Grassy Surge|[of] p1b: Rillaboom\n|turn|1\n|\n|t:|1771222487\n|-terastallize|p2b: Stoner|Grass\n|move|p1b: Rillaboom|Fake Out|p2b: Stoner\n|-damage|p2b: Stoner|84/100\n|move|p2a: Sativa|Beat Up|p2b: Stoner\n|-damage|p2b: Stoner|82/100\n|-ability|p2b: Stoner|Justified|boost\n|-boost|p2b: Stoner|atk|1\n|-crit|p2b: Stoner\n|-damage|p2b: Stoner|77/100\n|-ability|p2b: Stoner|Justified|boost\n|-boost|p2b: Stoner|atk|1\n|-damage|p2b: Stoner|74/100\n|-ability|p2b: Stoner|Justified|boost\n|-boost|p2b: Stoner|atk|1\n|-damage|p2b: Stoner|71/100\n|-ability|p2b: Stoner|Justified|boost\n|-boost|p2b: Stoner|atk|1\n|-damage|p2b: Stoner|70/100\n|-ability|p2b: Stoner|Justified|boost\n|-boost|p2b: Stoner|atk|1\n|-damage|p2b: Stoner|67/100\n|-ability|p2b: Stoner|Justified|boost\n|-boost|p2b: Stoner|atk|1\n|-hitcount|p2b: Stoner|6\n|cant|p2b: Stoner|flinch\n|move|p1a: Okidogi|Poison Jab|p2a: Sativa\n|-supereffective|p2a: Sativa\n|-enditem|p2a: Sativa|Focus Sash\n|-damage|p2a: Sativa|1/100\n|-status|p2a: Sativa|psn\n|\n|-heal|p2a: Sativa|7/100 psn|[from] Grassy Terrain\n|-heal|p2b: Stoner|74/100|[from] Grassy Terrain\n|-damage|p2a: Sativa|0 fnt|[from] psn\n|faint|p2a: Sativa\n|upkeep\n|\n|t:|1771222497\n|switch|p2a: Chasen|Sinistcha|100/100\n|-heal|p2b: Stoner|99/100|[from] ability: Hospitality|[of] p2a: Chasen\n|turn|2\n|\n|t:|1771222511\n|move|p2a: Chasen|Rage Powder|p2a: Chasen\n|-singleturn|p2a: Chasen|move: Rage Powder\n|move|p1b: Rillaboom|Grassy Glide|p2b: Stoner\n|-resisted|p2b: Stoner\n|-damage|p2b: Stoner|79/100\n|move|p2b: Stoner|Rock Slide|p1b: Rillaboom|[spread] p1a,p1b\n|-resisted|p1a: Okidogi\n|-damage|p1a: Okidogi|27/100\n|-damage|p1b: Rillaboom|0 fnt\n|faint|p1b: Rillaboom\n|move|p1a: Okidogi|Poison Jab|p2a: Chasen\n|-damage|p2a: Chasen|56/100\n|\n|-heal|p2b: Stoner|85/100|[from] Grassy Terrain\n|-heal|p1a: Okidogi|33/100|[from] Grassy Terrain\n|-heal|p2a: Chasen|62/100|[from] Grassy Terrain\n|upkeep\n|\n|t:|1771222528\n|switch|p1b: Chien-Pao|Chien-Pao|100/100\n|-ability|p1b: Chien-Pao|Sword of Ruin\n|turn|3\n|\n|t:|1771222534\n|move|p2a: Chasen|Rage Powder|p2a: Chasen\n|-singleturn|p2a: Chasen|move: Rage Powder\n|move|p1b: Chien-Pao|Icicle Crash|p2a: Chasen\n|-supereffective|p2a: Chasen\n|-damage|p2a: Chasen|0 fnt\n|faint|p2a: Chasen\n|move|p2b: Stoner|Rock Slide|p1a: Okidogi|[spread] p1a,p1b\n|-resisted|p1a: Okidogi\n|-supereffective|p1b: Chien-Pao\n|-damage|p1a: Okidogi|0 fnt\n|-enditem|p1b: Chien-Pao|Focus Sash\n|-damage|p1b: Chien-Pao|1/100\n|faint|p1a: Okidogi\n|\n|-heal|p1b: Chien-Pao|7/100|[from] Grassy Terrain\n|-heal|p2b: Stoner|92/100|[from] Grassy Terrain\n|upkeep\n|\n|t:|1771222551\n|switch|p1a: Gholdengo|Gholdengo|100/100\n|switch|p2a: Indica|Farigiraf, F|100/100\n|turn|4\n|\n|t:|1771222562\n|switch|p1a: Dragonite|Dragonite, F|100/100\n|move|p1b: Chien-Pao|Icicle Crash|p2b: Stoner\n|-supereffective|p2b: Stoner\n|-damage|p2b: Stoner|0 fnt\n|faint|p2b: Stoner\n|move|p2a: Indica|Trick Room|p2a: Indica\n|-fieldstart|move: Trick Room|[of] p2a: Indica\n|\n|-heal|p1b: Chien-Pao|13/100|[from] Grassy Terrain\n|upkeep\n|\n|t:|1771222572\n|switch|p2b: Bong|Torkoal, M|100/100\n|-weather|SunnyDay|[from] ability: Drought|[of] p2b: Bong\n|turn|5\n|\n|t:|1771222578\n|move|p2a: Indica|Helping Hand|p2b: Bong\n|-singleturn|p2b: Bong|Helping Hand|[of] p2a: Indica\n|move|p1b: Chien-Pao|Protect|p1b: Chien-Pao\n|-singleturn|p1b: Chien-Pao|Protect\n|move|p2b: Bong|Eruption|p1a: Dragonite|[spread] p1a\n|-activate|p1b: Chien-Pao|move: Protect\n|-resisted|p1a: Dragonite\n|-damage|p1a: Dragonite|70/100\n|move|p1a: Dragonite|Scale Shot|p2b: Bong|[miss]\n|-miss|p1a: Dragonite|p2b: Bong\n|\n|-weather|SunnyDay|[upkeep]\n|-heal|p1b: Chien-Pao|19/100|[from] Grassy Terrain\n|-fieldend|move: Grassy Terrain\n|upkeep\n|turn|6\n|\n|t:|1771222593\n|switch|p1b: Farigiraf|Farigiraf, F|100/100\n|move|p2a: Indica|Helping Hand|p2b: Bong\n|-singleturn|p2b: Bong|Helping Hand|[of] p2a: Indica\n|move|p2b: Bong|Eruption|p1b: Farigiraf|[spread] p1a,p1b\n|-resisted|p1a: Dragonite\n|-damage|p1a: Dragonite|13/100\n|-damage|p1b: Farigiraf|0 fnt\n|faint|p1b: Farigiraf\n|move|p1a: Dragonite|Scale Shot|p2b: Bong\n|-damage|p2b: Bong|87/100\n|-damage|p2b: Bong|75/100\n|-crit|p2b: Bong\n|-damage|p2b: Bong|56/100\n|-damage|p2b: Bong|42/100\n|-damage|p2b: Bong|29/100\n|-hitcount|p2b: Bong|5\n|-unboost|p1a: Dragonite|def|1\n|-boost|p1a: Dragonite|spe|1\n|\n|-weather|SunnyDay|[upkeep]\n|upkeep\n|\n|t:|1771222611\n|switch|p1b: Gholdengo|Gholdengo|100/100\n|turn|7\n|\n|t:|1771222621\n|-terastallize|p1b: Gholdengo|Water\n|move|p2a: Indica|Helping Hand|p2b: Bong\n|-singleturn|p2b: Bong|Helping Hand|[of] p2a: Indica\n|move|p2b: Bong|Heat Wave|p1b: Gholdengo|[spread] p1a,p1b\n|-resisted|p1a: Dragonite\n|-resisted|p1b: Gholdengo\n|-damage|p1a: Dragonite|0 fnt\n|-damage|p1b: Gholdengo|62/100\n|faint|p1a: Dragonite\n|move|p1b: Gholdengo|Tera Blast|p2b: Bong|[anim] Tera Blast Water\n|-supereffective|p2b: Bong\n|-damage|p2b: Bong|0 fnt\n|faint|p2b: Bong\n|-damage|p1b: Gholdengo|52/100|[from] item: Life Orb\n|\n|-weather|SunnyDay|[upkeep]\n|upkeep\n|\n|t:|1771222632\n|switch|p2b: Sage|Smeargle, M|100/100\n|switch|p1a: Chien-Pao|Chien-Pao|19/100\n|-ability|p1a: Chien-Pao|Sword of Ruin\n|turn|8\n|\n|t:|1771222642\n|move|p1a: Chien-Pao|Protect|p1a: Chien-Pao\n|-singleturn|p1a: Chien-Pao|Protect\n|move|p2a: Indica|Expanding Force|p1b: Gholdengo\n|-damage|p1b: Gholdengo|20/100\n|move|p1b: Gholdengo|Make It Rain|p2b: Sage|[spread] p2a,p2b\n|-damage|p2a: Indica|59/100\n|-enditem|p2b: Sage|Focus Sash\n|-damage|p2b: Sage|1/100\n|-unboost|p1b: Gholdengo|spa|1\n|-damage|p1b: Gholdengo|10/100|[from] item: Life Orb\n|move|p2b: Sage|Spore|p1a: Chien-Pao\n|-activate|p1a: Chien-Pao|move: Protect\n|\n|-weather|SunnyDay|[upkeep]\n|-fieldend|move: Trick Room\n|-ability|p2b: Sage|Moody|boost\n|-boost|p2b: Sage|def|2\n|-unboost|p2b: Sage|spe|1\n|upkeep\n|turn|9\n|\n|t:|1771222657\n|move|p1a: Chien-Pao|Sacred Sword|p2a: Indica\n|-damage|p2a: Indica|17/100\n|move|p1b: Gholdengo|Make It Rain|p2a: Indica|[spread] p2a,p2b\n|-damage|p2a: Indica|0 fnt\n|-damage|p2b: Sage|0 fnt\n|-unboost|p1b: Gholdengo|spa|1\n|faint|p2a: Indica\n|faint|p2b: Sage\n|-damage|p1b: Gholdengo|0 fnt|[from] item: Life Orb\n|faint|p1b: Gholdengo\n|\n|win|prithalt67\n|raw|prithalt67's rating: 1557 &rarr; <strong>1578</strong><br />(+21 for winning)\n|raw|HeWhoSits's rating: 1566 &rarr; <strong>1545</strong><br />(-21 for losing)\n|l|‽prithalt67\n|player|p1|\n|l|☆HeWhoSits\n|player|p2|\n", "uploadtime": 1771222962, "views": 13, "formatid": "gen9doublesou", "rating": 1545, "private": 0, "password": null}