{"id": "gen9doublesou-2540429235", "format": "[Gen 9] Doubles OU", "players": ["GrandBluff", "Pixarpt24"], "log": "|j|☆GrandBluff\n|j|☆Pixarpt24\n|t:|1771200940\n|gametype|doubles\n|player|p1|GrandBluff|plasmagrunt|1573\n|player|p2|Pixarpt24|juggler|1567\n|gen|9\n|tier|[Gen 9] Doubles OU\n|rated|\n|rule|HP Percentage Mod: HP is shown in percentages\n|rule|Endless Battle Clause: Forcing endless battles is banned\n|rule|Species Clause: Limit one of each Pokémon\n|rule|OHKO Clause: OHKO moves are banned\n|rule|Evasion Moves Clause: Evasion moves are banned\n|rule|Gravity Sleep Clause: The combination of sleep-inducing moves with imperfect accuracy and Gravity or Gigantamax Orbeetle are banned\n|rule|Evasion Abilities Clause: Evasion abilities are banned\n|clearpoke\n|poke|p1|Moltres-Galar|\n|poke|p1|Cresselia, F|\n|poke|p1|Grimmsnarl, M|\n|poke|p1|Landorus-Therian, M|\n|poke|p1|Rotom-Fan|\n|poke|p1|Volcanion|\n|poke|p2|Ursaluna, M|\n|poke|p2|Hatterene, F|\n|poke|p2|Incineroar, M|\n|poke|p2|Breloom, M|\n|poke|p2|Kingambit, F|\n|poke|p2|Porygon2|\n|teampreview\n|inactive|Battle timer is ON: inactive players will automatically lose when time's up. (requested by GrandBluff)\n|\n|t:|1771200961\n|teamsize|p1|6\n|teamsize|p2|6\n|start\n|switch|p1a: Grimmsnarl|Grimmsnarl, M|100/100\n|switch|p1b: Cresselia|Cresselia, F|100/100\n|switch|p2a: Incineroar|Incineroar, M|100/100\n|switch|p2b: Porygon2|Porygon2|100/100\n|-ability|p2a: Incineroar|Intimidate|boost\n|-unboost|p1a: Grimmsnarl|atk|1\n|-unboost|p1b: Cresselia|atk|1\n|-ability|p2b: Porygon2|Levitate|Trace|[from] ability: Trace|[of] p1b: Cresselia\n|turn|1\n|\n|t:|1771200969\n|move|p1a: Grimmsnarl|Fake Out|p2b: Porygon2\n|-damage|p2b: Porygon2|96/100\n|move|p2a: Incineroar|Knock Off|p1b: Cresselia\n|-supereffective|p1b: Cresselia\n|-damage|p1b: Cresselia|25/100\n|-enditem|p1b: Cresselia|Leftovers|[from] move: Knock Off|[of] p2a: Incineroar\n|cant|p2b: Porygon2|flinch\n|move|p1b: Cresselia|Trick Room|p1b: Cresselia\n|-fieldstart|move: Trick Room|[of] p1b: Cresselia\n|\n|upkeep\n|turn|2\n|\n|t:|1771200982\n|move|p1a: Grimmsnarl|Light Screen|p1a: Grimmsnarl\n|-sidestart|p1: GrandBluff|move: Light Screen\n|move|p2b: Porygon2|Shadow Ball|p1b: Cresselia\n|-supereffective|p1b: Cresselia\n|-damage|p1b: Cresselia|6/100\n|-unboost|p1b: Cresselia|spd|1\n|move|p2a: Incineroar|Flare Blitz|p1b: Cresselia\n|-damage|p1b: Cresselia|0 fnt\n|faint|p1b: Cresselia\n|-damage|p2a: Incineroar|98/100|[from] Recoil\n|\n|upkeep\n|\n|t:|1771200989\n|switch|p1b: Volcanion|Volcanion|100/100\n|turn|3\n|\n|t:|1771201000\n|move|p1a: Grimmsnarl|Reflect|p1a: Grimmsnarl\n|-sidestart|p1: GrandBluff|Reflect\n|move|p2a: Incineroar|Knock Off|p1b: Volcanion\n|-damage|p1b: Volcanion|72/100\n|-enditem|p1b: Volcanion|Leftovers|[from] move: Knock Off|[of] p2a: Incineroar\n|move|p2b: Porygon2|Tera Blast|p1b: Volcanion\n|-damage|p1b: Volcanion|45/100\n|move|p1b: Volcanion|Steam Eruption|p2b: Porygon2\n|-damage|p2b: Porygon2|54/100\n|\n|upkeep\n|turn|4\n|\n|t:|1771201016\n|move|p1a: Grimmsnarl|Parting Shot|p2b: Porygon2\n|-unboost|p2b: Porygon2|atk|1\n|-unboost|p2b: Porygon2|spa|1\n|\n|t:|1771201021\n|switch|p1a: Landorus|Landorus-Therian, M|100/100|[from] Parting Shot\n|-ability|p1a: Landorus|Intimidate|boost\n|-unboost|p2a: Incineroar|atk|1\n|-unboost|p2b: Porygon2|atk|1\n|move|p2b: Porygon2|Tera Blast|p1b: Volcanion\n|-damage|p1b: Volcanion|26/100\n|move|p2a: Incineroar|Parting Shot|p1b: Volcanion\n|-unboost|p1b: Volcanion|atk|1\n|-unboost|p1b: Volcanion|spa|1\n|\n|t:|1771201027\n|switch|p2a: Hatterene|Hatterene, F|100/100|[from] Parting Shot\n|move|p1b: Volcanion|Heat Wave|p2a: Hatterene|[spread] p2a,p2b\n|-damage|p2a: Hatterene|82/100\n|-damage|p2b: Porygon2|38/100\n|\n|upkeep\n|turn|5\n|\n|t:|1771201036\n|switch|p1b: Rotom|Rotom-Fan|100/100\n|move|p1a: Landorus|Protect|p1a: Landorus\n|-singleturn|p1a: Landorus|Protect\n|move|p2a: Hatterene|Psychic|p1b: Rotom\n|-damage|p1b: Rotom|78/100\n|move|p2b: Porygon2|Ice Beam|p1a: Landorus\n|-activate|p1a: Landorus|move: Protect\n|\n|-fieldend|move: Trick Room\n|upkeep\n|turn|6\n|\n|t:|1771201056\n|move|p1b: Rotom|Helping Hand|p1a: Landorus\n|-singleturn|p1a: Landorus|Helping Hand|[of] p1b: Rotom\n|move|p1a: Landorus|Rock Slide|p2b: Porygon2|[spread] p2a,p2b\n|-damage|p2a: Hatterene|47/100\n|-damage|p2b: Porygon2|18/100\n|-enditem|p2a: Hatterene|Sitrus Berry|[eat]\n|-heal|p2a: Hatterene|72/100|[from] item: Sitrus Berry\n|move|p2b: Porygon2|Ice Beam|p1a: Landorus\n|-supereffective|p1a: Landorus\n|-damage|p1a: Landorus|33/100\n|-enditem|p1a: Landorus|Sitrus Berry|[eat]\n|-heal|p1a: Landorus|58/100|[from] item: Sitrus Berry\n|cant|p2a: Hatterene|flinch\n|\n|upkeep\n|turn|7\n|\n|t:|1771201079\n|switch|p2b: Incineroar|Incineroar, M|98/100\n|-ability|p2b: Incineroar|Intimidate|boost\n|-unboost|p1a: Landorus|atk|1\n|-unboost|p1b: Rotom|atk|1\n|move|p1a: Landorus|Rock Slide|p2a: Hatterene|[spread] p2b\n|-miss|p1a: Landorus|p2a: Hatterene\n|-supereffective|p2b: Incineroar\n|-damage|p2b: Incineroar|73/100\n|move|p1b: Rotom|Electroweb|p2b: Incineroar|[spread] p2a,p2b\n|-damage|p2a: Hatterene|61/100\n|-damage|p2b: Incineroar|59/100\n|-unboost|p2a: Hatterene|spe|1\n|-unboost|p2b: Incineroar|spe|1\n|move|p2a: Hatterene|Trick Room|p2a: Hatterene\n|-fieldstart|move: Trick Room|[of] p2a: Hatterene\n|\n|upkeep\n|turn|8\n|\n|t:|1771201102\n|move|p1a: Landorus|Protect|p1a: Landorus\n|-singleturn|p1a: Landorus|Protect\n|move|p2a: Hatterene|Dazzling Gleam|p1a: Landorus|[spread] p1b\n|-activate|p1a: Landorus|move: Protect\n|-damage|p1b: Rotom|65/100\n|move|p2b: Incineroar|Parting Shot|p1a: Landorus\n|-activate|p1a: Landorus|move: Protect\n|move|p1b: Rotom|Thunder Wave|p2b: Incineroar\n|-status|p2b: Incineroar|par\n|\n|upkeep\n|turn|9\n|\n|t:|1771201125\n|switch|p1a: Volcanion|Volcanion|26/100\n|move|p2a: Hatterene|Dazzling Gleam|p1b: Rotom|[spread] p1a,p1b\n|-resisted|p1a: Volcanion\n|-damage|p1a: Volcanion|17/100\n|-damage|p1b: Rotom|50/100\n|-enditem|p1b: Rotom|Sitrus Berry|[eat]\n|-heal|p1b: Rotom|74/100|[from] item: Sitrus Berry\n|move|p2b: Incineroar|Parting Shot|p1a: Volcanion\n|-unboost|p1a: Volcanion|atk|1\n|-unboost|p1a: Volcanion|spa|1\n|\n|t:|1771201131\n|switch|p2b: Porygon2|Porygon2|18/100|[from] Parting Shot\n|-ability|p2b: Porygon2|Levitate|Trace|[from] ability: Trace|[of] p1b: Rotom\n|move|p1b: Rotom|Electroweb|p2a: Hatterene|[spread] p2a,p2b\n|-damage|p2a: Hatterene|49/100\n|-damage|p2b: Porygon2|9/100\n|-unboost|p2a: Hatterene|spe|1\n|-unboost|p2b: Porygon2|spe|1\n|\n|-sideend|p1: GrandBluff|move: Light Screen\n|upkeep\n|turn|10\n|\n|t:|1771201150\n|switch|p1a: Grimmsnarl|Grimmsnarl, M|100/100\n|move|p2a: Hatterene|Psychic|p1b: Rotom\n|-damage|p1b: Rotom|45/100\n|move|p2b: Porygon2|Tera Blast|p1a: Grimmsnarl\n|-damage|p1a: Grimmsnarl|72/100\n|move|p1b: Rotom|Electroweb|p2a: Hatterene|[spread] p2a\n|-miss|p1b: Rotom|p2b: Porygon2\n|-damage|p2a: Hatterene|38/100\n|-unboost|p2a: Hatterene|spe|1\n|\n|-sideend|p1: GrandBluff|Reflect\n|upkeep\n|turn|11\n|\n|t:|1771201170\n|switch|p2b: Incineroar|Incineroar, M|59/100 par\n|-ability|p2b: Incineroar|Intimidate|boost\n|-unboost|p1a: Grimmsnarl|atk|1\n|-unboost|p1b: Rotom|atk|1\n|move|p1a: Grimmsnarl|Fake Out|p2a: Hatterene\n|-damage|p2a: Hatterene|30/100\n|cant|p2a: Hatterene|flinch\n|move|p1b: Rotom|Electroweb|p2a: Hatterene|[spread] p2a,p2b\n|-damage|p2a: Hatterene|18/100\n|-damage|p2b: Incineroar|46/100 par\n|-unboost|p2a: Hatterene|spe|1\n|-unboost|p2b: Incineroar|spe|1\n|\n|-fieldend|move: Trick Room\n|upkeep\n|turn|12\n|\n|t:|1771201181\n|move|p1a: Grimmsnarl|Light Screen|p1a: Grimmsnarl\n|-sidestart|p1: GrandBluff|move: Light Screen\n|move|p1b: Rotom|Electroweb|p2a: Hatterene|[spread] p2a,p2b\n|-crit|p2a: Hatterene\n|-damage|p2a: Hatterene|2/100\n|-damage|p2b: Incineroar|30/100 par\n|-unboost|p2a: Hatterene|spe|1\n|-unboost|p2b: Incineroar|spe|1\n|move|p2b: Incineroar|Knock Off|p1b: Rotom\n|-damage|p1b: Rotom|10/100\n|move|p2a: Hatterene|Trick Room|p2a: Hatterene\n|-fieldstart|move: Trick Room|[of] p2a: Hatterene\n|\n|upkeep\n|turn|13\n|\n|t:|1771201195\n|move|p1a: Grimmsnarl|Reflect|p1a: Grimmsnarl\n|-sidestart|p1: GrandBluff|Reflect\n|move|p2a: Hatterene|Dazzling Gleam|p1b: Rotom|[spread] p1a,p1b\n|-supereffective|p1a: Grimmsnarl\n|-damage|p1a: Grimmsnarl|46/100\n|-damage|p1b: Rotom|0 fnt\n|faint|p1b: Rotom\n|move|p2b: Incineroar|Flare Blitz|p1a: Grimmsnarl\n|-damage|p1a: Grimmsnarl|0 fnt\n|faint|p1a: Grimmsnarl\n|-damage|p2b: Incineroar|15/100 par|[from] Recoil\n|\n|upkeep\n|\n|t:|1771201208\n|switch|p1a: Moltres|Moltres-Galar, shiny|100/100\n|switch|p1b: Landorus|Landorus-Therian, M|58/100\n|-ability|p1b: Landorus|Intimidate|boost\n|-unboost|p2a: Hatterene|atk|1\n|-unboost|p2b: Incineroar|atk|1\n|turn|14\n|\n|t:|1771201217\n|move|p1a: Moltres|Protect|p1a: Moltres\n|-singleturn|p1a: Moltres|Protect\n|move|p2a: Hatterene|Dazzling Gleam|p1b: Landorus|[spread] p1b\n|-activate|p1a: Moltres|move: Protect\n|-damage|p1b: Landorus|36/100\n|move|p2b: Incineroar|Parting Shot|p1a: Moltres\n|-activate|p1a: Moltres|move: Protect\n|move|p1b: Landorus|Earthquake|p2a: Hatterene|[spread] p2a,p2b\n|-activate|p1a: Moltres|move: Protect\n|-supereffective|p2b: Incineroar\n|-damage|p2a: Hatterene|0 fnt\n|-damage|p2b: Incineroar|0 fnt\n|faint|p2a: Hatterene\n|faint|p2b: Incineroar\n|\n|upkeep\n|\n|t:|1771201232\n|switch|p2a: Breloom|Breloom, M|100/100\n|switch|p2b: Kingambit|Kingambit, F|100/100\n|turn|15\n|\n|t:|1771201238\n|move|p1b: Landorus|Protect|p1b: Landorus\n|-singleturn|p1b: Landorus|Protect\n|move|p2a: Breloom|Mach Punch|p1a: Moltres\n|-damage|p1a: Moltres|73/100\n|move|p2b: Kingambit|Iron Head|p1b: Landorus\n|-activate|p1b: Landorus|move: Protect\n|move|p1a: Moltres|Nasty Plot|p1a: Moltres\n|-boost|p1a: Moltres|spa|2\n|\n|upkeep\n|turn|16\n|\n|t:|1771201254\n|move|p2b: Kingambit|Iron Head|p1b: Landorus\n|-damage|p1b: Landorus|0 fnt\n|faint|p1b: Landorus\n|-damage|p2b: Kingambit|91/100|[from] item: Life Orb\n|move|p2a: Breloom|Spore|p1a: Moltres\n|-status|p1a: Moltres|slp|[from] move: Spore\n|cant|p1a: Moltres|slp\n|\n|-fieldend|move: Trick Room\n|upkeep\n|\n|t:|1771201261\n|switch|p1b: Volcanion|Volcanion|17/100\n|turn|17\n|\n|t:|1771201268\n|move|p2a: Breloom|Mach Punch|p1a: Moltres\n|-damage|p1a: Moltres|45/100 slp\n|-ability|p1a: Moltres|Berserk|boost\n|-boost|p1a: Moltres|spa|1\n|-enditem|p1a: Moltres|Sitrus Berry|[eat]\n|-heal|p1a: Moltres|70/100 slp|[from] item: Sitrus Berry\n|move|p2b: Kingambit|Sucker Punch|p1b: Volcanion\n|-damage|p1b: Volcanion|0 fnt\n|faint|p1b: Volcanion\n|-damage|p2b: Kingambit|81/100|[from] item: Life Orb\n|cant|p1a: Moltres|slp\n|\n|upkeep\n|turn|18\n|\n|t:|1771201280\n|move|p2a: Breloom|Mach Punch|p1a: Moltres\n|-damage|p1a: Moltres|42/100 slp\n|-ability|p1a: Moltres|Berserk|boost\n|-boost|p1a: Moltres|spa|1\n|cant|p1a: Moltres|slp\n|move|p2b: Kingambit|Iron Head|p1a: Moltres\n|-damage|p1a: Moltres|0 fnt\n|faint|p1a: Moltres\n|-damage|p2b: Kingambit|71/100|[from] item: Life Orb\n|\n|win|Pixarpt24\n|raw|GrandBluff's rating: 1573 &rarr; <strong>1553</strong><br />(-20 for losing)\n|raw|Pixarpt24's rating: 1567 &rarr; <strong>1587</strong><br />(+20 for winning)\n|l|☆GrandBluff\n|player|p1|\n|l|☆Pixarpt24\n|player|p2|\n", "uploadtime": 1771201631, "views": 12, "formatid": "gen9doublesou", "rating": 1553, "private": 0, "password": null}