{"id": "gen9doublesou-2540025505", "format": "[Gen 9] Doubles OU", "players": ["nedlellol", "1437dd-fairy"], "log": "|j|☆nedlellol\n|j|☆1437dd-fairy\n|t:|1771147348\n|gametype|doubles\n|player|p1|nedlellol|fisherman-gen4|1638\n|player|p2|1437dd-fairy|cynthia|1666\n|gen|9\n|tier|[Gen 9] Doubles OU\n|rated|\n|rule|HP Percentage Mod: HP is shown in percentages\n|rule|Endless Battle Clause: Forcing endless battles is banned\n|rule|Species Clause: Limit one of each Pokémon\n|rule|OHKO Clause: OHKO moves are banned\n|rule|Evasion Moves Clause: Evasion moves are banned\n|rule|Gravity Sleep Clause: The combination of sleep-inducing moves with imperfect accuracy and Gravity or Gigantamax Orbeetle are banned\n|rule|Evasion Abilities Clause: Evasion abilities are banned\n|clearpoke\n|poke|p1|Ninetales-Alola, M|\n|poke|p1|Incineroar, F|\n|poke|p1|Landorus, M|\n|poke|p1|Kingambit, F|\n|poke|p1|Kyurem|\n|poke|p1|Rillaboom, M|\n|poke|p2|Ursaluna, F|\n|poke|p2|Cresselia, F|\n|poke|p2|Incineroar, F|\n|poke|p2|Sinistcha-Masterpiece|\n|poke|p2|Iron Hands|\n|poke|p2|Enamorus-Therian, F|\n|teampreview\n|inactive|Battle timer is ON: inactive players will automatically lose when time's up. (requested by 1437dd-fairy)\n|inactive|nedlellol also wants the timer to be on.\n|inactive|1437dd-fairy has 120 seconds left.\n|\n|t:|1771147398\n|teamsize|p1|6\n|teamsize|p2|6\n|start\n|switch|p1a: Kingambit|Kingambit, F, shiny|100/100\n|switch|p1b: Incineroar|Incineroar, F|100/100\n|switch|p2a: Cresselia|Cresselia, F|100/100\n|switch|p2b: Iron Hands|Iron Hands|100/100\n|-ability|p1b: Incineroar|Intimidate|boost\n|-unboost|p2a: Cresselia|atk|1\n|-fail|p2b: Iron Hands|unboost|[from] item: Clear Amulet|[of] p2b: Iron Hands\n|turn|1\n|\n|t:|1771147426\n|move|p1b: Incineroar|Fake Out|p2b: Iron Hands\n|-damage|p2b: Iron Hands|94/100\n|move|p2a: Cresselia|Ally Switch|p2a: Cresselia\n|swap|p2a: Cresselia|1|[from] move: Ally Switch\n|move|p1a: Kingambit|Kowtow Cleave|p2a: Iron Hands\n|-resisted|p2a: Iron Hands\n|-damage|p2a: Iron Hands|75/100\n|cant|p2a: Iron Hands|flinch\n|\n|upkeep\n|turn|2\n|inactive|1437dd-fairy has 120 seconds left.\n|inactive|nedlellol has 120 seconds left.\n|\n|t:|1771147479\n|-terastallize|p2b: Cresselia|Fairy\n|move|p1b: Incineroar|Will-O-Wisp|p2a: Iron Hands\n|-status|p2a: Iron Hands|brn\n|move|p1a: Kingambit|Swords Dance|p1a: Kingambit\n|-boost|p1a: Kingambit|atk|2\n|move|p2a: Iron Hands|Close Combat|p1b: Incineroar\n|-supereffective|p1b: Incineroar\n|-crit|p1b: Incineroar\n|-damage|p1b: Incineroar|14/100\n|-unboost|p2a: Iron Hands|def|1\n|-unboost|p2a: Iron Hands|spd|1\n|-enditem|p1b: Incineroar|Sitrus Berry|[eat]\n|-heal|p1b: Incineroar|39/100|[from] item: Sitrus Berry\n|move|p2b: Cresselia|Trick Room|p2b: Cresselia\n|-fieldstart|move: Trick Room|[of] p2b: Cresselia\n|\n|-damage|p2a: Iron Hands|69/100 brn|[from] brn\n|upkeep\n|turn|3\n|inactive|nedlellol has 120 seconds left.\n|\n|t:|1771147499\n|switch|p2b: Ursaluna|Ursaluna, F|100/100\n|switch|p1b: Rillaboom|Rillaboom, M|100/100\n|-fieldstart|move: Grassy Terrain|[from] ability: Grassy Surge|[of] p1b: Rillaboom\n|move|p1a: Kingambit|Protect|p1a: Kingambit\n|-singleturn|p1a: Kingambit|Protect\n|move|p2a: Iron Hands|Close Combat|p1a: Kingambit\n|-activate|p1a: Kingambit|move: Protect\n|\n|-heal|p2a: Iron Hands|75/100 brn|[from] Grassy Terrain\n|-damage|p2a: Iron Hands|69/100 brn|[from] brn\n|-status|p2b: Ursaluna|brn|[from] item: Flame Orb\n|upkeep\n|turn|4\n|inactive|nedlellol has 120 seconds left.\n|\n|t:|1771147523\n|move|p1b: Rillaboom|Fake Out|p2a: Iron Hands\n|-damage|p2a: Iron Hands|54/100 brn\n|move|p1a: Kingambit|Sucker Punch|p2b: Ursaluna\n|-damage|p2b: Ursaluna|27/100 brn\n|cant|p2a: Iron Hands|flinch\n|move|p2b: Ursaluna|Headlong Rush|p1a: Kingambit\n|-supereffective|p1a: Kingambit\n|-damage|p1a: Kingambit|0 fnt\n|-unboost|p2b: Ursaluna|def|1\n|-unboost|p2b: Ursaluna|spd|1\n|faint|p1a: Kingambit\n|\n|-heal|p2b: Ursaluna|34/100 brn|[from] Grassy Terrain\n|-heal|p2a: Iron Hands|60/100 brn|[from] Grassy Terrain\n|-damage|p2a: Iron Hands|54/100 brn|[from] brn\n|-damage|p2b: Ursaluna|27/100 brn|[from] brn\n|upkeep\n|\n|t:|1771147538\n|switch|p1a: Incineroar|Incineroar, F|39/100\n|-ability|p1a: Incineroar|Intimidate|boost\n|-fail|p2a: Iron Hands|unboost|[from] item: Clear Amulet|[of] p2a: Iron Hands\n|-unboost|p2b: Ursaluna|atk|1\n|turn|5\n|\n|t:|1771147562\n|switch|p2b: Incineroar|Incineroar, F, shiny|100/100\n|-ability|p2b: Incineroar|Intimidate|boost\n|-unboost|p1a: Incineroar|atk|1\n|-unboost|p1b: Rillaboom|atk|1\n|move|p1a: Incineroar|Fake Out|p2a: Iron Hands\n|-damage|p2a: Iron Hands|47/100 brn\n|move|p1b: Rillaboom|Grassy Glide|p2b: Incineroar\n|-resisted|p2b: Incineroar\n|-damage|p2b: Incineroar|91/100\n|cant|p2a: Iron Hands|flinch\n|\n|-heal|p2a: Iron Hands|53/100 brn|[from] Grassy Terrain\n|-heal|p2b: Incineroar|97/100|[from] Grassy Terrain\n|-heal|p1a: Incineroar|45/100|[from] Grassy Terrain\n|-damage|p2a: Iron Hands|47/100 brn|[from] brn\n|upkeep\n|turn|6\n|\n|t:|1771147586\n|move|p2a: Iron Hands|Close Combat|p1a: Incineroar\n|-supereffective|p1a: Incineroar\n|-damage|p1a: Incineroar|0 fnt\n|-unboost|p2a: Iron Hands|def|1\n|-unboost|p2a: Iron Hands|spd|1\n|faint|p1a: Incineroar\n|move|p2b: Incineroar|Flare Blitz|p1b: Rillaboom\n|-supereffective|p1b: Rillaboom\n|-damage|p1b: Rillaboom|15/100\n|-damage|p2b: Incineroar|68/100|[from] Recoil\n|move|p1b: Rillaboom|U-turn|p2b: Incineroar\n|-damage|p2b: Incineroar|54/100\n|\n|t:|1771147597\n|switch|p1b: Ninetales|Ninetales-Alola, M, shiny|100/100|[from] U-turn\n|-weather|Snowscape|[from] ability: Snow Warning|[of] p1b: Ninetales\n|\n|-weather|Snowscape|[upkeep]\n|-heal|p2a: Iron Hands|53/100 brn|[from] Grassy Terrain\n|-heal|p2b: Incineroar|60/100|[from] Grassy Terrain\n|-damage|p2a: Iron Hands|47/100 brn|[from] brn\n|-fieldend|move: Trick Room\n|upkeep\n|\n|t:|1771147605\n|switch|p1a: Kyurem|Kyurem|100/100\n|-ability|p1a: Kyurem|Pressure\n|turn|7\n|\n|t:|1771147627\n|move|p1b: Ninetales|Aurora Veil|p1b: Ninetales\n|-sidestart|p1: nedlellol|move: Aurora Veil\n|move|p1a: Kyurem|Blizzard|p2a: Iron Hands|[spread] p2a,p2b\n|-resisted|p2b: Incineroar\n|-damage|p2a: Iron Hands|0 fnt\n|-damage|p2b: Incineroar|47/100\n|-status|p2b: Incineroar|frz\n|faint|p2a: Iron Hands\n|-end|p2a: Iron Hands|Quark Drive|[silent]\n|-curestatus|p2b: Incineroar|frz|[msg]\n|move|p2b: Incineroar|U-turn|p1a: Kyurem\n|-damage|p1a: Kyurem|94/100\n|\n|t:|1771147641\n|switch|p2b: Cresselia|Cresselia, F, tera:Fairy|100/100|[from] U-turn\n|\n|-weather|Snowscape|[upkeep]\n|-heal|p1a: Kyurem|99/100|[from] Grassy Terrain\n|-fieldend|move: Grassy Terrain\n|upkeep\n|\n|t:|1771147643\n|switch|p2a: Incineroar|Incineroar, F, shiny|47/100\n|-ability|p2a: Incineroar|Intimidate|boost\n|-unboost|p1a: Kyurem|atk|1\n|-unboost|p1b: Ninetales|atk|1\n|turn|8\n|\n|t:|1771147663\n|switch|p1b: Landorus|Landorus, M|100/100\n|move|p1a: Kyurem|Blizzard|p2a: Incineroar|[spread] p2a,p2b\n|-resisted|p2a: Incineroar\n|-damage|p2a: Incineroar|36/100\n|-damage|p2b: Cresselia|75/100\n|move|p2a: Incineroar|U-turn|p1a: Kyurem\n|-damage|p1a: Kyurem|94/100\n|inactive|1437dd-fairy has 120 seconds left.\n|\n|t:|1771147685\n|switch|p2a: Ursaluna|Ursaluna, F|27/100 brn|[from] U-turn\n|move|p2b: Cresselia|Trick Room|p2b: Cresselia\n|-fieldstart|move: Trick Room|[of] p2b: Cresselia\n|\n|-weather|Snowscape|[upkeep]\n|-damage|p2a: Ursaluna|21/100 brn|[from] brn\n|upkeep\n|turn|9\n|inactive|1437dd-fairy has 120 seconds left.\n|\n|t:|1771147713\n|switch|p1a: Rillaboom|Rillaboom, M|15/100\n|-fieldstart|move: Grassy Terrain|[from] ability: Grassy Surge|[of] p1a: Rillaboom\n|move|p2b: Cresselia|Helping Hand|p2a: Ursaluna\n|-singleturn|p2a: Ursaluna|Helping Hand|[of] p2b: Cresselia\n|move|p2a: Ursaluna|Facade|p1a: Rillaboom\n|-damage|p1a: Rillaboom|0 fnt\n|faint|p1a: Rillaboom\n|move|p1b: Landorus|Substitute|p1b: Landorus\n|-start|p1b: Landorus|Substitute\n|-damage|p1b: Landorus|76/100\n|\n|-weather|Snowscape|[upkeep]\n|-heal|p2a: Ursaluna|27/100 brn|[from] Grassy Terrain\n|-damage|p2a: Ursaluna|21/100 brn|[from] brn\n|upkeep\n|\n|t:|1771147727\n|switch|p1a: Ninetales|Ninetales-Alola, M, shiny|100/100\n|turn|10\n|\n|t:|1771147747\n|move|p2a: Ursaluna|Protect|p2a: Ursaluna\n|-singleturn|p2a: Ursaluna|Protect\n|move|p1a: Ninetales|Protect|p1a: Ninetales\n|-singleturn|p1a: Ninetales|Protect\n|move|p2b: Cresselia|Moonblast|p1b: Landorus\n|-activate|p1b: Landorus|move: Substitute|[damage]\n|move|p1b: Landorus|Earth Power|p2a: Ursaluna\n|-activate|p2a: Ursaluna|move: Protect\n|\n|-weather|none\n|-heal|p2a: Ursaluna|27/100 brn|[from] Grassy Terrain\n|-damage|p2a: Ursaluna|21/100 brn|[from] brn\n|upkeep\n|turn|11\n|\n|t:|1771147772\n|move|p2b: Cresselia|Helping Hand|p2a: Ursaluna\n|-singleturn|p2a: Ursaluna|Helping Hand|[of] p2b: Cresselia\n|move|p1a: Ninetales|Protect||[still]\n|-fail|p1a: Ninetales\n|move|p2a: Ursaluna|Facade|p1a: Ninetales\n|-damage|p1a: Ninetales|0 fnt\n|faint|p1a: Ninetales\n|move|p1b: Landorus|Earth Power|p2a: Ursaluna\n|-damage|p2a: Ursaluna|0 fnt\n|faint|p2a: Ursaluna\n|\n|upkeep\n|inactive|nedlellol has 120 seconds left.\n|\n|t:|1771147784\n|switch|p2a: Enamorus|Enamorus-Therian, F|100/100\n|switch|p1a: Kyurem|Kyurem|94/100\n|-ability|p1a: Kyurem|Pressure\n|turn|12\n|inactive|1437dd-fairy has 120 seconds left.\n|\n|t:|1771147826\n|-terastallize|p1a: Kyurem|Steel\n|move|p2a: Enamorus|Moonblast|p1b: Landorus\n|-end|p1b: Landorus|Substitute\n|move|p2b: Cresselia|Moonblast|p1b: Landorus\n|-damage|p1b: Landorus|53/100\n|move|p1a: Kyurem|Flash Cannon|p2a: Enamorus\n|-supereffective|p2a: Enamorus\n|-damage|p2a: Enamorus|17/100\n|move|p1b: Landorus|Sludge Bomb|p2b: Cresselia\n|-supereffective|p2b: Cresselia\n|-damage|p2b: Cresselia|18/100\n|\n|-heal|p1a: Kyurem|99/100|[from] Grassy Terrain\n|-fieldend|move: Trick Room\n|upkeep\n|turn|13\n|inactive|1437dd-fairy has 120 seconds left.\n|\n|t:|1771147854\n|switch|p2a: Incineroar|Incineroar, F, shiny|36/100\n|-ability|p2a: Incineroar|Intimidate|boost\n|-unboost|p1a: Kyurem|atk|1\n|-unboost|p1b: Landorus|atk|1\n|move|p1b: Landorus|Sludge Bomb|p2b: Cresselia\n|-supereffective|p2b: Cresselia\n|-damage|p2b: Cresselia|0 fnt\n|faint|p2b: Cresselia\n|move|p1a: Kyurem|Freeze-Dry|p2a: Incineroar\n|-resisted|p2a: Incineroar\n|-crit|p2a: Incineroar\n|-damage|p2a: Incineroar|21/100\n|\n|-heal|p1a: Kyurem|100/100|[from] Grassy Terrain\n|-heal|p2a: Incineroar|27/100|[from] Grassy Terrain\n|-fieldend|move: Grassy Terrain\n|upkeep\n|\n|t:|1771147871\n|switch|p2b: Sinistcha|Sinistcha-Masterpiece|100/100\n|-heal|p2a: Incineroar|52/100|[from] ability: Hospitality|[of] p2b: Sinistcha\n|turn|14\n|inactive|1437dd-fairy has 120 seconds left.\n|\n|t:|1771147887\n|move|p2a: Incineroar|Fake Out|p1a: Kyurem\n|-resisted|p1a: Kyurem\n|-damage|p1a: Kyurem|98/100\n|move|p1b: Landorus|Earth Power|p2a: Incineroar\n|-supereffective|p2a: Incineroar\n|-damage|p2a: Incineroar|0 fnt\n|faint|p2a: Incineroar\n|cant|p1a: Kyurem|flinch\n|move|p2b: Sinistcha|Trick Room|p2b: Sinistcha\n|-fieldstart|move: Trick Room|[of] p2b: Sinistcha\n|\n|-sideend|p1: nedlellol|move: Aurora Veil\n|upkeep\n|inactive|1437dd-fairy has 120 seconds left.\n|\n|t:|1771147894\n|switch|p2a: Enamorus|Enamorus-Therian, F|17/100\n|turn|15\n|inactive|1437dd-fairy has 120 seconds left.\n|inactive|1437dd-fairy has 90 seconds left.\n|\n|t:|1771147954\n|move|p2b: Sinistcha|Rage Powder|p2b: Sinistcha\n|-singleturn|p2b: Sinistcha|move: Rage Powder\n|move|p2a: Enamorus|Mystical Fire|p1a: Kyurem\n|-supereffective|p1a: Kyurem\n|-damage|p1a: Kyurem|49/100\n|-unboost|p1a: Kyurem|spa|1\n|move|p1a: Kyurem|Freeze-Dry|p2b: Sinistcha\n|-supereffective|p2b: Sinistcha\n|-damage|p2b: Sinistcha|55/100\n|move|p1b: Landorus|Sludge Bomb|p2b: Sinistcha\n|-damage|p2b: Sinistcha|11/100\n|-enditem|p2b: Sinistcha|Sitrus Berry|[eat]\n|-heal|p2b: Sinistcha|36/100|[from] item: Sitrus Berry\n|\n|upkeep\n|turn|16\n|inactive|1437dd-fairy has 90 seconds left.\n|inactive|nedlellol has 120 seconds left.\n|inactive|1437dd-fairy has 60 seconds left.\n|\n|t:|1771148031\n|move|p2b: Sinistcha|Rage Powder|p2b: Sinistcha\n|-singleturn|p2b: Sinistcha|move: Rage Powder\n|move|p2a: Enamorus|Mystical Fire|p1a: Kyurem\n|-supereffective|p1a: Kyurem\n|-damage|p1a: Kyurem|1/100\n|-unboost|p1a: Kyurem|spa|1\n|move|p1a: Kyurem|Freeze-Dry|p2b: Sinistcha\n|-supereffective|p2b: Sinistcha\n|-damage|p2b: Sinistcha|1/100\n|move|p1b: Landorus|Sludge Bomb|p2b: Sinistcha\n|-damage|p2b: Sinistcha|0 fnt\n|faint|p2b: Sinistcha\n|\n|upkeep\n|turn|17\n|\n|t:|1771148050\n|move|p2a: Enamorus|Mystical Fire|p1b: Landorus\n|-damage|p1b: Landorus|0 fnt\n|faint|p1b: Landorus\n|move|p1a: Kyurem|Freeze-Dry|p2a: Enamorus\n|-supereffective|p2a: Enamorus\n|-damage|p2a: Enamorus|0 fnt\n|faint|p2a: Enamorus\n|\n|win|nedlellol\n|raw|nedlellol's rating: 1638 &rarr; <strong>1660</strong><br />(+22 for winning)\n|raw|1437dd-fairy's rating: 1666 &rarr; <strong>1644</strong><br />(-22 for losing)\n|l|☆1437dd-fairy\n|player|p2|\n", "uploadtime": 1771148389, "views": 15, "formatid": "gen9doublesou", "rating": 1644, "private": 0, "password": null}