{"id": "gen9doublesou-2539975491", "format": "[Gen 9] Doubles OU", "players": ["yedhu186", "xyyyyyz"], "log": "|j|☆yedhu186\n|j|☆xyyyyyz\n|t:|1771136675\n|gametype|doubles\n|player|p1|yedhu186|ghetsis-gen5bw|1569\n|player|p2|xyyyyyz|miku-fire|1583\n|gen|9\n|tier|[Gen 9] Doubles OU\n|rated|\n|rule|HP Percentage Mod: HP is shown in percentages\n|rule|Endless Battle Clause: Forcing endless battles is banned\n|rule|Species Clause: Limit one of each Pokémon\n|rule|OHKO Clause: OHKO moves are banned\n|rule|Evasion Moves Clause: Evasion moves are banned\n|rule|Gravity Sleep Clause: The combination of sleep-inducing moves with imperfect accuracy and Gravity or Gigantamax Orbeetle are banned\n|rule|Evasion Abilities Clause: Evasion abilities are banned\n|clearpoke\n|poke|p1|Zoroark-Hisui, M|\n|poke|p1|Ursaluna-Bloodmoon, M|\n|poke|p1|Whimsicott, F|\n|poke|p1|Gholdengo|\n|poke|p1|Dragonite, F|\n|poke|p1|Incineroar, M|\n|poke|p2|Moltres-Galar|\n|poke|p2|Grimmsnarl, M|\n|poke|p2|Iron Hands|\n|poke|p2|Sinistcha|\n|poke|p2|Ursaluna-Bloodmoon, M|\n|poke|p2|Incineroar, F|\n|teampreview\n|inactive|Battle timer is ON: inactive players will automatically lose when time's up. (requested by yedhu186)\n|inactive|xyyyyyz also wants the timer to be on.\n|\n|t:|1771136687\n|teamsize|p1|6\n|teamsize|p2|6\n|start\n|switch|p1a: Whimsicott|Whimsicott, F, shiny|100/100\n|switch|p1b: Ursaluna|Ursaluna-Bloodmoon, M|100/100\n|switch|p2a: Moltres|Moltres-Galar|100/100\n|switch|p2b: Grimmsnarl|Grimmsnarl, M|100/100\n|turn|1\n|\n|t:|1771136701\n|move|p1b: Ursaluna|Protect|p1b: Ursaluna\n|-singleturn|p1b: Ursaluna|Protect\n|move|p2b: Grimmsnarl|Light Screen|p2b: Grimmsnarl\n|-sidestart|p2: xyyyyyz|move: Light Screen\n|move|p1a: Whimsicott|Taunt|p2b: Grimmsnarl\n|-start|p2b: Grimmsnarl|move: Taunt\n|move|p2a: Moltres|Fiery Wrath|p1a: Whimsicott|[spread] p1a\n|-activate|p1b: Ursaluna|move: Protect\n|-supereffective|p1a: Whimsicott\n|-enditem|p1a: Whimsicott|Focus Sash\n|-damage|p1a: Whimsicott|1/100\n|replace|p1a: Zoroark|Zoroark-Hisui, M, shiny\n|-end|p1a: Zoroark|Illusion\n|\n|upkeep\n|turn|2\n|\n|t:|1771136714\n|-terastallize|p1b: Ursaluna|Normal\n|move|p1a: Zoroark|Hyper Voice|p2b: Grimmsnarl|[spread] p2a,p2b\n|-damage|p2a: Moltres|84/100\n|-damage|p2b: Grimmsnarl|74/100\n|move|p2a: Moltres|Fiery Wrath|p1a: Zoroark|[spread] p1a,p1b\n|-supereffective|p1a: Zoroark\n|-damage|p1a: Zoroark|0 fnt\n|-damage|p1b: Ursaluna|57/100\n|faint|p1a: Zoroark\n|move|p1b: Ursaluna|Blood Moon|p2a: Moltres\n|-damage|p2a: Moltres|11/100\n|-ability|p2a: Moltres|Berserk|boost\n|-boost|p2a: Moltres|spa|1\n|-damage|p1b: Ursaluna|47/100|[from] item: Life Orb\n|-enditem|p2a: Moltres|Sitrus Berry|[eat]\n|-heal|p2a: Moltres|36/100|[from] item: Sitrus Berry\n|move|p2b: Grimmsnarl|Spirit Break|p1b: Ursaluna\n|-damage|p1b: Ursaluna|25/100\n|-unboost|p1b: Ursaluna|spa|1\n|\n|upkeep\n|\n|t:|1771136726\n|switch|p1a: Gholdengo|Gholdengo|100/100\n|turn|3\n|\n|t:|1771136738\n|switch|p1b: wolf vgc|Incineroar, M, shiny|100/100\n|-ability|p1b: wolf vgc|Intimidate|boost\n|-unboost|p2a: Moltres|atk|1\n|-unboost|p2b: Grimmsnarl|atk|1\n|switch|p2b: Sinistcha|Sinistcha|100/100\n|-heal|p2a: Moltres|61/100|[from] ability: Hospitality|[of] p2b: Sinistcha\n|move|p2a: Moltres|Protect|p2a: Moltres\n|-singleturn|p2a: Moltres|Protect\n|move|p1a: Gholdengo|Make It Rain|p2a: Moltres|[spread] p2b\n|-activate|p2a: Moltres|move: Protect\n|-damage|p2b: Sinistcha|69/100\n|-unboost|p1a: Gholdengo|spa|1\n|\n|upkeep\n|turn|4\n|\n|t:|1771136763\n|move|p1b: wolf vgc|Fake Out|p2a: Moltres\n|-damage|p2a: Moltres|47/100\n|-ability|p2a: Moltres|Berserk|boost\n|-boost|p2a: Moltres|spa|1\n|move|p1a: Gholdengo|Shadow Ball|p2b: Sinistcha\n|-supereffective|p2b: Sinistcha\n|-damage|p2b: Sinistcha|35/100\n|-enditem|p2b: Sinistcha|Sitrus Berry|[eat]\n|-heal|p2b: Sinistcha|60/100|[from] item: Sitrus Berry\n|cant|p2a: Moltres|flinch\n|move|p2b: Sinistcha|Life Dew|p2b: Sinistcha|[spread] p2a,p2b\n|-heal|p2a: Moltres|72/100\n|-heal|p2b: Sinistcha|85/100\n|\n|upkeep\n|turn|5\n|\n|t:|1771136779\n|switch|p2b: Grimmsnarl|Grimmsnarl, M|74/100\n|move|p1a: Gholdengo|Make It Rain|p2a: Moltres|[spread] p2a,p2b\n|-supereffective|p2b: Grimmsnarl\n|-damage|p2a: Moltres|53/100\n|-damage|p2b: Grimmsnarl|17/100\n|-unboost|p1a: Gholdengo|spa|1\n|move|p2a: Moltres|Fiery Wrath|p1a: Gholdengo|[spread] p1a,p1b\n|-supereffective|p1a: Gholdengo\n|-resisted|p1b: wolf vgc\n|-damage|p1a: Gholdengo|0 fnt\n|-damage|p1b: wolf vgc|81/100\n|faint|p1a: Gholdengo\n|move|p1b: wolf vgc|Flare Blitz|p2a: Moltres\n|-damage|p2a: Moltres|0 fnt\n|faint|p2a: Moltres\n|-damage|p1b: wolf vgc|63/100|[from] Recoil\n|\n|upkeep\n|\n|t:|1771136797\n|switch|p1a: Dragonite|Dragonite, F|100/100\n|switch|p2a: Ursaluna|Ursaluna-Bloodmoon, M|100/100\n|turn|6\n|\n|t:|1771136823\n|-terastallize|p2a: Ursaluna|Ghost\n|move|p1a: Dragonite|Extreme Speed|p2b: Grimmsnarl\n|-damage|p2b: Grimmsnarl|0 fnt\n|faint|p2b: Grimmsnarl\n|move|p1b: wolf vgc|Knock Off|p2a: Ursaluna\n|-supereffective|p2a: Ursaluna\n|-damage|p2a: Ursaluna|36/100\n|-enditem|p2a: Ursaluna|Assault Vest|[from] move: Knock Off|[of] p1b: wolf vgc\n|move|p2a: Ursaluna|Blood Moon|p1a: Dragonite\n|-damage|p1a: Dragonite|59/100\n|\n|upkeep\n|\n|t:|1771136830\n|switch|p2b: Iron Hands|Iron Hands|100/100\n|turn|7\n|\n|t:|1771136854\n|move|p1a: Dragonite|Scale Shot|p2b: Iron Hands\n|-damage|p2b: Iron Hands|90/100\n|-damage|p2b: Iron Hands|79/100\n|-damage|p2b: Iron Hands|69/100\n|-damage|p2b: Iron Hands|58/100\n|-hitcount|p2b: Iron Hands|4\n|-unboost|p1a: Dragonite|def|1\n|-boost|p1a: Dragonite|spe|1\n|move|p1b: wolf vgc|Flare Blitz|p2a: Ursaluna\n|-damage|p2a: Ursaluna|0 fnt\n|faint|p2a: Ursaluna\n|-damage|p1b: wolf vgc|50/100|[from] Recoil\n|move|p2b: Iron Hands|Drain Punch|p1b: wolf vgc\n|-supereffective|p1b: wolf vgc\n|-damage|p1b: wolf vgc|0 fnt\n|-heal|p2b: Iron Hands|79/100|[from] drain|[of] p1b: wolf vgc\n|faint|p1b: wolf vgc\n|\n|upkeep\n|inactive|yedhu186 has 120 seconds left.\n|\n|t:|1771136870\n|switch|p1b: Whimsicott|Whimsicott, F, shiny|100/100\n|switch|p2a: Incineroar|Incineroar, F|100/100\n|-ability|p2a: Incineroar|Intimidate|boost\n|-unboost|p1a: Dragonite|atk|1\n|-unboost|p1b: Whimsicott|atk|1\n|turn|8\n|l|☆yedhu186\n|inactive|yedhu186 disconnected and has a minute to reconnect!\n|player|p1|\n|j|☆yedhu186\n|inactive|yedhu186 reconnected and has 130 seconds left.\n|player|p1|yedhu186|ghetsis-gen5bw|\n|inactive|yedhu186 has 120 seconds left.\n|\n|t:|1771136905\n|move|p2a: Incineroar|Fake Out|p1b: Whimsicott\n|-damage|p1b: Whimsicott|86/100\n|cant|p1b: Whimsicott|flinch\n|move|p1a: Dragonite|Low Kick|p2b: Iron Hands\n|-damage|p2b: Iron Hands|59/100\n|move|p2b: Iron Hands|Ice Punch|p1a: Dragonite\n|-supereffective|p1a: Dragonite\n|-damage|p1a: Dragonite|0 fnt\n|faint|p1a: Dragonite\n|\n|-sideend|p2: xyyyyyz|move: Light Screen\n|upkeep\n|\n|t:|1771136908\n|switch|p1a: Ursaluna|Ursaluna-Bloodmoon, M, tera:Normal|25/100\n|turn|9\n|\n|t:|1771136915\n|move|p2b: Iron Hands|Protect|p2b: Iron Hands\n|-singleturn|p2b: Iron Hands|Protect\n|move|p1b: Whimsicott|Tailwind|p1b: Whimsicott\n|-sidestart|p1: yedhu186|move: Tailwind\n|move|p1a: Ursaluna|Hyper Voice|p2b: Iron Hands|[spread] p2a\n|-activate|p2b: Iron Hands|move: Protect\n|-damage|p2a: Incineroar|46/100\n|-damage|p1a: Ursaluna|15/100|[from] item: Life Orb\n|move|p2a: Incineroar|Knock Off|p1a: Ursaluna\n|-damage|p1a: Ursaluna|0 fnt\n|-enditem|p1a: Ursaluna|Life Orb|[from] move: Knock Off|[of] p2a: Incineroar\n|faint|p1a: Ursaluna\n|\n|upkeep\n|turn|10\n|-message|yedhu186 forfeited.\n|\n|win|xyyyyyz\n|raw|yedhu186's rating: 1569 &rarr; <strong>1550</strong><br />(-19 for losing)\n|raw|xyyyyyz's rating: 1583 &rarr; <strong>1602</strong><br />(+19 for winning)\n|l|☆yedhu186\n|player|p1|\n|l|☆xyyyyyz\n|player|p2|\n", "uploadtime": 1771137221, "views": 17, "formatid": "gen9doublesou", "rating": 1550, "private": 0, "password": null}