{"id": "gen9doublesou-2540515260", "format": "[Gen 9] Doubles OU", "players": ["incel_eliminator", "I love you abel ❤️"], "log": "|j|☆incel_eliminator\n|j|☆I love you abel ❤️\n|t:|1771211735\n|gametype|doubles\n|player|p1|incel_eliminator|265|1710\n|player|p2|I love you abel ❤️|marnie-masters2|1696\n|gen|9\n|tier|[Gen 9] Doubles OU\n|rated|\n|rule|HP Percentage Mod: HP is shown in percentages\n|rule|Endless Battle Clause: Forcing endless battles is banned\n|rule|Species Clause: Limit one of each Pokémon\n|rule|OHKO Clause: OHKO moves are banned\n|rule|Evasion Moves Clause: Evasion moves are banned\n|rule|Gravity Sleep Clause: The combination of sleep-inducing moves with imperfect accuracy and Gravity or Gigantamax Orbeetle are banned\n|rule|Evasion Abilities Clause: Evasion abilities are banned\n|clearpoke\n|poke|p1|Torterra, M|\n|poke|p1|Spectrier|\n|poke|p1|Ninetales-Alola, M|\n|poke|p1|Cresselia, F|\n|poke|p1|Incineroar, M|\n|poke|p1|Sylveon, F|\n|poke|p2|Tyranitar, M|\n|poke|p2|Ting-Lu|\n|poke|p2|Orthworm, M|\n|poke|p2|Houndstone, F|\n|poke|p2|Chien-Pao|\n|poke|p2|Glimmora, M|\n|teampreview\n|inactive|Battle timer is ON: inactive players will automatically lose when time's up. (requested by incel_eliminator)\n|inactive|incel_eliminator has 120 seconds left.\n|inactive|incel_eliminator has 90 seconds left.\n|\n|t:|1771211799\n|teamsize|p1|6\n|teamsize|p2|6\n|start\n|switch|p1a: Me|Spectrier|100/100\n|switch|p1b: Sylveon|Sylveon, F, shiny|100/100\n|switch|p2a: Spinner ball|Glimmora, M|100/100\n|switch|p2b: Bite ice|Chien-Pao|100/100\n|-ability|p2b: Bite ice|Sword of Ruin\n|turn|1\n|inactive|I love you abel ❤️ has 120 seconds left.\n|\n|t:|1771211829\n|switch|p2b: Migajas|Orthworm, M|100/100\n|switch|p1b: Me bullying u|Incineroar, M|100/100\n|-ability|p1b: Me bullying u|Intimidate|boost\n|-unboost|p2a: Spinner ball|atk|1\n|-unboost|p2b: Migajas|atk|1\n|-terastallize|p1a: Me|Fairy\n|move|p1a: Me|Tera Blast|p2b: Migajas|[anim] Tera Blast Fairy\n|-resisted|p2b: Migajas\n|-damage|p2b: Migajas|64/100\n|move|p2a: Spinner ball|Mortal Spin|p1a: Me|[spread] p1a,p1b\n|-supereffective|p1a: Me\n|-damage|p1a: Me|91/100\n|-damage|p1b: Me bullying u|97/100\n|-status|p1a: Me|psn\n|-status|p1b: Me bullying u|psn\n|\n|-heal|p2b: Migajas|70/100|[from] item: Leftovers\n|-damage|p1a: Me|79/100 psn|[from] psn\n|-damage|p1b: Me bullying u|85/100 psn|[from] psn\n|upkeep\n|turn|2\n|\n|t:|1771211849\n|switch|p1a: Touch grass u nerd|Torterra, M, shiny|100/100\n|move|p2b: Migajas|Protect|p2b: Migajas\n|-singleturn|p2b: Migajas|Protect\n|move|p2a: Spinner ball|Stealth Rock|p1b: Me bullying u\n|-sidestart|p1: incel_eliminator|move: Stealth Rock\n|move|p1b: Me bullying u|Parting Shot|p2a: Spinner ball\n|-unboost|p2a: Spinner ball|atk|1\n|-unboost|p2a: Spinner ball|spa|1\n|\n|t:|1771211858\n|switch|p1b: Ur mom|Cresselia, F|100/100|[from] Parting Shot\n|-damage|p1b: Ur mom|88/100|[from] Stealth Rock\n|\n|-heal|p1b: Ur mom|94/100|[from] item: Leftovers\n|-heal|p2b: Migajas|76/100|[from] item: Leftovers\n|upkeep\n|turn|3\n|\n|t:|1771211866\n|move|p2a: Spinner ball|Mortal Spin|p1b: Ur mom|[spread] p1a,p1b\n|-damage|p1a: Touch grass u nerd|99/100\n|-damage|p1b: Ur mom|93/100\n|-status|p1a: Touch grass u nerd|psn\n|-status|p1b: Ur mom|psn\n|move|p1b: Ur mom|Icy Wind|p2a: Spinner ball|[spread] p2a,p2b\n|-resisted|p2b: Migajas\n|-damage|p2a: Spinner ball|89/100\n|-damage|p2b: Migajas|72/100\n|-unboost|p2a: Spinner ball|spe|1\n|-unboost|p2b: Migajas|spe|1\n|move|p1a: Touch grass u nerd|Iron Defense|p1a: Touch grass u nerd\n|-boost|p1a: Touch grass u nerd|def|2\n|move|p2b: Migajas|Iron Defense|p2b: Migajas\n|-boost|p2b: Migajas|def|2\n|\n|-heal|p1b: Ur mom|99/100 psn|[from] item: Leftovers\n|-heal|p1a: Touch grass u nerd|100/100 psn|[from] item: Leftovers\n|-heal|p2b: Migajas|78/100|[from] item: Leftovers\n|-damage|p1b: Ur mom|86/100 psn|[from] psn\n|-damage|p1a: Touch grass u nerd|88/100 psn|[from] psn\n|upkeep\n|turn|4\n|\n|t:|1771211888\n|move|p1b: Ur mom|Psych Up|p1a: Touch grass u nerd\n|-copyboost|p1b: Ur mom|p1a: Touch grass u nerd|[from] move: Psych Up\n|move|p2a: Spinner ball|Power Gem|p1a: Touch grass u nerd\n|-resisted|p1a: Touch grass u nerd\n|-damage|p1a: Touch grass u nerd|75/100 psn\n|move|p1a: Touch grass u nerd|Iron Defense|p1a: Touch grass u nerd\n|-boost|p1a: Touch grass u nerd|def|2\n|move|p2b: Migajas|Body Press|p1a: Touch grass u nerd\n|-damage|p1a: Touch grass u nerd|62/100 psn\n|\n|-heal|p1b: Ur mom|92/100 psn|[from] item: Leftovers\n|-heal|p1a: Touch grass u nerd|69/100 psn|[from] item: Leftovers\n|-heal|p2b: Migajas|84/100|[from] item: Leftovers\n|-damage|p1b: Ur mom|80/100 psn|[from] psn\n|-damage|p1a: Touch grass u nerd|56/100 psn|[from] psn\n|upkeep\n|turn|5\n|\n|t:|1771211905\n|move|p2b: Migajas|Protect|p2b: Migajas\n|-singleturn|p2b: Migajas|Protect\n|move|p1b: Ur mom|Lunar Blessing|p1b: Ur mom|[spread] p1a,p1b\n|-heal|p1a: Touch grass u nerd|81/100 psn\n|-curestatus|p1a: Touch grass u nerd|psn|[msg]\n|-heal|p1b: Ur mom|100/100 psn\n|-curestatus|p1b: Ur mom|psn|[msg]\n|move|p2a: Spinner ball|Power Gem|p1b: Ur mom\n|-crit|p1b: Ur mom\n|-damage|p1b: Ur mom|65/100\n|move|p1a: Touch grass u nerd|Body Press|p2b: Migajas\n|-activate|p2b: Migajas|move: Protect\n|\n|-heal|p1b: Ur mom|71/100|[from] item: Leftovers\n|-heal|p1a: Touch grass u nerd|87/100|[from] item: Leftovers\n|-heal|p2b: Migajas|90/100|[from] item: Leftovers\n|upkeep\n|turn|6\n|\n|t:|1771211923\n|switch|p2b: Doggy attack|Houndstone, F|100/100\n|move|p1b: Ur mom|Icy Wind|p2a: Spinner ball|[spread] p2a,p2b\n|-damage|p2a: Spinner ball|79/100\n|-damage|p2b: Doggy attack|92/100\n|-unboost|p2a: Spinner ball|spe|1\n|move|p2a: Spinner ball|Mortal Spin|p1a: Touch grass u nerd|[spread] p1a,p1b\n|-damage|p1a: Touch grass u nerd|87/100\n|-damage|p1b: Ur mom|70/100\n|-status|p1a: Touch grass u nerd|psn\n|-status|p1b: Ur mom|psn\n|move|p1a: Touch grass u nerd|Body Press|p2b: Doggy attack\n|-immune|p2b: Doggy attack\n|\n|-heal|p1b: Ur mom|76/100 psn|[from] item: Leftovers\n|-heal|p1a: Touch grass u nerd|93/100 psn|[from] item: Leftovers\n|-damage|p1b: Ur mom|63/100 psn|[from] psn\n|-damage|p1a: Touch grass u nerd|80/100 psn|[from] psn\n|upkeep\n|turn|7\n|\n|t:|1771211943\n|switch|p2b: Migajas|Orthworm, M|90/100\n|move|p1b: Ur mom|Icy Wind|p2b: Migajas|[spread] p2a,p2b\n|-resisted|p2b: Migajas\n|-damage|p2a: Spinner ball|69/100\n|-damage|p2b: Migajas|87/100\n|-unboost|p2a: Spinner ball|spe|1\n|-unboost|p2b: Migajas|spe|1\n|move|p1a: Touch grass u nerd|Amnesia|p1a: Touch grass u nerd\n|-boost|p1a: Touch grass u nerd|spd|2\n|move|p2a: Spinner ball|Mortal Spin|p1a: Touch grass u nerd|[spread] p1a,p1b\n|-damage|p1a: Touch grass u nerd|80/100 psn\n|-damage|p1b: Ur mom|63/100 psn\n|\n|-heal|p1b: Ur mom|69/100 psn|[from] item: Leftovers\n|-heal|p1a: Touch grass u nerd|86/100 psn|[from] item: Leftovers\n|-heal|p2b: Migajas|93/100|[from] item: Leftovers\n|-damage|p1b: Ur mom|56/100 psn|[from] psn\n|-damage|p1a: Touch grass u nerd|74/100 psn|[from] psn\n|upkeep\n|turn|8\n|\n|t:|1771211968\n|move|p1b: Ur mom|Psych Up|p1a: Touch grass u nerd\n|-copyboost|p1b: Ur mom|p1a: Touch grass u nerd|[from] move: Psych Up\n|move|p1a: Touch grass u nerd|Iron Defense|p1a: Touch grass u nerd\n|-boost|p1a: Touch grass u nerd|def|2\n|move|p2a: Spinner ball|Mortal Spin|p1b: Ur mom|[spread] p1a,p1b\n|-damage|p1a: Touch grass u nerd|73/100 psn\n|-damage|p1b: Ur mom|56/100 psn\n|move|p2b: Migajas|Iron Defense|p2b: Migajas\n|-boost|p2b: Migajas|def|2\n|\n|-heal|p1b: Ur mom|62/100 psn|[from] item: Leftovers\n|-heal|p1a: Touch grass u nerd|80/100 psn|[from] item: Leftovers\n|-heal|p2b: Migajas|99/100|[from] item: Leftovers\n|-damage|p1b: Ur mom|49/100 psn|[from] psn\n|-damage|p1a: Touch grass u nerd|67/100 psn|[from] psn\n|upkeep\n|turn|9\n|\n|t:|1771211984\n|switch|p2b: Doggy attack|Houndstone, F|92/100\n|move|p1b: Ur mom|Lunar Blessing|p1b: Ur mom|[spread] p1a,p1b\n|-heal|p1a: Touch grass u nerd|92/100 psn\n|-curestatus|p1a: Touch grass u nerd|psn|[msg]\n|-heal|p1b: Ur mom|74/100 psn\n|-curestatus|p1b: Ur mom|psn|[msg]\n|move|p1a: Touch grass u nerd|Body Press|p2a: Spinner ball\n|-damage|p2a: Spinner ball|0 fnt\n|-activate|p2a: Spinner ball|ability: Toxic Debris\n|-sidestart|p1: incel_eliminator|move: Toxic Spikes\n|faint|p2a: Spinner ball\n|\n|-heal|p1b: Ur mom|80/100|[from] item: Leftovers\n|-heal|p1a: Touch grass u nerd|98/100|[from] item: Leftovers\n|upkeep\n|\n|t:|1771212004\n|switch|p2a: Bite ice|Chien-Pao|100/100\n|-ability|p2a: Bite ice|Sword of Ruin\n|turn|10\n|\n|t:|1771212017\n|move|p2a: Bite ice|Protect|p2a: Bite ice\n|-singleturn|p2a: Bite ice|Protect\n|move|p2b: Doggy attack|Howl|p2b: Doggy attack|[spread] p2a,p2b\n|-boost|p2a: Bite ice|atk|1\n|-boost|p2b: Doggy attack|atk|1\n|move|p1b: Ur mom|Icy Wind|p2b: Doggy attack|[spread] \n|-activate|p2a: Bite ice|move: Protect\n|-miss|p1b: Ur mom|p2b: Doggy attack\n|move|p1a: Touch grass u nerd|Body Press|p2a: Bite ice\n|-activate|p2a: Bite ice|move: Protect\n|\n|-heal|p1b: Ur mom|86/100|[from] item: Leftovers\n|-heal|p1a: Touch grass u nerd|100/100|[from] item: Leftovers\n|upkeep\n|turn|11\n|\n|t:|1771212035\n|-terastallize|p2a: Bite ice|Ghost\n|move|p2a: Bite ice|Ice Spinner|p1a: Touch grass u nerd\n|-supereffective|p1a: Touch grass u nerd\n|-damage|p1a: Touch grass u nerd|45/100\n|move|p2b: Doggy attack|Howl|p2b: Doggy attack|[spread] p2a,p2b\n|-boost|p2a: Bite ice|atk|1\n|-boost|p2b: Doggy attack|atk|1\n|move|p1b: Ur mom|Icy Wind|p2a: Bite ice|[spread] p2a,p2b\n|-crit|p2b: Doggy attack\n|-damage|p2a: Bite ice|89/100\n|-damage|p2b: Doggy attack|79/100\n|move|p1a: Touch grass u nerd|Body Press|p2a: Bite ice\n|-immune|p2a: Bite ice\n|\n|-heal|p1b: Ur mom|93/100|[from] item: Leftovers\n|-heal|p1a: Touch grass u nerd|51/100|[from] item: Leftovers\n|upkeep\n|turn|12\n|\n|t:|1771212051\n|switch|p1a: Me bullying u|Incineroar, M|85/100 psn\n|-damage|p1a: Me bullying u|60/100 psn|[from] Stealth Rock\n|-ability|p1a: Me bullying u|Intimidate|boost\n|-fail|p2a: Bite ice|unboost|[from] item: Clear Amulet|[of] p2a: Bite ice\n|-fail|p2b: Doggy attack|unboost|[from] item: Clear Amulet|[of] p2b: Doggy attack\n|move|p2a: Bite ice|Ice Spinner|p1a: Me bullying u\n|-resisted|p1a: Me bullying u\n|-damage|p1a: Me bullying u|5/100 psn\n|-enditem|p1a: Me bullying u|Aguav Berry|[eat]\n|-heal|p1a: Me bullying u|38/100 psn|[from] item: Aguav Berry\n|move|p2b: Doggy attack|Last Respects|p1b: Ur mom\n|-supereffective|p1b: Ur mom\n|-damage|p1b: Ur mom|37/100\n|move|p1b: Ur mom|Psych Up|p1a: Me bullying u\n|-copyboost|p1b: Ur mom|p1a: Me bullying u|[from] move: Psych Up\n|\n|-heal|p1b: Ur mom|43/100|[from] item: Leftovers\n|-damage|p1a: Me bullying u|26/100 psn|[from] psn\n|upkeep\n|turn|13\n|\n|t:|1771212073\n|move|p1b: Ur mom|Ally Switch|p1b: Ur mom\n|swap|p1b: Ur mom|0|[from] move: Ally Switch\n|move|p2a: Bite ice|Ice Spinner|p1a: Ur mom\n|-damage|p1a: Ur mom|0 fnt\n|faint|p1a: Ur mom\n|move|p2b: Doggy attack|Last Respects|p1b: Me bullying u\n|-resisted|p1b: Me bullying u\n|-damage|p1b: Me bullying u|0 fnt\n|faint|p1b: Me bullying u\n|\n|upkeep\n|c|☆incel_eliminator|Woops\n|-message|incel_eliminator forfeited.\n|\n|win|I love you abel ❤️\n|raw|incel_eliminator's rating: 1710 &rarr; <strong>1690</strong><br />(-20 for losing)\n|raw|I love you abel ❤️'s rating: 1704 &rarr; <strong>1724</strong><br />(+20 for winning)\n|l|☆incel_eliminator\n|player|p1|\n|l|☆I love you abel ❤️\n|player|p2|\n", "uploadtime": 1771212264, "views": 14, "formatid": "gen9doublesou", "rating": 1690, "private": 0, "password": null}