{"id": "gen9doublesou-2540051059", "format": "[Gen 9] Doubles OU", "players": ["ultimathrash", "qwqwwqqwwq"], "log": "|j|‽ultimathrash\n|j|☆qwqwwqqwwq\n|t:|1771152694\n|gametype|doubles\n|player|p1|ultimathrash|pilot|1660\n|player|p2|qwqwwqqwwq|hiker-gen4|1655\n|gen|9\n|tier|[Gen 9] Doubles OU\n|rated|\n|rule|HP Percentage Mod: HP is shown in percentages\n|rule|Endless Battle Clause: Forcing endless battles is banned\n|rule|Species Clause: Limit one of each Pokémon\n|rule|OHKO Clause: OHKO moves are banned\n|rule|Evasion Moves Clause: Evasion moves are banned\n|rule|Gravity Sleep Clause: The combination of sleep-inducing moves with imperfect accuracy and Gravity or Gigantamax Orbeetle are banned\n|rule|Evasion Abilities Clause: Evasion abilities are banned\n|clearpoke\n|poke|p1|Moltres-Galar|\n|poke|p1|Sinistcha|\n|poke|p1|Incineroar, M|\n|poke|p1|Roaring Moon|\n|poke|p1|Gholdengo|\n|poke|p1|Ursaluna-Bloodmoon, M|\n|poke|p2|Lucario, M|\n|poke|p2|Thundurus, M|\n|poke|p2|Golem, M|\n|poke|p2|Scizor, F|\n|poke|p2|Chandelure, M|\n|poke|p2|Dragonite, M|\n|teampreview\n|\n|t:|1771152726\n|teamsize|p1|6\n|teamsize|p2|6\n|start\n|switch|p1a: Incineroar|Incineroar, M|100/100\n|switch|p1b: Gholdengo|Gholdengo|100/100\n|switch|p2a: Thundurus|Thundurus, M|100/100\n|switch|p2b: Lucario|Lucario, M|100/100\n|-ability|p1a: Incineroar|Intimidate|boost\n|-unboost|p2a: Thundurus|atk|1\n|-fail|p2b: Lucario|unboost|Attack|[from] ability: Inner Focus|[of] p2b: Lucario\n|turn|1\n|inactive|Battle timer is ON: inactive players will automatically lose when time's up. (requested by ultimathrash)\n|\n|t:|1771152745\n|switch|p1a: Moltres|Moltres-Galar|100/100\n|move|p2a: Thundurus|Nasty Plot|p2a: Thundurus\n|-boost|p2a: Thundurus|spa|2\n|move|p2b: Lucario|Aura Sphere|p1a: Moltres\n|-damage|p1a: Moltres|76/100\n|move|p1b: Gholdengo|Dazzling Gleam|p2a: Thundurus|[spread] p2a,p2b\n|-damage|p2a: Thundurus|51/100\n|-damage|p2b: Lucario|47/100\n|\n|-heal|p1a: Moltres|83/100|[from] item: Leftovers\n|upkeep\n|turn|2\n|\n|t:|1771152761\n|switch|p2b: Golem|Golem, M|100/100\n|switch|p1a: Ursaluna|Ursaluna-Bloodmoon, M|100/100\n|-terastallize|p2a: Thundurus|Electric\n|move|p2a: Thundurus|Discharge|p1b: Gholdengo|[spread] p1b\n|-immune|p2b: Golem\n|-immune|p1a: Ursaluna\n|-damage|p1b: Gholdengo|9/100\n|-status|p1b: Gholdengo|par\n|cant|p1b: Gholdengo|par\n|\n|upkeep\n|turn|3\n|\n|t:|1771152783\n|move|p2b: Golem|Wide Guard|p2b: Golem\n|-singleturn|p2b: Golem|Wide Guard\n|move|p2a: Thundurus|Discharge|p1a: Ursaluna|[spread] p1b\n|-activate|p2b: Golem|move: Wide Guard\n|-immune|p1a: Ursaluna\n|-damage|p1b: Gholdengo|0 fnt\n|faint|p1b: Gholdengo\n|move|p1a: Ursaluna|Earth Power|p2a: Thundurus\n|-supereffective|p2a: Thundurus\n|-damage|p2a: Thundurus|0 fnt\n|faint|p2a: Thundurus\n|\n|upkeep\n|\n|t:|1771152796\n|switch|p2a: Lucario|Lucario, M|47/100\n|switch|p1b: Incineroar|Incineroar, M|100/100\n|-ability|p1b: Incineroar|Intimidate|boost\n|-fail|p2a: Lucario|unboost|Attack|[from] ability: Inner Focus|[of] p2a: Lucario\n|-unboost|p2b: Golem|atk|1\n|turn|4\n|inactive|ultimathrash has 120 seconds left.\n|\n|t:|1771152830\n|switch|p2b: Dragonite|Dragonite, M|100/100\n|-terastallize|p1a: Ursaluna|Ghost\n|move|p2a: Lucario|Aura Sphere|p1a: Ursaluna\n|-immune|p1a: Ursaluna\n|move|p1b: Incineroar|Flare Blitz|p2a: Lucario\n|-supereffective|p2a: Lucario\n|-damage|p2a: Lucario|0 fnt\n|faint|p2a: Lucario\n|-damage|p1b: Incineroar|90/100|[from] Recoil\n|move|p1a: Ursaluna|Earth Power|p2b: Dragonite\n|-immune|p2b: Dragonite\n|\n|upkeep\n|\n|t:|1771152852\n|switch|p2a: Golem|Golem, M|100/100\n|turn|5\n|\n|t:|1771152861\n|switch|p1b: Sinistcha|Sinistcha|100/100\n|move|p2b: Dragonite|Dragon Dance|p2b: Dragonite\n|-boost|p2b: Dragonite|atk|1\n|-boost|p2b: Dragonite|spe|1\n|move|p2a: Golem|Earthquake|p1a: Ursaluna|[spread] p1a,p1b\n|-immune|p2b: Dragonite\n|-resisted|p1b: Sinistcha\n|-damage|p1a: Ursaluna|72/100\n|-damage|p1b: Sinistcha|83/100\n|move|p1a: Ursaluna|Blood Moon|p2b: Dragonite\n|-damage|p2b: Dragonite|28/100\n|\n|upkeep\n|turn|6\n|\n|t:|1771152881\n|move|p2b: Dragonite|Protect|p2b: Dragonite\n|-singleturn|p2b: Dragonite|Protect\n|move|p2a: Golem|Rock Slide|p1b: Sinistcha|[spread] p1a,p1b\n|-damage|p1a: Ursaluna|50/100\n|-damage|p1b: Sinistcha|59/100\n|move|p1a: Ursaluna|Hyper Voice|p2a: Golem|[spread] p2a\n|-activate|p2b: Dragonite|move: Protect\n|-resisted|p2a: Golem\n|-damage|p2a: Golem|69/100\n|move|p1b: Sinistcha|Matcha Gotcha|p2a: Golem|[spread] p2a\n|-activate|p2b: Dragonite|move: Protect\n|-supereffective|p2a: Golem\n|-damage|p2a: Golem|0 fnt\n|-heal|p1b: Sinistcha|89/100|[from] drain|[of] p2a: Golem\n|faint|p2a: Golem\n|\n|upkeep\n|inactive|qwqwwqqwwq has 120 seconds left.\n|\n|t:|1771152897\n|switch|p2a: Chandelure|Chandelure, M|100/100\n|turn|7\n|\n|t:|1771152904\n|move|p1b: Sinistcha|Rage Powder|p1b: Sinistcha\n|-singleturn|p1b: Sinistcha|move: Rage Powder\n|move|p2b: Dragonite|Dragon Dance|p2b: Dragonite\n|-boost|p2b: Dragonite|atk|1\n|-boost|p2b: Dragonite|spe|1\n|move|p2a: Chandelure|Heat Wave|p1b: Sinistcha|[spread] p1a,p1b\n|-supereffective|p1b: Sinistcha\n|-damage|p1a: Ursaluna|17/100\n|-damage|p1b: Sinistcha|4/100\n|-enditem|p1b: Sinistcha|Sitrus Berry|[eat]\n|-heal|p1b: Sinistcha|29/100|[from] item: Sitrus Berry\n|move|p1a: Ursaluna|Blood Moon|p2b: Dragonite\n|-damage|p2b: Dragonite|0 fnt\n|faint|p2b: Dragonite\n|\n|upkeep\n|\n|t:|1771152911\n|switch|p2b: Scizor|Scizor, F|100/100\n|turn|8\n|\n|t:|1771152917\n|switch|p1b: Incineroar|Incineroar, M|90/100\n|-ability|p1b: Incineroar|Intimidate|boost\n|-unboost|p2a: Chandelure|atk|1\n|-unboost|p2b: Scizor|atk|1\n|move|p2a: Chandelure|Heat Wave|p1a: Ursaluna|[spread] p1a,p1b\n|-resisted|p1b: Incineroar\n|-damage|p1a: Ursaluna|0 fnt\n|-damage|p1b: Incineroar|72/100\n|faint|p1a: Ursaluna\n|move|p2b: Scizor|Swords Dance|p2b: Scizor\n|-boost|p2b: Scizor|atk|2\n|\n|upkeep\n|\n|t:|1771152935\n|switch|p1a: Roaring Moon|Roaring Moon|100/100\n|-enditem|p1a: Roaring Moon|Booster Energy\n|-activate|p1a: Roaring Moon|ability: Protosynthesis|[fromitem]\n|-start|p1a: Roaring Moon|protosynthesisspe\n|turn|9\n|\n|t:|1771152946\n|move|p2a: Chandelure|Protect|p2a: Chandelure\n|-singleturn|p2a: Chandelure|Protect\n|move|p2b: Scizor|Protect|p2b: Scizor\n|-singleturn|p2b: Scizor|Protect\n|move|p1b: Incineroar|Fake Out|p2b: Scizor\n|-activate|p2b: Scizor|move: Protect\n|move|p1a: Roaring Moon|Knock Off|p2a: Chandelure\n|-activate|p2a: Chandelure|move: Protect\n|\n|upkeep\n|turn|10\n|\n|t:|1771152971\n|move|p1a: Roaring Moon|Tailwind|p1a: Roaring Moon\n|-sidestart|p1: ultimathrash|move: Tailwind\n|move|p1b: Incineroar|Flare Blitz|p2b: Scizor\n|-supereffective|p2b: Scizor\n|-enditem|p2b: Scizor|Focus Sash\n|-damage|p2b: Scizor|1/100\n|-damage|p1b: Incineroar|48/100|[from] Recoil\n|move|p2a: Chandelure|Heat Wave|p1b: Incineroar|[spread] p1a\n|-miss|p2a: Chandelure|p1b: Incineroar\n|-resisted|p1a: Roaring Moon\n|-damage|p1a: Roaring Moon|82/100\n|move|p2b: Scizor|Bug Bite|p1a: Roaring Moon\n|-supereffective|p1a: Roaring Moon\n|-damage|p1a: Roaring Moon|0 fnt\n|faint|p1a: Roaring Moon\n|-end|p1a: Roaring Moon|Protosynthesis|[silent]\n|\n|upkeep\n|\n|t:|1771152975\n|switch|p1a: Moltres|Moltres-Galar|83/100\n|turn|11\n|\n|t:|1771152992\n|move|p2b: Scizor|Protect|p2b: Scizor\n|-singleturn|p2b: Scizor|Protect\n|move|p1a: Moltres|Fiery Wrath|p2a: Chandelure|[spread] p2a\n|-activate|p2b: Scizor|move: Protect\n|-supereffective|p2a: Chandelure\n|-damage|p2a: Chandelure|26/100\n|move|p1b: Incineroar|Flare Blitz|p2b: Scizor\n|-activate|p2b: Scizor|move: Protect\n|cant|p2a: Chandelure|flinch\n|\n|-heal|p1a: Moltres|89/100|[from] item: Leftovers\n|upkeep\n|turn|12\n|-message|qwqwwqqwwq forfeited.\n|\n|win|ultimathrash\n|raw|ultimathrash's rating: 1660 &rarr; <strong>1680</strong><br />(+20 for winning)\n|raw|qwqwwqqwwq's rating: 1655 &rarr; <strong>1635</strong><br />(-20 for losing)\n|l|☆qwqwwqqwwq\n|player|p2|\n|l|‽ultimathrash\n|player|p1|\n", "uploadtime": 1771153302, "views": 11, "formatid": "gen9doublesou", "rating": 1635, "private": 0, "password": null}