{"id": "gen9doublesou-2540071717", "format": "[Gen 9] Doubles OU", "players": ["StellaStar", "Jogachi"], "log": "|j|☆StellaStar\n|j|☆Jogachi\n|t:|1771156762\n|gametype|doubles\n|player|p1|StellaStar|169|1527\n|player|p2|Jogachi|2|1591\n|gen|9\n|tier|[Gen 9] Doubles OU\n|rated|\n|rule|HP Percentage Mod: HP is shown in percentages\n|rule|Endless Battle Clause: Forcing endless battles is banned\n|rule|Species Clause: Limit one of each Pokémon\n|rule|OHKO Clause: OHKO moves are banned\n|rule|Evasion Moves Clause: Evasion moves are banned\n|rule|Gravity Sleep Clause: The combination of sleep-inducing moves with imperfect accuracy and Gravity or Gigantamax Orbeetle are banned\n|rule|Evasion Abilities Clause: Evasion abilities are banned\n|clearpoke\n|poke|p1|Sinistcha-Masterpiece|\n|poke|p1|Iron Hands|\n|poke|p1|Oranguru, M|\n|poke|p1|Hatterene, F|\n|poke|p1|Ursaluna-Bloodmoon, M|\n|poke|p1|Kingambit, F|\n|poke|p2|Dudunsparce-*, F|\n|poke|p2|Maushold-Four|\n|poke|p2|Armarouge, M|\n|poke|p2|Sinistcha-Masterpiece|\n|poke|p2|Toxtricity, M|\n|poke|p2|Mew|\n|teampreview\n|inactive|Battle timer is ON: inactive players will automatically lose when time's up. (requested by Jogachi)\n|\n|t:|1771156780\n|teamsize|p1|6\n|teamsize|p2|6\n|start\n|switch|p1a: Oranguru|Oranguru, M, shiny|100/100\n|switch|p1b: Iron Hands|Iron Hands, shiny|100/100\n|switch|p2a: Dudunsparce|Dudunsparce-Three-Segment, F|100/100\n|switch|p2b: Maushold|Maushold-Four|100/100\n|-enditem|p1b: Iron Hands|Booster Energy\n|-activate|p1b: Iron Hands|ability: Quark Drive|[fromitem]\n|-start|p1b: Iron Hands|quarkdriveatk\n|turn|1\n|\n|t:|1771156792\n|-terastallize|p2a: Dudunsparce|Ghost\n|move|p1b: Iron Hands|Fake Out|p2b: Maushold\n|-damage|p2b: Maushold|74/100\n|move|p2b: Maushold|Beat Up|p2a: Dudunsparce\n|-supereffective|p2a: Dudunsparce\n|-crit|p2a: Dudunsparce\n|-damage|p2a: Dudunsparce|97/100\n|-ability|p2a: Dudunsparce|Rattled|boost\n|-boost|p2a: Dudunsparce|spe|1\n|-enditem|p2a: Dudunsparce|Weakness Policy\n|-boost|p2a: Dudunsparce|atk|2|[from] item: Weakness Policy\n|-boost|p2a: Dudunsparce|spa|2|[from] item: Weakness Policy\n|-supereffective|p2a: Dudunsparce\n|-damage|p2a: Dudunsparce|95/100\n|-ability|p2a: Dudunsparce|Rattled|boost\n|-boost|p2a: Dudunsparce|spe|1\n|-supereffective|p2a: Dudunsparce\n|-damage|p2a: Dudunsparce|93/100\n|-ability|p2a: Dudunsparce|Rattled|boost\n|-boost|p2a: Dudunsparce|spe|1\n|-supereffective|p2a: Dudunsparce\n|-damage|p2a: Dudunsparce|91/100\n|-ability|p2a: Dudunsparce|Rattled|boost\n|-boost|p2a: Dudunsparce|spe|1\n|-supereffective|p2a: Dudunsparce\n|-damage|p2a: Dudunsparce|89/100\n|-ability|p2a: Dudunsparce|Rattled|boost\n|-boost|p2a: Dudunsparce|spe|1\n|-supereffective|p2a: Dudunsparce\n|-damage|p2a: Dudunsparce|87/100\n|-ability|p2a: Dudunsparce|Rattled|boost\n|-boost|p2a: Dudunsparce|spe|1\n|-hitcount|p2a: Dudunsparce|6\n|move|p2a: Dudunsparce|Calm Mind|p2a: Dudunsparce\n|-boost|p2a: Dudunsparce|spa|1\n|-boost|p2a: Dudunsparce|spd|1\n|move|p1a: Oranguru|Trick Room|p1a: Oranguru\n|-fieldstart|move: Trick Room|[of] p1a: Oranguru\n|\n|upkeep\n|turn|2\n|inactive|Jogachi has 120 seconds left.\n|\n|t:|1771156825\n|move|p2b: Maushold|Follow Me|p2b: Maushold\n|-singleturn|p2b: Maushold|move: Follow Me\n|move|p1b: Iron Hands|Close Combat|p2b: Maushold\n|-supereffective|p2b: Maushold\n|-damage|p2b: Maushold|0 fnt\n|-unboost|p1b: Iron Hands|def|1\n|-unboost|p1b: Iron Hands|spd|1\n|faint|p2b: Maushold\n|move|p1a: Oranguru|Encore|p2a: Dudunsparce\n|-start|p2a: Dudunsparce|Encore\n|move|p2a: Dudunsparce|Calm Mind|p2a: Dudunsparce\n|-boost|p2a: Dudunsparce|spa|1\n|-boost|p2a: Dudunsparce|spd|1\n|\n|upkeep\n|inactive|Jogachi has 120 seconds left.\n|\n|t:|1771156842\n|switch|p2b: Armarouge|Armarouge, M|100/100\n|turn|3\n|\n|t:|1771156848\n|move|p2b: Armarouge|Ally Switch|p2b: Armarouge\n|swap|p2b: Armarouge|0|[from] move: Ally Switch\n|move|p1b: Iron Hands|Supercell Slam|p2a: Armarouge\n|-damage|p2a: Armarouge|35/100\n|move|p1a: Oranguru|Instruct|p1b: Iron Hands\n|-singleturn|p1b: Iron Hands|move: Instruct|[of] p1a: Oranguru\n|move|p1b: Iron Hands|Supercell Slam|p2a: Armarouge\n|-damage|p2a: Armarouge|0 fnt\n|faint|p2a: Armarouge\n|move|p2b: Dudunsparce|Calm Mind|p2b: Dudunsparce\n|-boost|p2b: Dudunsparce|spa|1\n|-boost|p2b: Dudunsparce|spd|1\n|\n|upkeep\n|\n|t:|1771156861\n|switch|p2a: Sinistcha|Sinistcha-Masterpiece|100/100\n|-heal|p2b: Dudunsparce|100/100|[from] ability: Hospitality|[of] p2a: Sinistcha\n|turn|4\n|\n|t:|1771156887\n|move|p2a: Sinistcha|Rage Powder|p2a: Sinistcha\n|-singleturn|p2a: Sinistcha|move: Rage Powder\n|move|p1b: Iron Hands|Supercell Slam|p2a: Sinistcha\n|-resisted|p2a: Sinistcha\n|-damage|p2a: Sinistcha|66/100\n|move|p1a: Oranguru|Encore|p2a: Sinistcha\n|-start|p2a: Sinistcha|Encore\n|move|p2b: Dudunsparce|Calm Mind|p2b: Dudunsparce\n|-boost|p2b: Dudunsparce|spa|1\n|-boost|p2b: Dudunsparce|spd|1\n|\n|-end|p2b: Dudunsparce|Encore\n|upkeep\n|turn|5\n|\n|t:|1771156908\n|move|p2a: Sinistcha|Rage Powder|p2a: Sinistcha\n|-singleturn|p2a: Sinistcha|move: Rage Powder\n|move|p1b: Iron Hands|Play Rough|p2a: Sinistcha\n|-damage|p2a: Sinistcha|21/100\n|move|p1a: Oranguru|Instruct|p2a: Sinistcha\n|-singleturn|p2a: Sinistcha|move: Instruct|[of] p1a: Oranguru\n|move|p2a: Sinistcha|Rage Powder||[still]\n|-fail|p2a: Sinistcha\n|move|p2b: Dudunsparce|Baton Pass|p2b: Dudunsparce\n|\n|t:|1771156918\n|switch|p2b: Toxtricity|Toxtricity, M|100/100|[from] Baton Pass\n|\n|-fieldend|move: Trick Room\n|upkeep\n|turn|6\n|\n|t:|1771156939\n|-end|p1b: Iron Hands|Quark Drive|[silent]\n|switch|p1b: Hatterene|Hatterene, F, shiny|100/100\n|move|p2a: Sinistcha|Rage Powder|p2a: Sinistcha\n|-singleturn|p2a: Sinistcha|move: Rage Powder\n|move|p2b: Toxtricity|Overdrive|p1b: Hatterene|[spread] p1a,p1b\n|-damage|p1a: Oranguru|0 fnt\n|-damage|p1b: Hatterene|0 fnt\n|faint|p1a: Oranguru\n|faint|p1b: Hatterene\n|-enditem|p2b: Toxtricity|Throat Spray\n|-boost|p2b: Toxtricity|spa|0\n|\n|upkeep\n|\n|t:|1771156953\n|switch|p1a: Iron Hands|Iron Hands, shiny|100/100\n|switch|p1b: Sinistcha|Sinistcha-Masterpiece, shiny|100/100\n|turn|7\n|\n|t:|1771156982\n|switch|p2a: Mew|Mew|100/100\n|move|p1a: Iron Hands|Fake Out|p2b: Toxtricity\n|-damage|p2b: Toxtricity|80/100\n|cant|p2b: Toxtricity|flinch\n|move|p1b: Sinistcha|Trick Room|p1b: Sinistcha\n|-fieldstart|move: Trick Room|[of] p1b: Sinistcha\n|\n|upkeep\n|turn|8\n|\n|t:|1771156998\n|move|p2b: Toxtricity|Protect|p2b: Toxtricity\n|-singleturn|p2b: Toxtricity|Protect\n|move|p1a: Iron Hands|Supercell Slam|p2b: Toxtricity\n|-activate|p2b: Toxtricity|move: Protect\n|-damage|p1a: Iron Hands|51/100|[from] supercellslam\n|move|p1b: Sinistcha|Shadow Ball|p2b: Toxtricity\n|-activate|p2b: Toxtricity|move: Protect\n|move|p2a: Mew|Trick Room|p2a: Mew\n|-fieldend|move: Trick Room\n|\n|upkeep\n|turn|9\n|\n|t:|1771157011\n|switch|p1b: Kingambit|Kingambit, F|100/100\n|-end|p1a: Iron Hands|Quark Drive|[silent]\n|switch|p1a: Ursaluna|Ursaluna-Bloodmoon, M|100/100\n|move|p2b: Toxtricity|Stored Power|p1a: Ursaluna\n|-damage|p1a: Ursaluna|0 fnt\n|faint|p1a: Ursaluna\n|move|p2a: Mew|Imprison|p2a: Mew\n|-start|p2a: Mew|move: Imprison\n|\n|upkeep\n|-message|StellaStar forfeited.\n|\n|win|Jogachi\n|raw|StellaStar's rating: 1527 &rarr; <strong>1511</strong><br />(-16 for losing)\n|raw|Jogachi's rating: 1591 &rarr; <strong>1607</strong><br />(+16 for winning)\n|l|☆StellaStar\n|player|p1|\n|l|☆Jogachi\n|player|p2|\n", "uploadtime": 1771157374, "views": 13, "formatid": "gen9doublesou", "rating": 1511, "private": 0, "password": null}