{"id": "gen9doublesou-2540929942", "format": "[Gen 9] Doubles OU", "players": ["Rogue Citrus", "jwespen"], "log": "|j|☆Rogue Citrus\n|j|☆jwespen\n|t:|1771268186\n|gametype|doubles\n|player|p1|Rogue Citrus|policeman-gen4|1632\n|player|p2|jwespen|169|1678\n|gen|9\n|tier|[Gen 9] Doubles OU\n|rated|\n|rule|HP Percentage Mod: HP is shown in percentages\n|rule|Endless Battle Clause: Forcing endless battles is banned\n|rule|Species Clause: Limit one of each Pokémon\n|rule|OHKO Clause: OHKO moves are banned\n|rule|Evasion Moves Clause: Evasion moves are banned\n|rule|Gravity Sleep Clause: The combination of sleep-inducing moves with imperfect accuracy and Gravity or Gigantamax Orbeetle are banned\n|rule|Evasion Abilities Clause: Evasion abilities are banned\n|clearpoke\n|poke|p1|Tornadus, M|\n|poke|p1|Walking Wake|\n|poke|p1|Ursaluna-Bloodmoon, M|\n|poke|p1|Iron Hands|\n|poke|p1|Chien-Pao|\n|poke|p1|Whimsicott, F|\n|poke|p2|Kilowattrel, F|\n|poke|p2|Garchomp, M|\n|poke|p2|Ninetales-Alola, M|\n|poke|p2|Rotom-Frost|\n|poke|p2|Torterra, M|\n|poke|p2|Landorus-Therian, M|\n|teampreview\n|inactive|Battle timer is ON: inactive players will automatically lose when time's up. (requested by jwespen)\n|\n|t:|1771268209\n|teamsize|p1|6\n|teamsize|p2|6\n|start\n|switch|p1a: Whimsicott|Whimsicott, F|100/100\n|switch|p1b: Walking Wake|Walking Wake|100/100\n|switch|p2a: Ninetales|Ninetales-Alola, M|100/100\n|switch|p2b: Kilowattrel|Kilowattrel, F|100/100\n|-weather|Snowscape|[from] ability: Snow Warning|[of] p2a: Ninetales\n|turn|1\n|\n|t:|1771268237\n|move|p1a: Whimsicott|Sunny Day|p1a: Whimsicott\n|-weather|SunnyDay\n|-activate|p1b: Walking Wake|ability: Protosynthesis\n|-start|p1b: Walking Wake|protosynthesisspa\n|move|p2b: Kilowattrel|Air Slash|p1a: Whimsicott\n|-supereffective|p1a: Whimsicott\n|-damage|p1a: Whimsicott|30/100\n|move|p1b: Walking Wake|Hydro Steam|p2b: Kilowattrel\n|-enditem|p2b: Kilowattrel|Focus Sash\n|-damage|p2b: Kilowattrel|1/100\n|move|p2a: Ninetales|Moonblast|p1b: Walking Wake\n|-supereffective|p1b: Walking Wake\n|-damage|p1b: Walking Wake|43/100\n|-unboost|p1b: Walking Wake|spa|1\n|\n|-weather|SunnyDay|[upkeep]\n|upkeep\n|turn|2\n|inactive|jwespen has 120 seconds left.\n|\n|t:|1771268276\n|move|p2b: Kilowattrel|Protect|p2b: Kilowattrel\n|-singleturn|p2b: Kilowattrel|Protect\n|move|p1a: Whimsicott|Tailwind|p1a: Whimsicott\n|-sidestart|p1: Rogue Citrus|move: Tailwind\n|move|p1b: Walking Wake|Hydro Steam|p2b: Kilowattrel\n|-activate|p2b: Kilowattrel|move: Protect\n|move|p2a: Ninetales|Moonblast|p1b: Walking Wake\n|-supereffective|p1b: Walking Wake\n|-damage|p1b: Walking Wake|0 fnt\n|faint|p1b: Walking Wake\n|-end|p1b: Walking Wake|Protosynthesis|[silent]\n|\n|-weather|SunnyDay|[upkeep]\n|upkeep\n|\n|t:|1771268290\n|switch|p1b: Ursaluna|Ursaluna-Bloodmoon, M|100/100\n|turn|3\n|\n|t:|1771268300\n|-terastallize|p1b: Ursaluna|Normal\n|move|p2a: Ninetales|Protect|p2a: Ninetales\n|-singleturn|p2a: Ninetales|Protect\n|move|p1a: Whimsicott|Giga Drain|p2a: Ninetales\n|-activate|p2a: Ninetales|move: Protect\n|move|p1b: Ursaluna|Hyper Voice|p2a: Ninetales|[spread] p2b\n|-activate|p2a: Ninetales|move: Protect\n|-damage|p2b: Kilowattrel|0 fnt\n|faint|p2b: Kilowattrel\n|\n|-weather|SunnyDay|[upkeep]\n|upkeep\n|inactive|jwespen has 120 seconds left.\n|\n|t:|1771268343\n|switch|p2b: Torterra|Torterra, M|100/100\n|turn|4\n|inactive|jwespen has 120 seconds left.\n|\n|t:|1771268364\n|switch|p2a: Garchomp|Garchomp, M|100/100\n|move|p2b: Torterra|Wide Guard|p2b: Torterra\n|-singleturn|p2b: Torterra|Wide Guard\n|move|p1a: Whimsicott|Giga Drain|p2b: Torterra\n|-damage|p2b: Torterra|85/100\n|-heal|p1a: Whimsicott|39/100|[from] drain|[of] p2b: Torterra\n|move|p1b: Ursaluna|Hyper Voice|p2a: Garchomp|[spread] \n|-activate|p2a: Garchomp|move: Wide Guard\n|-activate|p2b: Torterra|move: Wide Guard\n|\n|-weather|SunnyDay|[upkeep]\n|upkeep\n|turn|5\n|inactive|jwespen has 120 seconds left.\n|\n|t:|1771268387\n|move|p1a: Whimsicott|Taunt|p2b: Torterra\n|-start|p2b: Torterra|move: Taunt\n|move|p1b: Ursaluna|Hyper Voice|p2a: Garchomp|[spread] p2a,p2b\n|-damage|p2a: Garchomp|26/100\n|-damage|p2b: Torterra|37/100\n|-enditem|p2b: Torterra|Sitrus Berry|[eat]\n|-heal|p2b: Torterra|62/100|[from] item: Sitrus Berry\n|move|p2a: Garchomp|Swords Dance|p2a: Garchomp\n|-boost|p2a: Garchomp|atk|2\n|move|p2b: Torterra|High Horsepower|p1b: Ursaluna\n|-damage|p1b: Ursaluna|70/100\n|\n|-weather|none\n|-heal|p2a: Garchomp|32/100|[from] item: Leftovers\n|-sideend|p1: Rogue Citrus|move: Tailwind\n|upkeep\n|turn|6\n|inactive|jwespen has 120 seconds left.\n|\n|t:|1771268413\n|switch|p2b: Landorus|Landorus-Therian, M|100/100\n|-ability|p2b: Landorus|Intimidate|boost\n|-unboost|p1a: Whimsicott|atk|1\n|-unboost|p1b: Ursaluna|atk|1\n|move|p2a: Garchomp|Protect|p2a: Garchomp\n|-singleturn|p2a: Garchomp|Protect\n|move|p1a: Whimsicott|Tailwind|p1a: Whimsicott\n|-sidestart|p1: Rogue Citrus|move: Tailwind\n|move|p1b: Ursaluna|Hyper Voice|p2a: Garchomp|[spread] p2b\n|-activate|p2a: Garchomp|move: Protect\n|-damage|p2b: Landorus|10/100\n|\n|-heal|p2a: Garchomp|38/100|[from] item: Leftovers\n|upkeep\n|turn|7\n|inactive|jwespen has 120 seconds left.\n|\n|t:|1771268445\n|-terastallize|p2a: Garchomp|Steel\n|move|p1a: Whimsicott|Giga Drain|p2a: Garchomp\n|-resisted|p2a: Garchomp\n|-damage|p2a: Garchomp|28/100\n|-heal|p1a: Whimsicott|46/100|[from] drain|[of] p2a: Garchomp\n|move|p1b: Ursaluna|Hyper Voice|p2a: Garchomp|[spread] p2a,p2b\n|-resisted|p2a: Garchomp\n|-damage|p2a: Garchomp|0 fnt\n|-damage|p2b: Landorus|0 fnt\n|faint|p2a: Garchomp\n|faint|p2b: Landorus\n|\n|upkeep\n|\n|t:|1771268459\n|switch|p2a: Ninetales|Ninetales-Alola, M|100/100\n|switch|p2b: Torterra|Torterra, M|62/100\n|-weather|Snowscape|[from] ability: Snow Warning|[of] p2a: Ninetales\n|turn|8\n|\n|t:|1771268475\n|move|p2b: Torterra|Wide Guard|p2b: Torterra\n|-singleturn|p2b: Torterra|Wide Guard\n|move|p1a: Whimsicott|Taunt|p2b: Torterra\n|-start|p2b: Torterra|move: Taunt\n|move|p1b: Ursaluna|Hyper Voice|p2b: Torterra|[spread] \n|-activate|p2a: Ninetales|move: Wide Guard\n|-activate|p2b: Torterra|move: Wide Guard\n|move|p2a: Ninetales|Aurora Veil|p2a: Ninetales\n|-sidestart|p2: jwespen|move: Aurora Veil\n|\n|-weather|Snowscape|[upkeep]\n|upkeep\n|turn|9\n|\n|t:|1771268503\n|move|p1a: Whimsicott|Taunt|p2a: Ninetales\n|-start|p2a: Ninetales|move: Taunt\n|move|p1b: Ursaluna|Hyper Voice|p2a: Ninetales|[spread] p2a,p2b\n|-damage|p2a: Ninetales|56/100\n|-damage|p2b: Torterra|26/100\n|move|p2a: Ninetales|Blizzard|p1b: Ursaluna|[spread] p1a,p1b\n|-supereffective|p1a: Whimsicott\n|-damage|p1a: Whimsicott|0 fnt\n|-damage|p1b: Ursaluna|31/100\n|faint|p1a: Whimsicott\n|move|p2b: Torterra|Seed Bomb|p1b: Ursaluna\n|-damage|p1b: Ursaluna|8/100\n|\n|-weather|Snowscape|[upkeep]\n|-sideend|p1: Rogue Citrus|move: Tailwind\n|upkeep\n|inactive|Rogue Citrus has 120 seconds left.\n|\n|t:|1771268519\n|switch|p1a: Tornadus|Tornadus, M|100/100\n|turn|10\n|\n|t:|1771268525\n|switch|p2b: Rotom|Rotom-Frost|100/100\n|move|p1a: Tornadus|Tailwind|p1a: Tornadus\n|-sidestart|p1: Rogue Citrus|move: Tailwind\n|move|p1b: Ursaluna|Hyper Voice|p2b: Rotom|[spread] p2a,p2b\n|-damage|p2a: Ninetales|10/100\n|-damage|p2b: Rotom|43/100\n|move|p2a: Ninetales|Blizzard|p1b: Ursaluna|[spread] p1a,p1b\n|-supereffective|p1a: Tornadus\n|-damage|p1a: Tornadus|44/100\n|-damage|p1b: Ursaluna|0 fnt\n|faint|p1b: Ursaluna\n|\n|-weather|Snowscape|[upkeep]\n|-heal|p1a: Tornadus|50/100|[from] item: Leftovers\n|upkeep\n|\n|t:|1771268542\n|switch|p1b: Iron Hands|Iron Hands|100/100\n|turn|11\n|\n|t:|1771268560\n|move|p1a: Tornadus|Sunny Day|p1a: Tornadus\n|-weather|SunnyDay\n|move|p1b: Iron Hands|Drain Punch|p2b: Rotom\n|-supereffective|p2b: Rotom\n|-damage|p2b: Rotom|0 fnt\n|faint|p2b: Rotom\n|move|p2a: Ninetales|Moonblast|p1b: Iron Hands\n|-supereffective|p1b: Iron Hands\n|-damage|p1b: Iron Hands|57/100\n|-unboost|p1b: Iron Hands|spa|1\n|\n|-weather|SunnyDay|[upkeep]\n|-heal|p1a: Tornadus|56/100|[from] item: Leftovers\n|-end|p2a: Ninetales|move: Taunt\n|upkeep\n|\n|t:|1771268573\n|switch|p2b: Torterra|Torterra, M|26/100\n|turn|12\n|\n|t:|1771268588\n|move|p1a: Tornadus|Foul Play|p2b: Torterra\n|-damage|p2b: Torterra|12/100\n|move|p1b: Iron Hands|Drain Punch|p2a: Ninetales\n|-damage|p2a: Ninetales|0 fnt\n|-heal|p1b: Iron Hands|60/100|[from] drain|[of] p2a: Ninetales\n|faint|p2a: Ninetales\n|move|p2b: Torterra|Synthesis|p2b: Torterra\n|-heal|p2b: Torterra|79/100\n|\n|-weather|SunnyDay|[upkeep]\n|-heal|p1a: Tornadus|62/100|[from] item: Leftovers\n|-sideend|p2: jwespen|move: Aurora Veil\n|upkeep\n|turn|13\n|\n|t:|1771268607\n|move|p1a: Tornadus|Taunt|p2b: Torterra\n|-start|p2b: Torterra|move: Taunt\n|move|p1b: Iron Hands|Drain Punch|p2b: Torterra\n|-damage|p2b: Torterra|49/100\n|-heal|p1b: Iron Hands|73/100|[from] drain|[of] p2b: Torterra\n|move|p2b: Torterra|High Horsepower|p1b: Iron Hands|[miss]\n|-miss|p2b: Torterra|p1b: Iron Hands\n|\n|-weather|SunnyDay|[upkeep]\n|-heal|p1a: Tornadus|68/100|[from] item: Leftovers\n|-sideend|p1: Rogue Citrus|move: Tailwind\n|upkeep\n|turn|14\n|-message|jwespen forfeited.\n|\n|win|Rogue Citrus\n|raw|Rogue Citrus's rating: 1632 &rarr; <strong>1655</strong><br />(+23 for winning)\n|raw|jwespen's rating: 1678 &rarr; <strong>1655</strong><br />(-23 for losing)\n|l|☆jwespen\n|player|p2|\n|l|☆Rogue Citrus\n|player|p1|\n", "uploadtime": 1771268783, "views": 1, "formatid": "gen9doublesou", "rating": 1655, "private": 0, "password": null}