{"id": "gen9doublesou-2540651100", "format": "[Gen 9] Doubles OU", "players": ["Kyyper", "enexis"], "log": "|j|☆Kyyper\n|j|☆enexis\n|t:|1771234297\n|gametype|doubles\n|player|p1|Kyyper|cheren-gen5bw2|1558\n|player|p2|enexis|2|1593\n|gen|9\n|tier|[Gen 9] Doubles OU\n|rated|\n|rule|HP Percentage Mod: HP is shown in percentages\n|rule|Endless Battle Clause: Forcing endless battles is banned\n|rule|Species Clause: Limit one of each Pokémon\n|rule|OHKO Clause: OHKO moves are banned\n|rule|Evasion Moves Clause: Evasion moves are banned\n|rule|Gravity Sleep Clause: The combination of sleep-inducing moves with imperfect accuracy and Gravity or Gigantamax Orbeetle are banned\n|rule|Evasion Abilities Clause: Evasion abilities are banned\n|clearpoke\n|poke|p1|Torkoal, M|\n|poke|p1|Charizard, F|\n|poke|p1|Indeedee-F, F|\n|poke|p1|Walking Wake|\n|poke|p1|Armarouge, F|\n|poke|p1|Lilligant-Hisui, F|\n|poke|p2|Grimmsnarl, M|\n|poke|p2|Sneasler, F|\n|poke|p2|Milotic, F|\n|poke|p2|Pelipper, F|\n|poke|p2|Bruxish, M|\n|poke|p2|Kilowattrel, F|\n|teampreview\n|inactive|Battle timer is ON: inactive players will automatically lose when time's up. (requested by enexis)\n|c|☆enexis|gl\n|\n|t:|1771234320\n|teamsize|p1|6\n|teamsize|p2|6\n|start\n|switch|p1a: Mimir|Indeedee-F, F|100/100\n|switch|p1b: Golden child|Charizard, F|100/100\n|switch|p2a: Grimmsnarl|Grimmsnarl, M|100/100\n|switch|p2b: Sneasler|Sneasler, F|100/100\n|-fieldstart|move: Psychic Terrain|[from] ability: Psychic Surge|[of] p1a: Mimir\n|turn|1\n|c|☆Kyyper|U2\n|\n|t:|1771234342\n|move|p1a: Mimir|Helping Hand|p1b: Golden child\n|-singleturn|p1b: Golden child|Helping Hand|[of] p1a: Mimir\n|move|p2a: Grimmsnarl|Swagger|p1b: Golden child\n|-boost|p1b: Golden child|atk|2\n|-start|p1b: Golden child|confusion\n|-enditem|p2b: Sneasler|Mirror Herb\n|-boost|p2b: Sneasler|atk|2|[from] item: Mirror Herb\n|-enditem|p2a: Grimmsnarl|Mirror Herb\n|-boost|p2a: Grimmsnarl|atk|2|[from] item: Mirror Herb\n|move|p2b: Sneasler|Close Combat|p1a: Mimir\n|-damage|p1a: Mimir|0 fnt\n|-unboost|p2b: Sneasler|def|1\n|-unboost|p2b: Sneasler|spd|1\n|-damage|p2b: Sneasler|84/100|[from] item: Rocky Helmet|[of] p1a: Mimir\n|faint|p1a: Mimir\n|-activate|p1b: Golden child|confusion\n|-damage|p1b: Golden child|84/100|[from] confusion\n|\n|upkeep\n|inactive|Kyyper has 120 seconds left.\n|c|☆Kyyper|Sigh\n|\n|t:|1771234369\n|switch|p1a: Wales|Walking Wake|100/100\n|-enditem|p1a: Wales|Booster Energy\n|-activate|p1a: Wales|ability: Protosynthesis|[fromitem]\n|-start|p1a: Wales|protosynthesisspe\n|turn|2\n|\n|t:|1771234380\n|move|p2a: Grimmsnarl|Sucker Punch|p1b: Golden child\n|-hint|Psychic Terrain doesn't affect Pokémon immune to Ground.\n|-damage|p1b: Golden child|0 fnt\n|faint|p1b: Golden child\n|move|p2b: Sneasler|Close Combat|p1a: Wales\n|-damage|p1a: Wales|0 fnt\n|-unboost|p2b: Sneasler|def|1\n|-unboost|p2b: Sneasler|spd|1\n|faint|p1a: Wales\n|-end|p1a: Wales|Protosynthesis|[silent]\n|\n|upkeep\n|inactive|Kyyper has 120 seconds left.\n|\n|t:|1771234392\n|switch|p1a: Walter|Torkoal, M|100/100\n|switch|p1b: Maligna|Lilligant-Hisui, F|100/100\n|-weather|SunnyDay|[from] ability: Drought|[of] p1a: Walter\n|turn|3\n|\n|t:|1771234414\n|move|p2b: Sneasler|Close Combat|p1a: Walter\n|-damage|p1a: Walter|12/100\n|-unboost|p2b: Sneasler|def|1\n|-unboost|p2b: Sneasler|spd|1\n|move|p1b: Maligna|Sleep Powder|p2a: Grimmsnarl\n|-status|p2a: Grimmsnarl|slp|[from] move: Sleep Powder\n|cant|p2a: Grimmsnarl|slp\n|move|p1a: Walter|Heat Wave|p2b: Sneasler|[spread] p2a,p2b\n|-damage|p2a: Grimmsnarl|38/100 slp\n|-damage|p2b: Sneasler|0 fnt\n|faint|p2b: Sneasler\n|\n|-weather|SunnyDay|[upkeep]\n|upkeep\n|\n|t:|1771234422\n|switch|p2b: Pelipper|Pelipper, F|100/100\n|-weather|RainDance|[from] ability: Drizzle|[of] p2b: Pelipper\n|turn|4\n|\n|t:|1771234436\n|move|p1b: Maligna|Sleep Powder|p2b: Pelipper\n|-status|p2b: Pelipper|slp|[from] move: Sleep Powder\n|cant|p2b: Pelipper|slp\n|cant|p2a: Grimmsnarl|slp\n|move|p1a: Walter|Heat Wave|p2b: Pelipper|[spread] p2a,p2b\n|-resisted|p2b: Pelipper\n|-damage|p2a: Grimmsnarl|16/100 slp\n|-damage|p2b: Pelipper|87/100 slp\n|\n|-weather|RainDance|[upkeep]\n|upkeep\n|turn|5\n|\n|t:|1771234452\n|switch|p1a: Crestest|Armarouge, F|100/100\n|move|p1b: Maligna|Close Combat|p2a: Grimmsnarl\n|-damage|p2a: Grimmsnarl|0 fnt\n|-unboost|p1b: Maligna|def|1\n|-unboost|p1b: Maligna|spd|1\n|faint|p2a: Grimmsnarl\n|cant|p2b: Pelipper|slp\n|\n|-weather|RainDance|[upkeep]\n|-fieldend|move: Psychic Terrain\n|upkeep\n|\n|t:|1771234458\n|switch|p2a: Kilowattrel|Kilowattrel, F|100/100\n|turn|6\n|\n|t:|1771234473\n|switch|p1a: Walter|Torkoal, M|12/100\n|-weather|SunnyDay|[from] ability: Drought|[of] p1a: Walter\n|move|p1b: Maligna|Sleep Powder|p2a: Kilowattrel\n|-status|p2a: Kilowattrel|slp|[from] move: Sleep Powder\n|cant|p2a: Kilowattrel|slp\n|-curestatus|p2b: Pelipper|slp|[msg]\n|move|p2b: Pelipper|Hurricane|p1b: Maligna\n|-supereffective|p1b: Maligna\n|-enditem|p1b: Maligna|Focus Sash\n|-damage|p1b: Maligna|1/100\n|\n|-weather|SunnyDay|[upkeep]\n|upkeep\n|turn|7\n|\n|t:|1771234490\n|switch|p2a: Milotic|Milotic, F|100/100\n|switch|p2b: Bruxish|Bruxish, M|100/100\n|move|p1b: Maligna|Solar Blade||[still]\n|-prepare|p1b: Maligna|Solar Blade\n|-anim|p1b: Maligna|Solar Blade|p2b: Bruxish\n|-supereffective|p2b: Bruxish\n|-enditem|p2b: Bruxish|Focus Sash\n|-damage|p2b: Bruxish|1/100\n|move|p1a: Walter|Heat Wave|p2b: Bruxish|[spread] p2a,p2b\n|-resisted|p2a: Milotic\n|-resisted|p2b: Bruxish\n|-damage|p2a: Milotic|77/100\n|-damage|p2b: Bruxish|0 fnt\n|faint|p2b: Bruxish\n|\n|-weather|SunnyDay|[upkeep]\n|upkeep\n|\n|t:|1771234492\n|switch|p2b: Pelipper|Pelipper, F|87/100\n|-weather|RainDance|[from] ability: Drizzle|[of] p2b: Pelipper\n|turn|8\n|\n|t:|1771234518\n|switch|p1a: Crestest|Armarouge, F|100/100\n|move|p1b: Maligna|Sleep Powder|p2a: Milotic\n|-status|p2a: Milotic|slp|[from] move: Sleep Powder\n|cant|p2a: Milotic|slp\n|move|p2b: Pelipper|Weather Ball|p1b: Maligna\n|-resisted|p1b: Maligna\n|-damage|p1b: Maligna|0 fnt\n|faint|p1b: Maligna\n|\n|-weather|RainDance|[upkeep]\n|upkeep\n|inactive|Kyyper has 120 seconds left.\n|\n|t:|1771234529\n|switch|p1b: Walter|Torkoal, M|12/100\n|-weather|SunnyDay|[from] ability: Drought|[of] p1b: Walter\n|turn|9\n|\n|t:|1771234541\n|switch|p2b: Kilowattrel|Kilowattrel, F|100/100 slp\n|-curestatus|p2a: Milotic|slp|[msg]\n|move|p2a: Milotic|Protect|p2a: Milotic\n|-singleturn|p2a: Milotic|Protect\n|move|p1b: Walter|Solar Beam||[still]\n|-prepare|p1b: Walter|Solar Beam\n|-anim|p1b: Walter|Solar Beam|p2a: Milotic\n|-activate|p2a: Milotic|move: Protect\n|move|p1a: Crestest|Trick Room|p1a: Crestest\n|-fieldstart|move: Trick Room|[of] p1a: Crestest\n|\n|-weather|SunnyDay|[upkeep]\n|upkeep\n|turn|10\n|\n|t:|1771234557\n|switch|p2b: Pelipper|Pelipper, F|87/100\n|-weather|RainDance|[from] ability: Drizzle|[of] p2b: Pelipper\n|-terastallize|p1a: Crestest|Grass\n|move|p1b: Walter|Solar Beam||[still]\n|-prepare|p1b: Walter|Solar Beam\n|move|p1a: Crestest|Heat Wave|p2a: Milotic|[spread] p2a,p2b\n|-resisted|p2a: Milotic\n|-resisted|p2b: Pelipper\n|-damage|p2a: Milotic|66/100\n|-damage|p2b: Pelipper|66/100\n|-damage|p1a: Crestest|91/100|[from] item: Life Orb\n|move|p2a: Milotic|Muddy Water|p1a: Crestest|[spread] p1a\n|-miss|p2a: Milotic|p1b: Walter\n|-resisted|p1a: Crestest\n|-damage|p1a: Crestest|67/100\n|-unboost|p1a: Crestest|accuracy|1\n|\n|-weather|RainDance|[upkeep]\n|upkeep\n|turn|11\n|\n|t:|1771234573\n|move|p2a: Milotic|Protect|p2a: Milotic\n|-singleturn|p2a: Milotic|Protect\n|move|p1b: Walter|Solar Beam|p2a: Milotic|[from] lockedmove\n|-activate|p2a: Milotic|move: Protect\n|move|p1a: Crestest|Expanding Force|p2b: Pelipper|[miss]\n|-miss|p1a: Crestest|p2b: Pelipper\n|move|p2b: Pelipper|Hurricane|p1a: Crestest\n|-supereffective|p1a: Crestest\n|-damage|p1a: Crestest|0 fnt\n|faint|p1a: Crestest\n|\n|-weather|RainDance|[upkeep]\n|upkeep\n|turn|12\n|\n|t:|1771234584\n|move|p1b: Walter|Solar Beam||[still]\n|-prepare|p1b: Walter|Solar Beam\n|move|p2b: Pelipper|Weather Ball|p1b: Walter\n|-supereffective|p1b: Walter\n|-damage|p1b: Walter|0 fnt\n|faint|p1b: Walter\n|\n|win|enexis\n|raw|Kyyper's rating: 1558 &rarr; <strong>1540</strong><br />(-18 for losing)\n|raw|enexis's rating: 1593 &rarr; <strong>1611</strong><br />(+18 for winning)\n|l|☆Kyyper\n|player|p1|\n|c|☆enexis|gg\n|l|☆enexis\n|player|p2|\n", "uploadtime": 1771234862, "views": 12, "formatid": "gen9doublesou", "rating": 1540, "private": 0, "password": null}