{"id": "gen9doublesou-2540307823", "format": "[Gen 9] Doubles OU", "players": ["ilikelampent", "gil321"], "log": "|j|☆ilikelampent\n|j|☆gil321\n|t:|1771187033\n|gametype|doubles\n|player|p1|ilikelampent|roxie|1641\n|player|p2|gil321|rocketgrunt|1697\n|gen|9\n|tier|[Gen 9] Doubles OU\n|rated|\n|rule|HP Percentage Mod: HP is shown in percentages\n|rule|Endless Battle Clause: Forcing endless battles is banned\n|rule|Species Clause: Limit one of each Pokémon\n|rule|OHKO Clause: OHKO moves are banned\n|rule|Evasion Moves Clause: Evasion moves are banned\n|rule|Gravity Sleep Clause: The combination of sleep-inducing moves with imperfect accuracy and Gravity or Gigantamax Orbeetle are banned\n|rule|Evasion Abilities Clause: Evasion abilities are banned\n|clearpoke\n|poke|p1|Torkoal, F|\n|poke|p1|Lilligant-Hisui, F|\n|poke|p1|Walking Wake|\n|poke|p1|Gouging Fire|\n|poke|p1|Whimsicott, M|\n|poke|p1|Landorus-Therian, M|\n|poke|p2|Excadrill, F|\n|poke|p2|Chien-Pao|\n|poke|p2|Tyranitar, M|\n|poke|p2|Dragonite, F|\n|poke|p2|Amoonguss, M|\n|poke|p2|Landorus, M|\n|teampreview\n|inactive|Battle timer is ON: inactive players will automatically lose when time's up. (requested by gil321)\n|\n|t:|1771187051\n|teamsize|p1|6\n|teamsize|p2|6\n|start\n|switch|p1a: Walking Wake|Walking Wake|100/100\n|switch|p1b: Whimsicott|Whimsicott, M|100/100\n|switch|p2a: C. Ronaldo (C)|Dragonite, F|100/100\n|switch|p2b: Vini Jr|Chien-Pao|100/100\n|-ability|p2b: Vini Jr|Sword of Ruin\n|turn|1\n|\n|t:|1771187078\n|-terastallize|p1a: Walking Wake|Water\n|-terastallize|p2a: C. Ronaldo (C)|Normal\n|move|p2a: C. Ronaldo (C)|Extreme Speed|p1b: Whimsicott\n|-damage|p1b: Whimsicott|7/100\n|move|p1b: Whimsicott|Tailwind|p1b: Whimsicott\n|-sidestart|p1: ilikelampent|move: Tailwind\n|move|p1a: Walking Wake|Flamethrower|p2b: Vini Jr\n|-supereffective|p2b: Vini Jr\n|-enditem|p2b: Vini Jr|Focus Sash\n|-damage|p2b: Vini Jr|1/100\n|move|p2b: Vini Jr|Ice Spinner|p1a: Walking Wake\n|-resisted|p1a: Walking Wake\n|-damage|p1a: Walking Wake|72/100\n|\n|upkeep\n|turn|2\n|inactive|ilikelampent has 120 seconds left.\n|\n|t:|1771187120\n|switch|p1b: Landorus|Landorus-Therian, M|100/100\n|-ability|p1b: Landorus|Intimidate|boost\n|-fail|p2a: C. Ronaldo (C)|unboost|Attack|[from] ability: Inner Focus|[of] p2a: C. Ronaldo (C)\n|-unboost|p2b: Vini Jr|atk|1\n|move|p2b: Vini Jr|Protect|p2b: Vini Jr\n|-singleturn|p2b: Vini Jr|Protect\n|move|p2a: C. Ronaldo (C)|Extreme Speed|p1a: Walking Wake\n|-damage|p1a: Walking Wake|0 fnt\n|faint|p1a: Walking Wake\n|-end|p1a: Walking Wake|Protosynthesis|[silent]\n|\n|upkeep\n|inactive|ilikelampent has 90 seconds left.\n|\n|t:|1771187146\n|switch|p1a: Gouging Fire|Gouging Fire|100/100\n|turn|3\n|inactive|gil321 has 120 seconds left.\n|inactive|gil321 has 90 seconds left.\n|\n|t:|1771187218\n|switch|p2b: Amoonguss|Amoonguss, M|100/100\n|move|p1a: Gouging Fire|Burning Bulwark|p1a: Gouging Fire\n|-singleturn|p1a: Gouging Fire|move: Protect\n|move|p2a: C. Ronaldo (C)|Extreme Speed|p1b: Landorus\n|-damage|p1b: Landorus|35/100\n|move|p1b: Landorus|Rock Slide|p2b: Amoonguss|[spread] p2a,p2b\n|-crit|p2b: Amoonguss\n|-damage|p2a: C. Ronaldo (C)|80/100\n|-damage|p2b: Amoonguss|65/100\n|\n|-heal|p2b: Amoonguss|72/100|[from] item: Black Sludge\n|upkeep\n|turn|4\n|inactive|ilikelampent has 120 seconds left.\n|inactive|gil321 has 90 seconds left.\n|\n|t:|1771187243\n|switch|p2b: Van dijk|Tyranitar, M|100/100\n|-weather|Sandstorm|[from] ability: Sand Stream|[of] p2b: Van dijk\n|move|p2a: C. Ronaldo (C)|Extreme Speed|p1a: Gouging Fire\n|-damage|p1a: Gouging Fire|50/100\n|move|p1a: Gouging Fire|Flare Blitz|p2b: Van dijk\n|-resisted|p2b: Van dijk\n|-damage|p2b: Van dijk|83/100\n|-damage|p1a: Gouging Fire|44/100|[from] Recoil\n|move|p1b: Landorus|Rock Slide|p2a: C. Ronaldo (C)|[spread] p2a,p2b\n|-damage|p2a: C. Ronaldo (C)|61/100\n|-damage|p2b: Van dijk|70/100\n|\n|-weather|Sandstorm|[upkeep]\n|-damage|p1a: Gouging Fire|38/100|[from] Sandstorm\n|-damage|p2a: C. Ronaldo (C)|54/100|[from] Sandstorm\n|-heal|p1a: Gouging Fire|44/100|[from] item: Leftovers\n|-sideend|p1: ilikelampent|move: Tailwind\n|upkeep\n|turn|5\n|inactive|ilikelampent has 120 seconds left.\n|\n|t:|1771187263\n|switch|p2b: Amoonguss|Amoonguss, M|72/100\n|move|p1a: Gouging Fire|Burning Bulwark|p1a: Gouging Fire\n|-singleturn|p1a: Gouging Fire|move: Protect\n|move|p2a: C. Ronaldo (C)|Extreme Speed|p1b: Landorus\n|-damage|p1b: Landorus|0 fnt\n|faint|p1b: Landorus\n|\n|-weather|Sandstorm|[upkeep]\n|-damage|p1a: Gouging Fire|38/100|[from] Sandstorm\n|-damage|p2a: C. Ronaldo (C)|48/100|[from] Sandstorm\n|-damage|p2b: Amoonguss|65/100|[from] Sandstorm\n|-heal|p1a: Gouging Fire|44/100|[from] item: Leftovers\n|-heal|p2b: Amoonguss|72/100|[from] item: Black Sludge\n|upkeep\n|inactive|ilikelampent has 120 seconds left.\n|-message|ilikelampent forfeited.\n|\n|win|gil321\n|raw|ilikelampent's rating: 1641 &rarr; <strong>1624</strong><br />(-17 for losing)\n|raw|gil321's rating: 1697 &rarr; <strong>1714</strong><br />(+17 for winning)\n|l|☆ilikelampent\n|player|p1|\n|l|☆gil321\n|player|p2|\n", "uploadtime": 1771187496, "views": 11, "formatid": "gen9doublesou", "rating": 1624, "private": 0, "password": null}