{"id": "gen9doublesou-2540136815", "format": "[Gen 9] Doubles OU", "players": ["ustat", "Kyyper"], "log": "|badge|p2|bronze|gen9doublesou|100-8\n|uhtml|medal-msg|<div class=\"broadcast-blue\">Curious what those medals under the avatar are? PS now has Ladder Seasons! For more information, check out the <a href=\"https://www.smogon.com/forums/threads/3740067/\">thread on Smogon.</a></div>\n|j|☆ustat\n|j|☆Kyyper\n|t:|1771167147\n|gametype|doubles\n|player|p1|ustat|red|1633\n|player|p2|Kyyper|n-masters3|1723\n|gen|9\n|tier|[Gen 9] Doubles OU\n|rated|\n|rule|HP Percentage Mod: HP is shown in percentages\n|rule|Endless Battle Clause: Forcing endless battles is banned\n|rule|Species Clause: Limit one of each Pokémon\n|rule|OHKO Clause: OHKO moves are banned\n|rule|Evasion Moves Clause: Evasion moves are banned\n|rule|Gravity Sleep Clause: The combination of sleep-inducing moves with imperfect accuracy and Gravity or Gigantamax Orbeetle are banned\n|rule|Evasion Abilities Clause: Evasion abilities are banned\n|clearpoke\n|poke|p1|Regidrago|\n|poke|p1|Gholdengo|\n|poke|p1|Rillaboom, F|\n|poke|p1|Ribombee, M|\n|poke|p1|Chi-Yu|\n|poke|p1|Ogerpon-Wellspring, F|\n|poke|p2|Whimsicott, M|\n|poke|p2|Samurott-Hisui, F|\n|poke|p2|Chi-Yu|\n|poke|p2|Zapdos-Galar|\n|poke|p2|Farigiraf, M|\n|poke|p2|Kleavor, F|\n|teampreview\n|\n|t:|1771167176\n|teamsize|p1|6\n|teamsize|p2|6\n|start\n|switch|p1a: I will survive!|Ribombee, M|100/100\n|switch|p1b: Gholdengo|Gholdengo|100/100\n|switch|p2a: Mint|Whimsicott, M, shiny|100/100\n|switch|p2b: Skale|Kleavor, F, shiny|100/100\n|turn|1\n|\n|t:|1771167187\n|move|p2a: Mint|Tailwind|p2a: Mint\n|-sidestart|p2: Kyyper|move: Tailwind\n|move|p2b: Skale|Night Slash|p1b: Gholdengo\n|-supereffective|p1b: Gholdengo\n|-damage|p1b: Gholdengo|0 fnt\n|faint|p1b: Gholdengo\n|move|p1a: I will survive!|Tailwind|p1a: I will survive!\n|-sidestart|p1: ustat|move: Tailwind\n|\n|upkeep\n|\n|t:|1771167200\n|switch|p1b: Luck Charm|Chi-Yu|100/100\n|-ability|p1b: Luck Charm|Beads of Ruin\n|turn|2\n|\n|t:|1771167214\n|switch|p2b: Marley|Samurott-Hisui, F, shiny|100/100\n|move|p2a: Mint|Encore|p1a: I will survive!\n|-start|p1a: I will survive!|Encore\n|move|p1a: I will survive!|Tailwind||[still]\n|-fail|p1a: I will survive!\n|move|p1b: Luck Charm|Flamethrower|p2b: Marley\n|-resisted|p2b: Marley\n|-damage|p2b: Marley|71/100\n|-damage|p1b: Luck Charm|91/100|[from] item: Life Orb\n|\n|upkeep\n|turn|3\n|\n|t:|1771167234\n|switch|p1a: Rillaboom|Rillaboom, F|100/100\n|-fieldstart|move: Grassy Terrain|[from] ability: Grassy Surge|[of] p1a: Rillaboom\n|move|p1b: Luck Charm|Protect|p1b: Luck Charm\n|-singleturn|p1b: Luck Charm|Protect\n|move|p2a: Mint|Light Screen|p2a: Mint\n|-sidestart|p2: Kyyper|move: Light Screen\n|move|p2b: Marley|Sacred Sword|p1b: Luck Charm\n|-activate|p1b: Luck Charm|move: Protect\n|\n|-heal|p1b: Luck Charm|97/100|[from] Grassy Terrain\n|-heal|p2b: Marley|77/100|[from] Grassy Terrain\n|upkeep\n|turn|4\n|\n|t:|1771167253\n|switch|p2a: Chip|Farigiraf, M, shiny|100/100\n|move|p1a: Rillaboom|Fake Out||[still]\n|cant|p2a: Chip|ability: Armor Tail|Fake Out|[of] p1a: Rillaboom\n|move|p1b: Luck Charm|Flamethrower|p2a: Chip\n|-damage|p2a: Chip|49/100\n|-enditem|p2a: Chip|Sitrus Berry|[eat]\n|-heal|p2a: Chip|74/100|[from] item: Sitrus Berry\n|-damage|p1b: Luck Charm|87/100|[from] item: Life Orb\n|move|p2b: Marley|Razor Shell|p1b: Luck Charm\n|-supereffective|p1b: Luck Charm\n|-damage|p1b: Luck Charm|0 fnt\n|faint|p1b: Luck Charm\n|\n|-heal|p2b: Marley|84/100|[from] Grassy Terrain\n|-heal|p2a: Chip|80/100|[from] Grassy Terrain\n|-sideend|p2: Kyyper|move: Tailwind\n|-sideend|p1: ustat|move: Tailwind\n|upkeep\n|\n|t:|1771167260\n|switch|p1b: I will survive!|Ribombee, M|100/100\n|turn|5\n|\n|t:|1771167276\n|move|p1b: I will survive!|Pollen Puff|p2a: Chip\n|-supereffective|p2a: Chip\n|-damage|p2a: Chip|30/100\n|move|p2b: Marley|Ceaseless Edge|p1a: Rillaboom\n|-damage|p1a: Rillaboom|53/100\n|-sidestart|p1: ustat|Spikes\n|move|p1a: Rillaboom|Wood Hammer|p2a: Chip\n|-damage|p2a: Chip|0 fnt\n|faint|p2a: Chip\n|-damage|p1a: Rillaboom|42/100|[from] Recoil\n|\n|-heal|p2b: Marley|90/100|[from] Grassy Terrain\n|-heal|p1a: Rillaboom|48/100|[from] Grassy Terrain\n|upkeep\n|\n|t:|1771167287\n|switch|p2a: Mint|Whimsicott, M, shiny|100/100\n|turn|6\n|\n|t:|1771167295\n|switch|p2b: JoJo|Zapdos-Galar, shiny|100/100\n|move|p2a: Mint|Tailwind|p2a: Mint\n|-sidestart|p2: Kyyper|move: Tailwind\n|move|p1b: I will survive!|Tailwind|p1b: I will survive!\n|-sidestart|p1: ustat|move: Tailwind\n|move|p1a: Rillaboom|U-turn|p2a: Mint\n|-damage|p2a: Mint|60/100\n|\n|t:|1771167312\n|switch|p1a: Drink water|Ogerpon-Wellspring, F|100/100|[from] U-turn\n|-damage|p1a: Drink water|88/100|[from] Spikes\n|\n|-heal|p2a: Mint|66/100|[from] Grassy Terrain\n|-heal|p1a: Drink water|94/100|[from] Grassy Terrain\n|upkeep\n|turn|7\n|\n|t:|1771167321\n|move|p1a: Drink water|Follow Me|p1a: Drink water\n|-singleturn|p1a: Drink water|move: Follow Me\n|move|p2a: Mint|Encore|p1a: Drink water\n|-start|p1a: Drink water|Encore\n|move|p1b: I will survive!|Moonblast|p2b: JoJo\n|-supereffective|p2b: JoJo\n|-damage|p2b: JoJo|36/100\n|move|p2b: JoJo|Brave Bird|p1a: Drink water\n|-supereffective|p1a: Drink water\n|-damage|p1a: Drink water|0 fnt\n|faint|p1a: Drink water\n|-damage|p2b: JoJo|1/100|[from] Recoil\n|-damage|p2b: JoJo|0 fnt|[from] item: Life Orb\n|faint|p2b: JoJo\n|\n|-heal|p2a: Mint|72/100|[from] Grassy Terrain\n|-sideend|p2: Kyyper|move: Light Screen\n|-fieldend|move: Grassy Terrain\n|upkeep\n|\n|t:|1771167336\n|switch|p1a: Rillaboom|Rillaboom, F|48/100\n|switch|p2b: Skale|Kleavor, F, shiny|100/100\n|-damage|p1a: Rillaboom|36/100|[from] Spikes\n|-fieldstart|move: Grassy Terrain|[from] ability: Grassy Surge|[of] p1a: Rillaboom\n|turn|8\n|\n|t:|1771167353\n|move|p1a: Rillaboom|Fake Out|p2a: Mint\n|-damage|p2a: Mint|49/100\n|cant|p2a: Mint|flinch\n|move|p1b: I will survive!|Pollen Puff|p2a: Mint\n|-damage|p2a: Mint|0 fnt\n|faint|p2a: Mint\n|move|p2b: Skale|Stone Axe|p1a: Rillaboom\n|-damage|p1a: Rillaboom|0 fnt\n|-sidestart|p1: ustat|move: Stealth Rock\n|faint|p1a: Rillaboom\n|\n|upkeep\n|\n|t:|1771167366\n|switch|p2a: Quary|Chi-Yu, shiny|100/100\n|switch|p1a: Kumru's Favorite|Regidrago|100/100\n|-ability|p2a: Quary|Beads of Ruin\n|-damage|p1a: Kumru's Favorite|88/100|[from] Spikes\n|-damage|p1a: Kumru's Favorite|76/100|[from] Stealth Rock\n|turn|9\n|\n|t:|1771167378\n|move|p1b: I will survive!|Protect|p1b: I will survive!\n|-singleturn|p1b: I will survive!|Protect\n|move|p1a: Kumru's Favorite|Protect|p1a: Kumru's Favorite\n|-singleturn|p1a: Kumru's Favorite|Protect\n|move|p2a: Quary|Heat Wave|p1a: Kumru's Favorite|[spread] \n|-activate|p1a: Kumru's Favorite|move: Protect\n|-activate|p1b: I will survive!|move: Protect\n|move|p2b: Skale|Stone Axe|p1a: Kumru's Favorite\n|-activate|p1a: Kumru's Favorite|move: Protect\n|\n|-heal|p1a: Kumru's Favorite|82/100|[from] Grassy Terrain\n|-sideend|p2: Kyyper|move: Tailwind\n|-sideend|p1: ustat|move: Tailwind\n|upkeep\n|turn|10\n|\n|t:|1771167391\n|-terastallize|p1a: Kumru's Favorite|Dragon\n|move|p1b: I will survive!|Tailwind|p1b: I will survive!\n|-sidestart|p1: ustat|move: Tailwind\n|move|p1a: Kumru's Favorite|Dragon Energy|p2b: Skale|[spread] p2a,p2b\n|-damage|p2a: Quary|0 fnt\n|-damage|p2b: Skale|0 fnt\n|faint|p2a: Quary\n|faint|p2b: Skale\n|\n|-heal|p1a: Kumru's Favorite|88/100|[from] Grassy Terrain\n|upkeep\n|\n|t:|1771167399\n|switch|p2b: Marley|Samurott-Hisui, F, shiny|90/100\n|turn|11\n|\n|t:|1771167404\n|-terastallize|p2b: Marley|Ghost\n|move|p2b: Marley|Sucker Punch|p1a: Kumru's Favorite\n|-damage|p1a: Kumru's Favorite|48/100\n|move|p1b: I will survive!|Moonblast|p2b: Marley\n|-damage|p2b: Marley|59/100\n|move|p1a: Kumru's Favorite|Draco Meteor|p2b: Marley\n|-damage|p2b: Marley|0 fnt\n|-unboost|p1a: Kumru's Favorite|spa|2\n|faint|p2b: Marley\n|\n|win|ustat\n|raw|ustat's rating: 1633 &rarr; <strong>1658</strong><br />(+25 for winning)\n|raw|Kyyper's rating: 1723 &rarr; <strong>1698</strong><br />(-25 for losing)\n|l|☆Kyyper\n|player|p2|\n|l|☆ustat\n|player|p1|\n", "uploadtime": 1771167554, "views": 9, "formatid": "gen9doublesou", "rating": 1658, "private": 0, "password": null}