{"id": "gen9doublesou-2540693782", "format": "[Gen 9] Doubles OU", "players": ["Dr Sly", "enexis"], "log": "|j|☆Dr Sly\n|j|☆enexis\n|t:|1771241399\n|gametype|doubles\n|player|p1|Dr Sly|camper|1614\n|player|p2|enexis|2|1680\n|gen|9\n|tier|[Gen 9] Doubles OU\n|rated|\n|rule|HP Percentage Mod: HP is shown in percentages\n|rule|Endless Battle Clause: Forcing endless battles is banned\n|rule|Species Clause: Limit one of each Pokémon\n|rule|OHKO Clause: OHKO moves are banned\n|rule|Evasion Moves Clause: Evasion moves are banned\n|rule|Gravity Sleep Clause: The combination of sleep-inducing moves with imperfect accuracy and Gravity or Gigantamax Orbeetle are banned\n|rule|Evasion Abilities Clause: Evasion abilities are banned\n|clearpoke\n|poke|p1|Hitmonchan, M|\n|poke|p1|Volcanion|\n|poke|p1|Comfey, M|\n|poke|p1|Araquanid, M|\n|poke|p1|Moltres-Galar|\n|poke|p1|Thundurus, M|\n|poke|p2|Grimmsnarl, M|\n|poke|p2|Sneasler, M|\n|poke|p2|Milotic, M|\n|poke|p2|Pelipper, M|\n|poke|p2|Bruxish, M|\n|poke|p2|Kilowattrel, F|\n|teampreview\n|c|☆enexis|glhf\n|inactive|Battle timer is ON: inactive players will automatically lose when time's up. (requested by enexis)\n|\n|t:|1771241457\n|teamsize|p1|6\n|teamsize|p2|6\n|start\n|switch|p1a: Araquanid|Araquanid, M, shiny|100/100\n|switch|p1b: Thundurus|Thundurus, M, shiny|100/100\n|switch|p2a: Sneasler|Sneasler, M|100/100\n|switch|p2b: Grimmsnarl|Grimmsnarl, M|100/100\n|turn|1\n|\n|t:|1771241470\n|move|p2b: Grimmsnarl|Swagger|p1b: Thundurus\n|-boost|p1b: Thundurus|atk|2\n|-start|p1b: Thundurus|confusion\n|-enditem|p2a: Sneasler|Mirror Herb\n|-boost|p2a: Sneasler|atk|2|[from] item: Mirror Herb\n|-enditem|p2b: Grimmsnarl|Mirror Herb\n|-boost|p2b: Grimmsnarl|atk|2|[from] item: Mirror Herb\n|move|p2a: Sneasler|Acrobatics|p1a: Araquanid\n|-supereffective|p1a: Araquanid\n|-damage|p1a: Araquanid|0 fnt\n|faint|p1a: Araquanid\n|-activate|p1b: Thundurus|confusion\n|move|p1b: Thundurus|Thunderbolt|p2a: Sneasler\n|-damage|p2a: Sneasler|48/100\n|\n|upkeep\n|inactive|Dr Sly has 120 seconds left.\n|\n|t:|1771241505\n|switch|p1a: Volcanion|Volcanion|100/100\n|turn|2\n|\n|t:|1771241511\n|-terastallize|p2b: Grimmsnarl|Dark\n|move|p2b: Grimmsnarl|Sucker Punch|p1b: Thundurus\n|-damage|p1b: Thundurus|10/100\n|-enditem|p1b: Thundurus|Aguav Berry|[eat]\n|-heal|p1b: Thundurus|43/100|[from] item: Aguav Berry\n|move|p2a: Sneasler|Close Combat|p1a: Volcanion\n|-damage|p1a: Volcanion|0 fnt\n|-unboost|p2a: Sneasler|def|1\n|-unboost|p2a: Sneasler|spd|1\n|faint|p1a: Volcanion\n|-activate|p1b: Thundurus|confusion\n|move|p1b: Thundurus|Thunderbolt|p2a: Sneasler\n|-damage|p2a: Sneasler|0 fnt\n|faint|p2a: Sneasler\n|\n|upkeep\n|inactive|Dr Sly has 120 seconds left.\n|\n|t:|1771241526\n|switch|p2a: Pelipper|Pelipper, M|100/100\n|switch|p1a: Hitmonchan|Hitmonchan, M|100/100\n|-weather|RainDance|[from] ability: Drizzle|[of] p2a: Pelipper\n|turn|3\n|\n|t:|1771241548\n|switch|p1b: Comfey|Comfey, M|100/100\n|move|p2b: Grimmsnarl|Sucker Punch||[still]\n|-fail|p2b: Grimmsnarl\n|move|p2a: Pelipper|Hurricane|p1a: Hitmonchan\n|-supereffective|p1a: Hitmonchan\n|-damage|p1a: Hitmonchan|38/100\n|move|p1a: Hitmonchan|Drain Punch|p2b: Grimmsnarl\n|-supereffective|p2b: Grimmsnarl\n|-damage|p2b: Grimmsnarl|0 fnt\n|-heal|p1a: Hitmonchan|97/100|[from] drain|[of] p2b: Grimmsnarl\n|faint|p2b: Grimmsnarl\n|\n|-weather|RainDance|[upkeep]\n|upkeep\n|\n|t:|1771241552\n|switch|p2b: Milotic|Milotic, M|100/100\n|turn|4\n|\n|t:|1771241565\n|move|p2b: Milotic|Muddy Water|p1a: Hitmonchan|[spread] p1a,p1b\n|-damage|p1a: Hitmonchan|70/100\n|-damage|p1b: Comfey|57/100\n|move|p1b: Comfey|Leech Seed|p2b: Milotic\n|-start|p2b: Milotic|move: Leech Seed\n|move|p2a: Pelipper|Tailwind|p2a: Pelipper\n|-sidestart|p2: enexis|move: Tailwind\n|move|p1a: Hitmonchan|Drain Punch|p2b: Milotic\n|-damage|p2b: Milotic|45/100\n|-heal|p1a: Hitmonchan|100/100|[from] drain|[of] p2b: Milotic\n|\n|-weather|RainDance|[upkeep]\n|-damage|p2b: Milotic|33/100|[from] Leech Seed|[of] p1b: Comfey\n|-heal|p1b: Comfey|75/100|[silent]\n|upkeep\n|turn|5\n|\n|t:|1771241583\n|move|p1b: Comfey|Draining Kiss|p2b: Milotic\n|-damage|p2b: Milotic|19/100\n|-heal|p1b: Comfey|90/100|[from] drain|[of] p2b: Milotic\n|move|p1a: Hitmonchan|Mach Punch|p2b: Milotic\n|-damage|p2b: Milotic|0 fnt\n|faint|p2b: Milotic\n|move|p2a: Pelipper|Hurricane|p1a: Hitmonchan\n|-supereffective|p1a: Hitmonchan\n|-damage|p1a: Hitmonchan|34/100\n|-start|p1a: Hitmonchan|confusion\n|\n|-weather|RainDance|[upkeep]\n|upkeep\n|\n|t:|1771241588\n|switch|p2b: Kilowattrel|Kilowattrel, F|100/100\n|turn|6\n|\n|t:|1771241598\n|switch|p1a: Thundurus|Thundurus, M, shiny|43/100\n|move|p1b: Comfey|Floral Healing|p1a: Thundurus\n|-heal|p1a: Thundurus|93/100\n|move|p2b: Kilowattrel|Hurricane|p1b: Comfey\n|-damage|p1b: Comfey|42/100\n|move|p2a: Pelipper|Hurricane|p1b: Comfey\n|-damage|p1b: Comfey|0 fnt\n|faint|p1b: Comfey\n|\n|-weather|RainDance|[upkeep]\n|upkeep\n|\n|t:|1771241612\n|switch|p1b: Hitmonchan|Hitmonchan, M|34/100\n|turn|7\n|\n|t:|1771241626\n|-terastallize|p1b: Hitmonchan|Steel\n|move|p2b: Kilowattrel|Thunderbolt|p1a: Thundurus\n|-damage|p1a: Thundurus|51/100\n|move|p2a: Pelipper|Weather Ball|p1a: Thundurus\n|-damage|p1a: Thundurus|0 fnt\n|faint|p1a: Thundurus\n|move|p1b: Hitmonchan|Ice Punch|p2b: Kilowattrel\n|-supereffective|p2b: Kilowattrel\n|-damage|p2b: Kilowattrel|0 fnt\n|faint|p2b: Kilowattrel\n|\n|-weather|RainDance|[upkeep]\n|-sideend|p2: enexis|move: Tailwind\n|upkeep\n|\n|t:|1771241638\n|switch|p2b: Bruxish|Bruxish, M|100/100\n|switch|p1a: Moltres|Moltres-Galar|100/100\n|turn|8\n|\n|t:|1771241647\n|move|p2b: Bruxish|Wave Crash|p1b: Hitmonchan\n|-damage|p1b: Hitmonchan|0 fnt\n|faint|p1b: Hitmonchan\n|-damage|p2b: Bruxish|88/100|[from] Recoil\n|move|p2a: Pelipper|Weather Ball|p1a: Moltres\n|-damage|p1a: Moltres|50/100\n|-ability|p1a: Moltres|Berserk|boost\n|-boost|p1a: Moltres|spa|1\n|move|p1a: Moltres|Fiery Wrath|p2b: Bruxish|[spread] p2a,p2b\n|-supereffective|p2b: Bruxish\n|-damage|p2a: Pelipper|24/100\n|-damage|p2b: Bruxish|0 fnt\n|faint|p2b: Bruxish\n|\n|-weather|RainDance|[upkeep]\n|upkeep\n|turn|9\n|\n|t:|1771241661\n|move|p2a: Pelipper|Weather Ball|p1a: Moltres\n|-damage|p1a: Moltres|0 fnt\n|faint|p1a: Moltres\n|\n|win|enexis\n|raw|Dr Sly's rating: 1614 &rarr; <strong>1598</strong><br />(-16 for losing)\n|raw|enexis's rating: 1680 &rarr; <strong>1696</strong><br />(+16 for winning)\n|c|☆enexis|might be a roll\n|c|☆Dr Sly|gg\n|c|☆enexis|gg\n|l|☆Dr Sly\n|player|p1|\n|l|☆enexis\n|player|p2|\n", "uploadtime": 1771241942, "views": 8, "formatid": "gen9doublesou", "rating": 1598, "private": 0, "password": null}