{"id": "gen9doublesou-2540614961", "format": "[Gen 9] Doubles OU", "players": ["Fcastelll", "dobou"], "log": "|j|☆Fcastelll\n|j|☆dobou\n|t:|1771227671\n|gametype|doubles\n|player|p1|Fcastelll|shadowtriad|1529\n|player|p2|dobou|clown|1595\n|gen|9\n|tier|[Gen 9] Doubles OU\n|rated|\n|rule|HP Percentage Mod: HP is shown in percentages\n|rule|Endless Battle Clause: Forcing endless battles is banned\n|rule|Species Clause: Limit one of each Pokémon\n|rule|OHKO Clause: OHKO moves are banned\n|rule|Evasion Moves Clause: Evasion moves are banned\n|rule|Gravity Sleep Clause: The combination of sleep-inducing moves with imperfect accuracy and Gravity or Gigantamax Orbeetle are banned\n|rule|Evasion Abilities Clause: Evasion abilities are banned\n|clearpoke\n|poke|p1|Incineroar, M|\n|poke|p1|Sneasler, M|\n|poke|p1|Rillaboom, M|\n|poke|p1|Gholdengo|\n|poke|p1|Raging Bolt|\n|poke|p1|Iron Bundle|\n|poke|p2|Ninetales-Alola, M|\n|poke|p2|Kingambit, M|\n|poke|p2|Incineroar, M|\n|poke|p2|Ogerpon-Wellspring, F|\n|poke|p2|Landorus, M|\n|poke|p2|Kyurem|\n|teampreview\n|inactive|Battle timer is ON: inactive players will automatically lose when time's up. (requested by Fcastelll)\n|\n|t:|1771227692\n|teamsize|p1|6\n|teamsize|p2|6\n|start\n|switch|p1a: Iron Bundle|Iron Bundle, shiny|100/100\n|switch|p1b: Incineroar|Incineroar, M|100/100\n|switch|p2a: Ninetales|Ninetales-Alola, M|100/100\n|switch|p2b: Kyurem|Kyurem|100/100\n|-weather|Snowscape|[from] ability: Snow Warning|[of] p2a: Ninetales\n|-ability|p2b: Kyurem|Pressure\n|-ability|p1b: Incineroar|Intimidate|boost\n|-unboost|p2a: Ninetales|atk|1\n|-unboost|p2b: Kyurem|atk|1\n|turn|1\n|inactive|dobou has 120 seconds left.\n|\n|t:|1771227723\n|switch|p2b: Kingambit|Kingambit, M|100/100\n|move|p1b: Incineroar|Fake Out|p2a: Ninetales\n|-damage|p2a: Ninetales|88/100\n|move|p1a: Iron Bundle|Ice Beam|p2a: Ninetales\n|-resisted|p2a: Ninetales\n|-damage|p2a: Ninetales|61/100\n|cant|p2a: Ninetales|flinch\n|\n|-weather|Snowscape|[upkeep]\n|upkeep\n|turn|2\n|\n|t:|1771227743\n|switch|p2b: Kyurem|Kyurem|100/100\n|-ability|p2b: Kyurem|Pressure\n|move|p1a: Iron Bundle|Ice Beam|p2a: Ninetales\n|-resisted|p2a: Ninetales\n|-damage|p2a: Ninetales|37/100\n|move|p2a: Ninetales|Aurora Veil|p2a: Ninetales\n|-sidestart|p2: dobou|move: Aurora Veil\n|move|p1b: Incineroar|Flare Blitz|p2a: Ninetales\n|-supereffective|p2a: Ninetales\n|-damage|p2a: Ninetales|0 fnt\n|faint|p2a: Ninetales\n|-damage|p1b: Incineroar|90/100|[from] Recoil\n|\n|-weather|Snowscape|[upkeep]\n|upkeep\n|inactive|dobou has 120 seconds left.\n|\n|t:|1771227756\n|switch|p2a: Ogerpon|Ogerpon-Wellspring, F|100/100\n|turn|3\n|\n|t:|1771227779\n|switch|p1b: Rillaboom|Rillaboom, M|100/100\n|-fieldstart|move: Grassy Terrain|[from] ability: Grassy Surge|[of] p1b: Rillaboom\n|move|p1a: Iron Bundle|Protect|p1a: Iron Bundle\n|-singleturn|p1a: Iron Bundle|Protect\n|move|p2a: Ogerpon|Ivy Cudgel|p1b: Rillaboom|[anim] Ivy Cudgel Water\n|-resisted|p1b: Rillaboom\n|-damage|p1b: Rillaboom|75/100\n|move|p2b: Kyurem|Freeze-Dry|p1b: Rillaboom\n|-supereffective|p1b: Rillaboom\n|-damage|p1b: Rillaboom|32/100\n|\n|-weather|Snowscape|[upkeep]\n|-heal|p1b: Rillaboom|38/100|[from] Grassy Terrain\n|upkeep\n|turn|4\n|\n|t:|1771227800\n|switch|p2a: Kingambit|Kingambit, M|100/100\n|move|p1b: Rillaboom|Fake Out|p2b: Kyurem\n|-damage|p2b: Kyurem|95/100\n|move|p1a: Iron Bundle|Ice Beam|p2a: Kingambit\n|-resisted|p2a: Kingambit\n|-damage|p2a: Kingambit|84/100\n|cant|p2b: Kyurem|flinch\n|\n|-weather|Snowscape|[upkeep]\n|-heal|p2b: Kyurem|100/100|[from] Grassy Terrain\n|-heal|p1b: Rillaboom|44/100|[from] Grassy Terrain\n|-heal|p2a: Kingambit|90/100|[from] Grassy Terrain\n|-heal|p2a: Kingambit|96/100|[from] item: Leftovers\n|upkeep\n|turn|5\n|\n|t:|1771227826\n|switch|p1b: Incineroar|Incineroar, M|90/100\n|-ability|p1b: Incineroar|Intimidate|boost\n|-unboost|p2a: Kingambit|atk|1\n|-ability|p2a: Kingambit|Defiant|boost\n|-boost|p2a: Kingambit|atk|2\n|-unboost|p2b: Kyurem|atk|1\n|move|p1a: Iron Bundle|Protect|p1a: Iron Bundle\n|-singleturn|p1a: Iron Bundle|Protect\n|move|p2b: Kyurem|Earth Power|p1b: Incineroar\n|-supereffective|p1b: Incineroar\n|-damage|p1b: Incineroar|36/100\n|-enditem|p1b: Incineroar|Sitrus Berry|[eat]\n|-heal|p1b: Incineroar|60/100|[from] item: Sitrus Berry\n|move|p2a: Kingambit|Kowtow Cleave|p1b: Incineroar\n|-resisted|p1b: Incineroar\n|-damage|p1b: Incineroar|28/100\n|\n|-weather|none\n|-heal|p1b: Incineroar|35/100|[from] Grassy Terrain\n|-heal|p2a: Kingambit|100/100|[from] Grassy Terrain\n|upkeep\n|turn|6\n|inactive|Fcastelll has 120 seconds left.\n|inactive|dobou has 120 seconds left.\n|\n|t:|1771227871\n|-end|p1a: Iron Bundle|Quark Drive|[silent]\n|switch|p1a: Gholdengo|Gholdengo|100/100\n|-item|p1a: Gholdengo|Air Balloon\n|move|p1b: Incineroar|Fake Out|p2b: Kyurem\n|-damage|p2b: Kyurem|92/100\n|cant|p2b: Kyurem|flinch\n|move|p2a: Kingambit|Kowtow Cleave|p1a: Gholdengo\n|-supereffective|p1a: Gholdengo\n|-damage|p1a: Gholdengo|0 fnt\n|-enditem|p1a: Gholdengo|Air Balloon\n|faint|p1a: Gholdengo\n|\n|-heal|p2b: Kyurem|98/100|[from] Grassy Terrain\n|-heal|p1b: Incineroar|41/100|[from] Grassy Terrain\n|upkeep\n|inactive|Fcastelll has 120 seconds left.\n|\n|t:|1771227892\n|switch|p1a: Raging Bolt|Raging Bolt|100/100\n|turn|7\n|\n|t:|1771227921\n|switch|p2a: Landorus|Landorus, M|100/100\n|move|p1a: Raging Bolt|Protect|p1a: Raging Bolt\n|-singleturn|p1a: Raging Bolt|Protect\n|move|p2b: Kyurem|Freeze-Dry|p1a: Raging Bolt\n|-activate|p1a: Raging Bolt|move: Protect\n|move|p1b: Incineroar|Flare Blitz|p2a: Landorus\n|-damage|p2a: Landorus|52/100\n|-damage|p1b: Incineroar|28/100|[from] Recoil\n|\n|-heal|p2b: Kyurem|100/100|[from] Grassy Terrain\n|-heal|p1b: Incineroar|34/100|[from] Grassy Terrain\n|-fieldend|move: Grassy Terrain\n|upkeep\n|turn|8\n|\n|t:|1771227943\n|-terastallize|p1a: Raging Bolt|Fairy\n|move|p2a: Landorus|Substitute|p2a: Landorus\n|-start|p2a: Landorus|Substitute\n|-damage|p2a: Landorus|27/100\n|move|p2b: Kyurem|Flash Cannon|p1a: Raging Bolt\n|-supereffective|p1a: Raging Bolt\n|-damage|p1a: Raging Bolt|61/100\n|move|p1a: Raging Bolt|Draco Meteor|p2b: Kyurem\n|-supereffective|p2b: Kyurem\n|-damage|p2b: Kyurem|40/100\n|-unboost|p1a: Raging Bolt|spa|2\n|move|p1b: Incineroar|Knock Off|p2a: Landorus\n|-end|p2a: Landorus|Substitute\n|\n|-heal|p1a: Raging Bolt|67/100|[from] item: Leftovers\n|upkeep\n|turn|9\n|\n|t:|1771227968\n|move|p2a: Landorus|Sludge Bomb|p1a: Raging Bolt\n|-supereffective|p1a: Raging Bolt\n|-damage|p1a: Raging Bolt|0 fnt\n|faint|p1a: Raging Bolt\n|-end|p1a: Raging Bolt|Protosynthesis|[silent]\n|move|p2b: Kyurem|Earth Power|p1b: Incineroar\n|-supereffective|p1b: Incineroar\n|-damage|p1b: Incineroar|0 fnt\n|faint|p1b: Incineroar\n|\n|-sideend|p2: dobou|move: Aurora Veil\n|upkeep\n|\n|t:|1771227980\n|switch|p1a: Sneasler|Sneasler, M|100/100\n|switch|p1b: Rillaboom|Rillaboom, M|44/100\n|-fieldstart|move: Grassy Terrain|[from] ability: Grassy Surge|[of] p1b: Rillaboom\n|-enditem|p1a: Sneasler|Grassy Seed\n|-boost|p1a: Sneasler|def|1|[from] item: Grassy Seed\n|turn|10\n|\n|t:|1771227994\n|move|p2a: Landorus|Protect|p2a: Landorus\n|-singleturn|p2a: Landorus|Protect\n|move|p1b: Rillaboom|Grassy Glide|p2a: Landorus\n|-activate|p2a: Landorus|move: Protect\n|move|p1a: Sneasler|Close Combat|p2b: Kyurem\n|-supereffective|p2b: Kyurem\n|-damage|p2b: Kyurem|0 fnt\n|-unboost|p1a: Sneasler|def|1\n|-unboost|p1a: Sneasler|spd|1\n|faint|p2b: Kyurem\n|\n|-heal|p1b: Rillaboom|50/100|[from] Grassy Terrain\n|upkeep\n|\n|t:|1771228019\n|switch|p2b: Incineroar|Incineroar, M|100/100\n|-ability|p2b: Incineroar|Intimidate|boost\n|-unboost|p1a: Sneasler|atk|1\n|-unboost|p1b: Rillaboom|atk|1\n|turn|11\n|\n|t:|1771228026\n|-terastallize|p2a: Landorus|Steel\n|move|p1a: Sneasler|Protect|p1a: Sneasler\n|-singleturn|p1a: Sneasler|Protect\n|move|p2b: Incineroar|Fake Out|p1a: Sneasler\n|-activate|p1a: Sneasler|move: Protect\n|move|p1b: Rillaboom|Grassy Glide|p2a: Landorus\n|-resisted|p2a: Landorus\n|-damage|p2a: Landorus|11/100\n|move|p2a: Landorus|Earth Power|p1a: Sneasler\n|-activate|p1a: Sneasler|move: Protect\n|\n|-heal|p2a: Landorus|16/100|[from] Grassy Terrain\n|-heal|p1b: Rillaboom|57/100|[from] Grassy Terrain\n|upkeep\n|turn|12\n|\n|t:|1771228051\n|move|p1a: Sneasler|Close Combat|p2b: Incineroar\n|-supereffective|p2b: Incineroar\n|-damage|p2b: Incineroar|29/100\n|-unboost|p1a: Sneasler|def|1\n|-unboost|p1a: Sneasler|spd|1\n|-enditem|p2b: Incineroar|Sitrus Berry|[eat]\n|-heal|p2b: Incineroar|54/100|[from] item: Sitrus Berry\n|move|p2a: Landorus|Earth Power|p1a: Sneasler\n|-supereffective|p1a: Sneasler\n|-damage|p1a: Sneasler|0 fnt\n|faint|p1a: Sneasler\n|move|p1b: Rillaboom|High Horsepower|p2b: Incineroar\n|-supereffective|p2b: Incineroar\n|-damage|p2b: Incineroar|17/100\n|move|p2b: Incineroar|Will-O-Wisp|p1b: Rillaboom\n|-status|p1b: Rillaboom|brn\n|\n|-heal|p2a: Landorus|22/100|[from] Grassy Terrain\n|-heal|p1b: Rillaboom|63/100 brn|[from] Grassy Terrain\n|-heal|p2b: Incineroar|23/100|[from] Grassy Terrain\n|-damage|p1b: Rillaboom|57/100 brn|[from] brn\n|upkeep\n|inactive|Fcastelll has 120 seconds left.\n|\n|t:|1771228068\n|switch|p1a: Iron Bundle|Iron Bundle, shiny|100/100\n|turn|13\n|\n|t:|1771228087\n|move|p1a: Iron Bundle|Hydro Pump|p2b: Incineroar\n|-supereffective|p2b: Incineroar\n|-damage|p2b: Incineroar|0 fnt\n|faint|p2b: Incineroar\n|move|p2a: Landorus|Sludge Bomb|p1b: Rillaboom\n|-supereffective|p1b: Rillaboom\n|-damage|p1b: Rillaboom|0 fnt\n|faint|p1b: Rillaboom\n|\n|-heal|p2a: Landorus|28/100|[from] Grassy Terrain\n|upkeep\n|\n|t:|1771228090\n|switch|p2b: Ogerpon|Ogerpon-Wellspring, F|100/100\n|turn|14\n|\n|t:|1771228101\n|move|p1a: Iron Bundle|Ice Beam|p2a: Landorus\n|-resisted|p2a: Landorus\n|-damage|p2a: Landorus|0 fnt\n|faint|p2a: Landorus\n|move|p2b: Ogerpon|Horn Leech|p1a: Iron Bundle\n|-supereffective|p1a: Iron Bundle\n|-enditem|p1a: Iron Bundle|Focus Sash\n|-damage|p1a: Iron Bundle|1/100\n|\n|-heal|p1a: Iron Bundle|7/100|[from] Grassy Terrain\n|-fieldend|move: Grassy Terrain\n|upkeep\n|\n|t:|1771228103\n|switch|p2a: Kingambit|Kingambit, M|100/100\n|turn|15\n|-message|Fcastelll forfeited.\n|\n|win|dobou\n|raw|Fcastelll's rating: 1529 &rarr; <strong>1513</strong><br />(-16 for losing)\n|raw|dobou's rating: 1595 &rarr; <strong>1611</strong><br />(+16 for winning)\n|l|☆Fcastelll\n|player|p1|\n", "uploadtime": 1771228479, "views": 15, "formatid": "gen9doublesou", "rating": 1513, "private": 0, "password": null}