{"id": "gen9doublesou-2540747671", "format": "[Gen 9] Doubles OU", "players": ["Jaiper_Showdown", "alllzz"], "log": "|badge|p1|silver|gen9doublesou|30-8\n|uhtml|medal-msg|<div class=\"broadcast-blue\">Curious what those medals under the avatar are? PS now has Ladder Seasons! For more information, check out the <a href=\"https://www.smogon.com/forums/threads/3740067/\">thread on Smogon.</a></div>\n|j|☆Jaiper_Showdown\n|j|☆alllzz\n|t:|1771249257\n|gametype|doubles\n|player|p1|Jaiper_Showdown|nate|1694\n|player|p2|alllzz|1|1684\n|gen|9\n|tier|[Gen 9] Doubles OU\n|rated|\n|rule|HP Percentage Mod: HP is shown in percentages\n|rule|Endless Battle Clause: Forcing endless battles is banned\n|rule|Species Clause: Limit one of each Pokémon\n|rule|OHKO Clause: OHKO moves are banned\n|rule|Evasion Moves Clause: Evasion moves are banned\n|rule|Gravity Sleep Clause: The combination of sleep-inducing moves with imperfect accuracy and Gravity or Gigantamax Orbeetle are banned\n|rule|Evasion Abilities Clause: Evasion abilities are banned\n|clearpoke\n|poke|p1|Pincurchin, M|\n|poke|p1|Iron Valiant|\n|poke|p1|Iron Bundle|\n|poke|p1|Iron Hands|\n|poke|p1|Iron Jugulis|\n|poke|p1|Iron Boulder|\n|poke|p2|Ursaluna, M|\n|poke|p2|Oranguru, F|\n|poke|p2|Torkoal, M|\n|poke|p2|Incineroar, M|\n|poke|p2|Iron Hands|\n|poke|p2|Hoopa-Unbound|\n|teampreview\n|\n|t:|1771249272\n|teamsize|p1|6\n|teamsize|p2|6\n|start\n|switch|p1a: Pincurchin|Pincurchin, M|100/100\n|switch|p1b: Iron Valiant|Iron Valiant, shiny|100/100\n|switch|p2a: Oranguru|Oranguru, F, shiny|100/100\n|switch|p2b: Incineroar|Incineroar, M, shiny|100/100\n|-ability|p2b: Incineroar|Intimidate|boost\n|-unboost|p1a: Pincurchin|atk|1\n|-unboost|p1b: Iron Valiant|atk|1\n|-fieldstart|move: Electric Terrain|[from] ability: Electric Surge|[of] p1a: Pincurchin\n|-activate|p1b: Iron Valiant|ability: Quark Drive\n|-start|p1b: Iron Valiant|quarkdrivespe\n|turn|1\n|\n|t:|1771249288\n|-terastallize|p1b: Iron Valiant|Ghost\n|move|p1b: Iron Valiant|Close Combat|p2b: Incineroar\n|-supereffective|p2b: Incineroar\n|-damage|p2b: Incineroar|17/100\n|-unboost|p1b: Iron Valiant|def|1\n|-unboost|p1b: Iron Valiant|spd|1\n|-enditem|p2b: Incineroar|Sitrus Berry|[eat]\n|-heal|p2b: Incineroar|42/100|[from] item: Sitrus Berry\n|-damage|p1b: Iron Valiant|91/100|[from] item: Life Orb\n|move|p2b: Incineroar|Parting Shot|p1a: Pincurchin\n|-unboost|p1a: Pincurchin|atk|1\n|-unboost|p1a: Pincurchin|spa|1\n|\n|t:|1771249300\n|switch|p2b: Ursaluna|Ursaluna, M, shiny|100/100|[from] Parting Shot\n|move|p1a: Pincurchin|Toxic Spikes|p2b: Ursaluna\n|-sidestart|p2: alllzz|move: Toxic Spikes\n|move|p2a: Oranguru|Trick Room|p2a: Oranguru\n|-fieldstart|move: Trick Room|[of] p2a: Oranguru\n|\n|-status|p2b: Ursaluna|brn|[from] item: Flame Orb\n|upkeep\n|turn|2\n|\n|t:|1771249306\n|switch|p1a: Iron Hands|Iron Hands|100/100\n|-activate|p1a: Iron Hands|ability: Quark Drive\n|-start|p1a: Iron Hands|quarkdriveatk\n|move|p1b: Iron Valiant|Wide Guard|p1b: Iron Valiant\n|-singleturn|p1b: Iron Valiant|Wide Guard\n|move|p2b: Ursaluna|Earthquake|p1a: Iron Hands|[spread] \n|-activate|p1a: Iron Hands|move: Wide Guard\n|-activate|p1b: Iron Valiant|move: Wide Guard\n|-activate|p2a: Oranguru|ability: Telepathy\n|move|p2a: Oranguru|Instruct|p2b: Ursaluna\n|-singleturn|p2b: Ursaluna|move: Instruct|[of] p2a: Oranguru\n|move|p2b: Ursaluna|Earthquake|p1b: Iron Valiant|[spread] \n|-activate|p1a: Iron Hands|move: Wide Guard\n|-activate|p1b: Iron Valiant|move: Wide Guard\n|-activate|p2a: Oranguru|ability: Telepathy\n|\n|-damage|p2b: Ursaluna|94/100 brn|[from] brn\n|upkeep\n|turn|3\n|\n|t:|1771249330\n|-terastallize|p2b: Ursaluna|Grass\n|move|p1a: Iron Hands|Fake Out|p2b: Ursaluna\n|-damage|p2b: Ursaluna|80/100 brn\n|cant|p2b: Ursaluna|flinch\n|move|p2a: Oranguru|Encore|p1b: Iron Valiant\n|-start|p1b: Iron Valiant|Encore\n|move|p1b: Iron Valiant|Wide Guard||[still]\n|-fail|p1b: Iron Valiant\n|\n|-damage|p2b: Ursaluna|74/100 brn|[from] brn\n|upkeep\n|turn|4\n|\n|t:|1771249348\n|-end|p1b: Iron Valiant|Quark Drive|[silent]\n|switch|p1b: Iron Jugulis|Iron Jugulis|100/100\n|-activate|p1b: Iron Jugulis|ability: Quark Drive\n|-start|p1b: Iron Jugulis|quarkdrivespa\n|move|p2b: Ursaluna|Headlong Rush|p1a: Iron Hands\n|-supereffective|p1a: Iron Hands\n|-damage|p1a: Iron Hands|0 fnt\n|-unboost|p2b: Ursaluna|def|1\n|-unboost|p2b: Ursaluna|spd|1\n|faint|p1a: Iron Hands\n|-end|p1a: Iron Hands|Quark Drive|[silent]\n|move|p2a: Oranguru|Instruct|p2b: Ursaluna\n|-singleturn|p2b: Ursaluna|move: Instruct|[of] p2a: Oranguru\n|move|p2b: Ursaluna|Headlong Rush|p1b: Iron Jugulis\n|-immune|p1b: Iron Jugulis\n|\n|-damage|p2b: Ursaluna|68/100 brn|[from] brn\n|upkeep\n|\n|t:|1771249358\n|switch|p1a: Iron Bundle|Iron Bundle|100/100\n|-activate|p1a: Iron Bundle|ability: Quark Drive\n|-start|p1a: Iron Bundle|quarkdrivespa\n|turn|5\n|\n|t:|1771249369\n|switch|p2b: Iron Hands|Iron Hands, shiny|100/100\n|-status|p2b: Iron Hands|psn\n|-activate|p2b: Iron Hands|ability: Quark Drive\n|-start|p2b: Iron Hands|quarkdriveatk\n|move|p1b: Iron Jugulis|Protect|p1b: Iron Jugulis\n|-singleturn|p1b: Iron Jugulis|Protect\n|move|p1a: Iron Bundle|Protect|p1a: Iron Bundle\n|-singleturn|p1a: Iron Bundle|Protect\n|move|p2a: Oranguru|Expanding Force|p1a: Iron Bundle\n|-activate|p1a: Iron Bundle|move: Protect\n|\n|-damage|p2b: Iron Hands|88/100 psn|[from] psn\n|-fieldend|move: Trick Room\n|upkeep\n|turn|6\n|\n|t:|1771249380\n|move|p2b: Iron Hands|Fake Out|p1b: Iron Jugulis\n|-damage|p1b: Iron Jugulis|75/100\n|move|p1a: Iron Bundle|Hydro Pump|p2b: Iron Hands\n|-damage|p2b: Iron Hands|37/100 psn\n|cant|p1b: Iron Jugulis|flinch\n|move|p2a: Oranguru|Trick Room|p2a: Oranguru\n|-fieldstart|move: Trick Room|[of] p2a: Oranguru\n|\n|-damage|p2b: Iron Hands|25/100 psn|[from] psn\n|upkeep\n|turn|7\n|\n|t:|1771249399\n|move|p1a: Iron Bundle|Protect|p1a: Iron Bundle\n|-singleturn|p1a: Iron Bundle|Protect\n|move|p2b: Iron Hands|Close Combat|p1a: Iron Bundle\n|-activate|p1a: Iron Bundle|move: Protect\n|move|p2a: Oranguru|Encore|p1b: Iron Jugulis\n|-start|p1b: Iron Jugulis|Encore\n|move|p1b: Iron Jugulis|Protect||[still]\n|-fail|p1b: Iron Jugulis\n|\n|-damage|p2b: Iron Hands|12/100 psn|[from] psn\n|upkeep\n|turn|8\n|j| Amphi N enjoyer\n|\n|t:|1771249412\n|-end|p1a: Iron Bundle|Quark Drive|[silent]\n|switch|p1a: Iron Valiant|Iron Valiant, shiny, tera:Ghost|91/100\n|-activate|p1a: Iron Valiant|ability: Quark Drive\n|-start|p1a: Iron Valiant|quarkdrivespe\n|move|p1b: Iron Jugulis|Protect|p1b: Iron Jugulis\n|-singleturn|p1b: Iron Jugulis|Protect\n|move|p2b: Iron Hands|Close Combat|p1a: Iron Valiant\n|-immune|p1a: Iron Valiant\n|move|p2a: Oranguru|Instruct|p2b: Iron Hands\n|-singleturn|p2b: Iron Hands|move: Instruct|[of] p2a: Oranguru\n|move|p2b: Iron Hands|Close Combat|p1a: Iron Valiant\n|-immune|p1a: Iron Valiant\n|\n|-damage|p2b: Iron Hands|0 fnt|[from] psn\n|faint|p2b: Iron Hands\n|-end|p2b: Iron Hands|Quark Drive|[silent]\n|-fieldend|move: Electric Terrain\n|-end|p1b: Iron Jugulis|Quark Drive\n|-end|p1a: Iron Valiant|Quark Drive\n|upkeep\n|\n|t:|1771249422\n|switch|p2b: Hoopa|Hoopa-Unbound|100/100\n|-status|p2b: Hoopa|psn\n|turn|9\n|\n|t:|1771249449\n|move|p1b: Iron Jugulis|Protect|p1b: Iron Jugulis\n|-singleturn|p1b: Iron Jugulis|Protect\n|move|p2a: Oranguru|Instruct||[still]\n|-fail|p2a: Oranguru\n|move|p2b: Hoopa|Hyperspace Fury|p1a: Iron Valiant\n|-supereffective|p1a: Iron Valiant\n|-damage|p1a: Iron Valiant|0 fnt\n|-unboost|p2b: Hoopa|def|1\n|faint|p1a: Iron Valiant\n|-end|p1a: Iron Valiant|Quark Drive|[silent]\n|\n|-damage|p2b: Hoopa|88/100 psn|[from] psn\n|-end|p1b: Iron Jugulis|Encore\n|upkeep\n|\n|t:|1771249459\n|switch|p1a: Pincurchin|Pincurchin, M|100/100\n|-fieldstart|move: Electric Terrain|[from] ability: Electric Surge|[of] p1a: Pincurchin\n|-activate|p1b: Iron Jugulis|ability: Quark Drive\n|-start|p1b: Iron Jugulis|quarkdrivespa\n|turn|10\n|\n|t:|1771249472\n|switch|p2b: Incineroar|Incineroar, M, shiny|42/100\n|-status|p2b: Incineroar|psn\n|-ability|p2b: Incineroar|Intimidate|boost\n|-unboost|p1a: Pincurchin|atk|1\n|-unboost|p1b: Iron Jugulis|atk|1\n|move|p1a: Pincurchin|Zing Zap|p2b: Incineroar\n|-damage|p2b: Incineroar|20/100 psn\n|move|p2a: Oranguru|Encore|p1b: Iron Jugulis\n|-start|p1b: Iron Jugulis|Encore\n|move|p1b: Iron Jugulis|Protect||[still]\n|-fail|p1b: Iron Jugulis\n|\n|-damage|p2b: Incineroar|8/100 psn|[from] psn\n|-fieldend|move: Trick Room\n|upkeep\n|turn|11\n|\n|t:|1771249486\n|-end|p1b: Iron Jugulis|Quark Drive|[silent]\n|switch|p1b: Iron Bundle|Iron Bundle|100/100\n|-activate|p1b: Iron Bundle|ability: Quark Drive\n|-start|p1b: Iron Bundle|quarkdrivespa\n|move|p2b: Incineroar|Knock Off|p1a: Pincurchin\n|-damage|p1a: Pincurchin|54/100\n|-enditem|p1a: Pincurchin|Terrain Extender|[from] move: Knock Off|[of] p2b: Incineroar\n|move|p1a: Pincurchin|Toxic Spikes|p2b: Incineroar\n|-sidestart|p2: alllzz|move: Toxic Spikes\n|move|p2a: Oranguru|Trick Room|p2a: Oranguru\n|-fieldstart|move: Trick Room|[of] p2a: Oranguru\n|\n|-damage|p2b: Incineroar|0 fnt|[from] psn\n|faint|p2b: Incineroar\n|upkeep\n|\n|t:|1771249491\n|switch|p2b: Torkoal|Torkoal, M, shiny|100/100\n|-status|p2b: Torkoal|tox\n|-weather|SunnyDay|[from] ability: Drought|[of] p2b: Torkoal\n|turn|12\n|\n|t:|1771249501\n|move|p1b: Iron Bundle|Protect|p1b: Iron Bundle\n|-singleturn|p1b: Iron Bundle|Protect\n|move|p2b: Torkoal|Eruption|p1a: Pincurchin|[spread] p1a\n|-activate|p1b: Iron Bundle|move: Protect\n|-damage|p1a: Pincurchin|0 fnt\n|faint|p1a: Pincurchin\n|move|p2a: Oranguru|Instruct|p2b: Torkoal\n|-singleturn|p2b: Torkoal|move: Instruct|[of] p2a: Oranguru\n|move|p2b: Torkoal|Eruption|p1b: Iron Bundle\n|-activate|p1b: Iron Bundle|move: Protect\n|\n|-weather|SunnyDay|[upkeep]\n|-damage|p2b: Torkoal|94/100 tox|[from] psn\n|upkeep\n|\n|t:|1771249508\n|switch|p1a: Iron Boulder|Iron Boulder|100/100\n|-activate|p1a: Iron Boulder|ability: Quark Drive\n|-start|p1a: Iron Boulder|quarkdrivespe\n|turn|13\n|\n|t:|1771249517\n|-end|p1b: Iron Bundle|Quark Drive|[silent]\n|switch|p1b: Iron Jugulis|Iron Jugulis|75/100\n|-activate|p1b: Iron Jugulis|ability: Quark Drive\n|-start|p1b: Iron Jugulis|quarkdrivespa\n|move|p2b: Torkoal|Eruption|p1a: Iron Boulder|[spread] p1a,p1b\n|-resisted|p1a: Iron Boulder\n|-damage|p1a: Iron Boulder|57/100\n|-damage|p1b: Iron Jugulis|0 fnt\n|faint|p1b: Iron Jugulis\n|-end|p1b: Iron Jugulis|Quark Drive|[silent]\n|move|p2a: Oranguru|Instruct|p2b: Torkoal\n|-singleturn|p2b: Torkoal|move: Instruct|[of] p2a: Oranguru\n|move|p2b: Torkoal|Eruption|p1a: Iron Boulder\n|-resisted|p1a: Iron Boulder\n|-damage|p1a: Iron Boulder|0 fnt\n|faint|p1a: Iron Boulder\n|-end|p1a: Iron Boulder|Quark Drive|[silent]\n|\n|-weather|SunnyDay|[upkeep]\n|-damage|p2b: Torkoal|82/100 tox|[from] psn\n|upkeep\n|-message|Jaiper_Showdown forfeited.\n|\n|win|alllzz\n|raw|Jaiper_Showdown's rating: 1694 &rarr; <strong>1673</strong><br />(-21 for losing)\n|raw|alllzz's rating: 1684 &rarr; <strong>1705</strong><br />(+21 for winning)\n|l|☆Jaiper_Showdown\n|player|p1|\n|c|☆alllzz|gg\n|l|☆alllzz\n|player|p2|\n", "uploadtime": 1771249692, "views": 6, "formatid": "gen9doublesou", "rating": 1673, "private": 0, "password": null}