{"id": "gen9doublesou-2540381741", "format": "[Gen 9] Doubles OU", "players": ["wombatski", "Nickatkat"], "log": "|j|☆wombatski\n|j|☆Nickatkat\n|t:|1771195229\n|gametype|doubles\n|player|p1|wombatski|266|1532\n|player|p2|Nickatkat|li|1623\n|gen|9\n|tier|[Gen 9] Doubles OU\n|rated|\n|rule|HP Percentage Mod: HP is shown in percentages\n|rule|Endless Battle Clause: Forcing endless battles is banned\n|rule|Species Clause: Limit one of each Pokémon\n|rule|OHKO Clause: OHKO moves are banned\n|rule|Evasion Moves Clause: Evasion moves are banned\n|rule|Gravity Sleep Clause: The combination of sleep-inducing moves with imperfect accuracy and Gravity or Gigantamax Orbeetle are banned\n|rule|Evasion Abilities Clause: Evasion abilities are banned\n|clearpoke\n|poke|p1|Kilowattrel, M|\n|poke|p1|Incineroar, M|\n|poke|p1|Whimsicott, M|\n|poke|p1|Azumarill, M|\n|poke|p1|Farigiraf, M|\n|poke|p1|Landorus-Therian, M|\n|poke|p2|Incineroar, M|\n|poke|p2|Tornadus, M|\n|poke|p2|Gholdengo|\n|poke|p2|Landorus, M|\n|poke|p2|Iron Hands|\n|poke|p2|Ogerpon-Wellspring, F|\n|teampreview\n|inactive|Battle timer is ON: inactive players will automatically lose when time's up. (requested by Nickatkat)\n|inactive|Nickatkat has 120 seconds left.\n|j| hitman9191\n|\n|t:|1771195296\n|teamsize|p1|6\n|teamsize|p2|6\n|start\n|switch|p1a: Kilowattrel|Kilowattrel, M|100/100\n|switch|p1b: Whimsicott|Whimsicott, M, shiny|100/100\n|switch|p2a: Landorus|Landorus, M|100/100\n|switch|p2b: Ogerpon|Ogerpon-Wellspring, F|100/100\n|turn|1\n|inactive|Nickatkat has 120 seconds left.\n|\n|t:|1771195334\n|switch|p2b: Gholdengo|Gholdengo|100/100\n|move|p1b: Whimsicott|Tailwind|p1b: Whimsicott\n|-sidestart|p1: wombatski|move: Tailwind\n|move|p1a: Kilowattrel|Air Slash|p2b: Gholdengo\n|-resisted|p2b: Gholdengo\n|-damage|p2b: Gholdengo|77/100\n|move|p2a: Landorus|Sludge Bomb|p1b: Whimsicott\n|-supereffective|p1b: Whimsicott\n|-damage|p1b: Whimsicott|0 fnt\n|faint|p1b: Whimsicott\n|\n|-heal|p2b: Gholdengo|84/100|[from] item: Leftovers\n|upkeep\n|inactive|wombatski has 120 seconds left.\n|\n|t:|1771195373\n|switch|p1b: Incineroar|Incineroar, M|100/100\n|-ability|p1b: Incineroar|Intimidate|boost\n|-unboost|p2a: Landorus|atk|1\n|-unboost|p2b: Gholdengo|atk|1\n|turn|2\n|\n|t:|1771195390\n|switch|p1a: Farigiraf|Farigiraf, M|100/100\n|move|p2a: Landorus|Protect|p2a: Landorus\n|-singleturn|p2a: Landorus|Protect\n|move|p2b: Gholdengo|Protect|p2b: Gholdengo\n|-singleturn|p2b: Gholdengo|Protect\n|move|p1b: Incineroar|Knock Off|p2b: Gholdengo\n|-activate|p2b: Gholdengo|move: Protect\n|\n|-heal|p2b: Gholdengo|90/100|[from] item: Leftovers\n|upkeep\n|turn|3\n|inactive|wombatski has 120 seconds left.\n|l| hitman9191\n|inactive|Nickatkat has 120 seconds left.\n|\n|t:|1771195421\n|switch|p2b: Incineroar|Incineroar, M|100/100\n|-ability|p2b: Incineroar|Intimidate|boost\n|-unboost|p1a: Farigiraf|atk|1\n|-unboost|p1b: Incineroar|atk|1\n|move|p1b: Incineroar|Knock Off|p2b: Incineroar\n|-resisted|p2b: Incineroar\n|-damage|p2b: Incineroar|86/100\n|-enditem|p2b: Incineroar|Sitrus Berry|[from] move: Knock Off|[of] p1b: Incineroar\n|move|p2a: Landorus|Earth Power|p1b: Incineroar\n|-supereffective|p1b: Incineroar\n|-damage|p1b: Incineroar|0 fnt\n|faint|p1b: Incineroar\n|move|p1a: Farigiraf|Hyper Voice|p2b: Incineroar|[spread] p2a,p2b\n|-damage|p2a: Landorus|53/100\n|-damage|p2b: Incineroar|60/100\n|-enditem|p1a: Farigiraf|Throat Spray\n|-boost|p1a: Farigiraf|spa|1|[from] item: Throat Spray\n|\n|upkeep\n|\n|t:|1771195436\n|switch|p1b: Azumarill|Azumarill, M, shiny|100/100\n|turn|4\n|inactive|wombatski has 120 seconds left.\n|inactive|Nickatkat has 120 seconds left.\n|\n|t:|1771195474\n|switch|p2a: Gholdengo|Gholdengo|90/100\n|move|p2b: Incineroar|Fake Out||[still]\n|cant|p1a: Farigiraf|ability: Armor Tail|Fake Out|[of] p2b: Incineroar\n|move|p1b: Azumarill|Play Rough|p2a: Gholdengo\n|-resisted|p2a: Gholdengo\n|-damage|p2a: Gholdengo|56/100\n|move|p1a: Farigiraf|Hyper Voice|p2a: Gholdengo|[spread] p2b\n|-immune|p2a: Gholdengo\n|-damage|p2b: Incineroar|18/100\n|\n|-heal|p2a: Gholdengo|62/100|[from] item: Leftovers\n|-sideend|p1: wombatski|move: Tailwind\n|upkeep\n|turn|5\n|inactive|wombatski has 120 seconds left.\n|\n|t:|1771195491\n|move|p2a: Gholdengo|Make It Rain|p1a: Farigiraf|[spread] p1a,p1b\n|-damage|p1a: Farigiraf|56/100\n|-damage|p1b: Azumarill|43/100\n|-unboost|p2a: Gholdengo|spa|1\n|move|p2b: Incineroar|Flare Blitz|p1a: Farigiraf\n|-damage|p1a: Farigiraf|8/100\n|-damage|p2b: Incineroar|3/100|[from] Recoil\n|move|p1b: Azumarill|Play Rough|p2b: Incineroar\n|-damage|p2b: Incineroar|0 fnt\n|faint|p2b: Incineroar\n|move|p1a: Farigiraf|Shadow Ball|p2a: Gholdengo\n|-supereffective|p2a: Gholdengo\n|-damage|p2a: Gholdengo|0 fnt\n|faint|p2a: Gholdengo\n|\n|upkeep\n|inactive|Nickatkat has 120 seconds left.\n|\n|t:|1771195514\n|switch|p2a: Tornadus|Tornadus, M|100/100\n|switch|p2b: Landorus|Landorus, M|53/100\n|turn|6\n|inactive|Nickatkat has 120 seconds left.\n|\n|t:|1771195531\n|switch|p1b: Landorus|Landorus-Therian, M|100/100\n|-ability|p1b: Landorus|Intimidate|boost\n|-unboost|p2a: Tornadus|atk|1\n|-unboost|p2b: Landorus|atk|1\n|move|p2b: Landorus|Protect|p2b: Landorus\n|-singleturn|p2b: Landorus|Protect\n|move|p2a: Tornadus|Bleakwind Storm|p1b: Landorus|[spread] p1a\n|-miss|p2a: Tornadus|p1b: Landorus\n|-damage|p1a: Farigiraf|0 fnt\n|faint|p1a: Farigiraf\n|\n|upkeep\n|\n|t:|1771195545\n|switch|p1a: Kilowattrel|Kilowattrel, M|100/100\n|turn|7\n|\n|t:|1771195566\n|move|p2a: Tornadus|Icy Wind|p1a: Kilowattrel|[spread] p1a,p1b\n|-supereffective|p1a: Kilowattrel\n|-supereffective|p1b: Landorus\n|-damage|p1a: Kilowattrel|49/100\n|-damage|p1b: Landorus|25/100\n|-unboost|p1a: Kilowattrel|spe|1\n|-ability|p1a: Kilowattrel|Competitive|boost\n|-boost|p1a: Kilowattrel|spa|2\n|-unboost|p1b: Landorus|spe|1\n|move|p2b: Landorus|Sludge Bomb|p1b: Landorus\n|-resisted|p1b: Landorus\n|-damage|p1b: Landorus|0 fnt\n|faint|p1b: Landorus\n|move|p1a: Kilowattrel|Thunderbolt|p2a: Tornadus\n|-supereffective|p2a: Tornadus\n|-enditem|p2a: Tornadus|Focus Sash\n|-damage|p2a: Tornadus|1/100\n|\n|upkeep\n|\n|t:|1771195579\n|switch|p1b: Azumarill|Azumarill, M, shiny|43/100\n|turn|8\n|\n|t:|1771195595\n|-terastallize|p1a: Kilowattrel|Ghost\n|move|p2a: Tornadus|Bleakwind Storm|p1b: Azumarill|[spread] p1a,p1b\n|-damage|p1a: Kilowattrel|0 fnt\n|-damage|p1b: Azumarill|0 fnt\n|faint|p1a: Kilowattrel\n|faint|p1b: Azumarill\n|\n|win|Nickatkat\n|raw|wombatski's rating: 1532 &rarr; <strong>1517</strong><br />(-15 for losing)\n|raw|Nickatkat's rating: 1623 &rarr; <strong>1638</strong><br />(+15 for winning)\n|l|☆Nickatkat\n|player|p2|\n|l|☆wombatski\n|player|p1|\n", "uploadtime": 1771195984, "views": 14, "formatid": "gen9doublesou", "rating": 1517, "private": 0, "password": null}