{"id": "gen9doublesou-2540912166", "format": "[Gen 9] Doubles OU", "players": ["I❤️娜禄forever", "Jslo32193"], "log": "|j|☆I❤️娜禄forever\n|j|☆Jslo32193\n|t:|1771266456\n|gametype|doubles\n|player|p1|I❤️娜禄forever|youngcouple-gen4dp|1560\n|player|p2|Jslo32193|lance|1541\n|gen|9\n|tier|[Gen 9] Doubles OU\n|rated|\n|rule|HP Percentage Mod: HP is shown in percentages\n|rule|Endless Battle Clause: Forcing endless battles is banned\n|rule|Species Clause: Limit one of each Pokémon\n|rule|OHKO Clause: OHKO moves are banned\n|rule|Evasion Moves Clause: Evasion moves are banned\n|rule|Gravity Sleep Clause: The combination of sleep-inducing moves with imperfect accuracy and Gravity or Gigantamax Orbeetle are banned\n|rule|Evasion Abilities Clause: Evasion abilities are banned\n|clearpoke\n|poke|p1|Pincurchin, M|\n|poke|p1|Iron Hands|\n|poke|p1|Iron Boulder|\n|poke|p1|Weezing, F|\n|poke|p1|Iron Jugulis|\n|poke|p1|Iron Moth|\n|poke|p2|Tyranitar, F|\n|poke|p2|Excadrill, F|\n|poke|p2|Ogerpon-Cornerstone, F|\n|poke|p2|Dragonite, F|\n|poke|p2|Landorus, M|\n|poke|p2|Zapdos|\n|teampreview\n|j| IndigoAdekVGC\n|inactive|Battle timer is ON: inactive players will automatically lose when time's up. (requested by Jslo32193)\n|\n|t:|1771266469\n|teamsize|p1|6\n|teamsize|p2|6\n|start\n|switch|p1a: Weezing|Weezing, F|100/100\n|switch|p1b: Iron Hands|Iron Hands|100/100\n|switch|p2a: Landorus|Landorus, M, shiny|100/100\n|switch|p2b: Zapdos|Zapdos, shiny|100/100\n|-ability|p1a: Weezing|Neutralizing Gas\n|turn|1\n|\n|t:|1771266487\n|move|p1b: Iron Hands|Fake Out|p2a: Landorus\n|-damage|p2a: Landorus|86/100\n|cant|p2a: Landorus|flinch\n|move|p2b: Zapdos|Tailwind|p2b: Zapdos\n|-sidestart|p2: Jslo32193|move: Tailwind\n|move|p1a: Weezing|Substitute|p1a: Weezing\n|-start|p1a: Weezing|Substitute\n|-damage|p1a: Weezing|75/100\n|\n|-heal|p1a: Weezing|82/100|[from] item: Leftovers\n|upkeep\n|turn|2\n|j| ichixn\n|l| ichixn\n|\n|t:|1771266514\n|move|p1a: Weezing|Protect|p1a: Weezing\n|-singleturn|p1a: Weezing|Protect\n|move|p2a: Landorus|Earth Power|p1b: Iron Hands\n|-supereffective|p1b: Iron Hands\n|-damage|p1b: Iron Hands|15/100\n|-enditem|p1b: Iron Hands|Figy Berry|[eat]\n|-heal|p1b: Iron Hands|48/100|[from] item: Figy Berry\n|-damage|p2a: Landorus|76/100|[from] item: Life Orb\n|move|p2b: Zapdos|Thunderbolt|p1a: Weezing\n|-activate|p1a: Weezing|move: Protect\n|move|p1b: Iron Hands|Heavy Slam|p2a: Landorus\n|-damage|p2a: Landorus|30/100\n|\n|-heal|p1a: Weezing|88/100|[from] item: Leftovers\n|upkeep\n|turn|3\n|\n|t:|1771266536\n|-end|p1b: Iron Hands|Quark Drive|[silent]\n|switch|p1b: Iron Jugulis|Iron Jugulis|100/100\n|move|p2a: Landorus|Earth Power|p1b: Iron Jugulis\n|-immune|p1b: Iron Jugulis\n|move|p2b: Zapdos|Thunderbolt|p1a: Weezing\n|-end|p1a: Weezing|Substitute\n|move|p1a: Weezing|Sludge Bomb|p2b: Zapdos\n|-crit|p2b: Zapdos\n|-damage|p2b: Zapdos|59/100\n|\n|-heal|p1a: Weezing|94/100|[from] item: Leftovers\n|upkeep\n|turn|4\n|\n|t:|1771266567\n|move|p1a: Weezing|Protect|p1a: Weezing\n|-singleturn|p1a: Weezing|Protect\n|move|p2a: Landorus|Earth Power|p1a: Weezing\n|-activate|p1a: Weezing|move: Protect\n|move|p2b: Zapdos|Thunderbolt|p1b: Iron Jugulis\n|-supereffective|p1b: Iron Jugulis\n|-damage|p1b: Iron Jugulis|0 fnt\n|faint|p1b: Iron Jugulis\n|-end|p1b: Iron Jugulis|Quark Drive|[silent]\n|\n|-heal|p1a: Weezing|99/100|[from] item: Leftovers\n|-sideend|p2: Jslo32193|move: Tailwind\n|upkeep\n|\n|t:|1771266579\n|switch|p1b: Iron Hands|Iron Hands|48/100\n|turn|5\n|\n|t:|1771266582\n|move|p2a: Landorus|Protect|p2a: Landorus\n|-singleturn|p2a: Landorus|Protect\n|move|p1b: Iron Hands|Fake Out|p2a: Landorus\n|-activate|p2a: Landorus|move: Protect\n|move|p2b: Zapdos|Roost|p2b: Zapdos\n|-heal|p2b: Zapdos|100/100\n|-singleturn|p2b: Zapdos|move: Roost\n|move|p1a: Weezing|Substitute|p1a: Weezing\n|-start|p1a: Weezing|Substitute\n|-damage|p1a: Weezing|75/100\n|\n|-heal|p1a: Weezing|81/100|[from] item: Leftovers\n|upkeep\n|turn|6\n|\n|t:|1771266610\n|-terastallize|p1b: Iron Hands|Grass\n|move|p2a: Landorus|Earth Power|p1b: Iron Hands\n|-resisted|p1b: Iron Hands\n|-crit|p1b: Iron Hands\n|-damage|p1b: Iron Hands|17/100\n|-damage|p2a: Landorus|20/100|[from] item: Life Orb\n|move|p2b: Zapdos|Thunderbolt|p1a: Weezing\n|-end|p1a: Weezing|Substitute\n|move|p1a: Weezing|Sludge Bomb|p2a: Landorus\n|-resisted|p2a: Landorus\n|-damage|p2a: Landorus|2/100\n|move|p1b: Iron Hands|Drain Punch|p2a: Landorus\n|-resisted|p2a: Landorus\n|-damage|p2a: Landorus|0 fnt\n|-heal|p1b: Iron Hands|18/100|[from] drain|[of] p2a: Landorus\n|faint|p2a: Landorus\n|\n|-heal|p1a: Weezing|87/100|[from] item: Leftovers\n|upkeep\n|inactive|Jslo32193 has 120 seconds left.\n|\n|t:|1771266632\n|switch|p2a: Ogerpon|Ogerpon-Cornerstone, F|100/100\n|turn|7\n|\n|t:|1771266651\n|move|p2a: Ogerpon|U-turn|p1b: Iron Hands\n|-supereffective|p1b: Iron Hands\n|-damage|p1b: Iron Hands|0 fnt\n|faint|p1b: Iron Hands\n|-end|p1b: Iron Hands|Quark Drive|[silent]\n|\n|t:|1771266660\n|switch|p2a: Dragonite|Dragonite, F, shiny|100/100|[from] U-turn\n|move|p2b: Zapdos|Thunderbolt|p1a: Weezing\n|-damage|p1a: Weezing|32/100\n|move|p1a: Weezing|Substitute|p1a: Weezing\n|-start|p1a: Weezing|Substitute\n|-damage|p1a: Weezing|7/100\n|\n|-heal|p1a: Weezing|13/100|[from] item: Leftovers\n|upkeep\n|\n|t:|1771266669\n|switch|p1b: Iron Moth|Iron Moth|100/100\n|turn|8\n|\n|t:|1771266692\n|move|p1b: Iron Moth|Protect|p1b: Iron Moth\n|-singleturn|p1b: Iron Moth|Protect\n|move|p2a: Dragonite|Extreme Speed|p1b: Iron Moth\n|-activate|p1b: Iron Moth|move: Protect\n|move|p2b: Zapdos|Thunderbolt|p1a: Weezing\n|-end|p1a: Weezing|Substitute\n|move|p1a: Weezing|Will-O-Wisp|p2a: Dragonite\n|-status|p2a: Dragonite|brn\n|\n|-heal|p1a: Weezing|19/100|[from] item: Leftovers\n|-damage|p2a: Dragonite|94/100 brn|[from] brn\n|upkeep\n|turn|9\n|\n|t:|1771266713\n|-end|p1a: Weezing|ability: Neutralizing Gas\n|switch|p1a: Pincurchin|Pincurchin, M|100/100\n|-fieldstart|move: Electric Terrain|[from] ability: Electric Surge|[of] p1a: Pincurchin\n|-activate|p1b: Iron Moth|ability: Quark Drive\n|-start|p1b: Iron Moth|quarkdrivespa\n|-enditem|p1b: Iron Moth|Electric Seed\n|-boost|p1b: Iron Moth|def|1|[from] item: Electric Seed\n|move|p2a: Dragonite|Extreme Speed|p1a: Pincurchin\n|-damage|p1a: Pincurchin|83/100\n|-enditem|p1a: Pincurchin|Eject Button\n|\n|t:|1771266726\n|switch|p1a: Iron Boulder|Iron Boulder|100/100\n|-activate|p1a: Iron Boulder|ability: Quark Drive\n|-start|p1a: Iron Boulder|quarkdrivespe\n|move|p1b: Iron Moth|Heat Wave|p2a: Dragonite|[spread] p2a,p2b\n|-resisted|p2a: Dragonite\n|-damage|p2a: Dragonite|75/100 brn\n|-damage|p2b: Zapdos|53/100\n|move|p2b: Zapdos|Tailwind|p2b: Zapdos\n|-sidestart|p2: Jslo32193|move: Tailwind\n|\n|-damage|p2a: Dragonite|69/100 brn|[from] brn\n|upkeep\n|turn|10\n|\n|t:|1771266750\n|move|p1a: Iron Boulder|Mighty Cleave|p2b: Zapdos\n|-supereffective|p2b: Zapdos\n|-damage|p2b: Zapdos|0 fnt\n|faint|p2b: Zapdos\n|move|p2a: Dragonite|Iron Head|p1a: Iron Boulder\n|-supereffective|p1a: Iron Boulder\n|-damage|p1a: Iron Boulder|62/100\n|move|p1b: Iron Moth|Heat Wave|p2a: Dragonite\n|-resisted|p2a: Dragonite\n|-damage|p2a: Dragonite|39/100 brn\n|\n|-damage|p2a: Dragonite|33/100 brn|[from] brn\n|upkeep\n|\n|t:|1771266762\n|switch|p2b: Tyranitar|Tyranitar, F, shiny|100/100\n|-weather|Sandstorm|[from] ability: Sand Stream|[of] p2b: Tyranitar\n|turn|11\n|\n|t:|1771266783\n|-terastallize|p2b: Tyranitar|Ghost\n|move|p1b: Iron Moth|Protect|p1b: Iron Moth\n|-singleturn|p1b: Iron Moth|Protect\n|move|p1a: Iron Boulder|Mighty Cleave|p2b: Tyranitar\n|-damage|p2b: Tyranitar|49/100\n|move|p2a: Dragonite|Iron Head|p1a: Iron Boulder\n|-supereffective|p1a: Iron Boulder\n|-damage|p1a: Iron Boulder|25/100\n|move|p2b: Tyranitar|Knock Off|p1a: Iron Boulder\n|-supereffective|p1a: Iron Boulder\n|-damage|p1a: Iron Boulder|0 fnt\n|-enditem|p1a: Iron Boulder|Choice Band|[from] move: Knock Off|[of] p2b: Tyranitar\n|faint|p1a: Iron Boulder\n|-end|p1a: Iron Boulder|Quark Drive|[silent]\n|\n|-weather|Sandstorm|[upkeep]\n|-damage|p2b: Tyranitar|43/100|[from] Sandstorm\n|-damage|p1b: Iron Moth|94/100|[from] Sandstorm\n|-damage|p2a: Dragonite|27/100 brn|[from] brn\n|upkeep\n|\n|t:|1771266797\n|switch|p1a: Weezing|Weezing, F|19/100\n|-ability|p1a: Weezing|Neutralizing Gas\n|turn|12\n|\n|t:|1771266808\n|move|p2a: Dragonite|Extreme Speed|p1a: Weezing\n|-damage|p1a: Weezing|8/100\n|move|p2b: Tyranitar|Rock Slide|p1a: Weezing|[spread] p1a,p1b\n|-supereffective|p1b: Iron Moth\n|-damage|p1a: Weezing|0 fnt\n|-damage|p1b: Iron Moth|48/100\n|faint|p1a: Weezing\n|-end|p1a: Weezing|ability: Neutralizing Gas\n|cant|p1b: Iron Moth|flinch\n|\n|-weather|Sandstorm|[upkeep]\n|-damage|p2b: Tyranitar|37/100|[from] Sandstorm\n|-damage|p1b: Iron Moth|42/100|[from] Sandstorm\n|-damage|p2a: Dragonite|20/100 brn|[from] brn\n|-sideend|p2: Jslo32193|move: Tailwind\n|upkeep\n|\n|t:|1771266818\n|switch|p1a: Pincurchin|Pincurchin, M|83/100\n|turn|13\n|\n|t:|1771266825\n|move|p2a: Dragonite|Extreme Speed|p1b: Iron Moth\n|-damage|p1b: Iron Moth|31/100\n|move|p1a: Pincurchin|Sucker Punch|p2b: Tyranitar\n|-supereffective|p2b: Tyranitar\n|-damage|p2b: Tyranitar|4/100\n|move|p1b: Iron Moth|Heat Wave|p2a: Dragonite|[spread] p2a,p2b\n|-resisted|p2a: Dragonite\n|-damage|p2a: Dragonite|0 fnt\n|-damage|p2b: Tyranitar|0 fnt\n|faint|p2a: Dragonite\n|faint|p2b: Tyranitar\n|\n|-weather|Sandstorm|[upkeep]\n|-damage|p1b: Iron Moth|25/100|[from] Sandstorm\n|-damage|p1a: Pincurchin|77/100|[from] Sandstorm\n|-fieldend|move: Electric Terrain\n|-end|p1b: Iron Moth|Quark Drive\n|upkeep\n|\n|t:|1771266838\n|switch|p2a: Ogerpon|Ogerpon-Cornerstone, F|100/100\n|switch|p2b: Excadrill|Excadrill, F, shiny|100/100\n|turn|14\n|\n|t:|1771266845\n|move|p2a: Ogerpon|Spiky Shield|p2a: Ogerpon\n|-singleturn|p2a: Ogerpon|move: Protect\n|move|p1b: Iron Moth|Protect|p1b: Iron Moth\n|-singleturn|p1b: Iron Moth|Protect\n|move|p1a: Pincurchin|Sucker Punch||[still]\n|-fail|p1a: Pincurchin\n|move|p2b: Excadrill|Earthquake|p1b: Iron Moth|[spread] p1a\n|-activate|p2a: Ogerpon|move: Protect\n|-activate|p1b: Iron Moth|move: Protect\n|-supereffective|p1a: Pincurchin\n|-damage|p1a: Pincurchin|0 fnt\n|faint|p1a: Pincurchin\n|\n|-weather|Sandstorm|[upkeep]\n|-damage|p1b: Iron Moth|19/100|[from] Sandstorm\n|upkeep\n|turn|15\n|\n|t:|1771266862\n|move|p2b: Excadrill|Iron Head|p1b: Iron Moth\n|-resisted|p1b: Iron Moth\n|-damage|p1b: Iron Moth|2/100\n|move|p2a: Ogerpon|Ivy Cudgel|p1b: Iron Moth|[anim] Ivy Cudgel Rock\n|-supereffective|p1b: Iron Moth\n|-damage|p1b: Iron Moth|0 fnt\n|faint|p1b: Iron Moth\n|-end|p1b: Iron Moth|Quark Drive|[silent]\n|\n|win|Jslo32193\n|raw|I❤️娜禄forever's rating: 1560 &rarr; <strong>1539</strong><br />(-21 for losing)\n|raw|Jslo32193's rating: 1541 &rarr; <strong>1562</strong><br />(+21 for winning)\n|l|☆Jslo32193\n|player|p2|\n|l|☆I❤️娜禄forever\n|player|p1|\n|l| IndigoAdekVGC\n", "uploadtime": 1771267268, "views": 2, "formatid": "gen9doublesou", "rating": 1539, "private": 0, "password": null}