{"id": "gen9doublesou-2540237699", "format": "[Gen 9] Doubles OU", "players": ["Natana6l", "lpop"], "log": "|j|☆Natana6l\n|j|☆lpop\n|t:|1771179296\n|gametype|doubles\n|player|p1|Natana6l|flannery|1592\n|player|p2|lpop|roxie|1683\n|gen|9\n|tier|[Gen 9] Doubles OU\n|rated|\n|rule|HP Percentage Mod: HP is shown in percentages\n|rule|Endless Battle Clause: Forcing endless battles is banned\n|rule|Species Clause: Limit one of each Pokémon\n|rule|OHKO Clause: OHKO moves are banned\n|rule|Evasion Moves Clause: Evasion moves are banned\n|rule|Gravity Sleep Clause: The combination of sleep-inducing moves with imperfect accuracy and Gravity or Gigantamax Orbeetle are banned\n|rule|Evasion Abilities Clause: Evasion abilities are banned\n|clearpoke\n|poke|p1|Sneasler, F|\n|poke|p1|Arcanine, M|\n|poke|p1|Latios, M|\n|poke|p1|Cinderace, M|\n|poke|p1|Tyranitar, F|\n|poke|p1|Serperior, F|\n|poke|p2|Pelipper, M|\n|poke|p2|Gastrodon, M|\n|poke|p2|Tornadus, M|\n|poke|p2|Kingdra, M|\n|poke|p2|Ogerpon-Wellspring, F|\n|poke|p2|Thundurus-Therian, M|\n|teampreview\n|inactive|Battle timer is ON: inactive players will automatically lose when time's up. (requested by Natana6l)\n|\n|t:|1771179303\n|teamsize|p1|6\n|teamsize|p2|6\n|start\n|switch|p1a: Sneasler|Sneasler, F|100/100\n|switch|p1b: Latios|Latios, M|100/100\n|switch|p2a: Tornadus|Tornadus, M|100/100\n|switch|p2b: Thundurus|Thundurus-Therian, M|100/100\n|turn|1\n|\n|t:|1771179313\n|move|p1a: Sneasler|Fake Out|p2b: Thundurus\n|-damage|p2b: Thundurus|73/100\n|-damage|p1a: Sneasler|91/100|[from] item: Life Orb\n|move|p2a: Tornadus|Tailwind|p2a: Tornadus\n|-sidestart|p2: lpop|move: Tailwind\n|cant|p2b: Thundurus|flinch\n|move|p1b: Latios|Draco Meteor|p2a: Tornadus|[miss]\n|-miss|p1b: Latios|p2a: Tornadus\n|\n|upkeep\n|turn|2\n|\n|t:|1771179326\n|switch|p2a: Gastrodon|Gastrodon, M|100/100\n|switch|p1a: Tyranitar|Tyranitar, F|100/100\n|-weather|Sandstorm|[from] ability: Sand Stream|[of] p1a: Tyranitar\n|move|p2b: Thundurus|Psychic|p1a: Tyranitar\n|-immune|p1a: Tyranitar\n|move|p1b: Latios|Draco Meteor|p2a: Gastrodon|[miss]\n|-miss|p1b: Latios|p2a: Gastrodon\n|\n|-weather|Sandstorm|[upkeep]\n|-damage|p2b: Thundurus|67/100|[from] Sandstorm\n|-damage|p1b: Latios|95/100|[from] Sandstorm\n|upkeep\n|turn|3\n|\n|t:|1771179348\n|-terastallize|p2b: Thundurus|Steel\n|move|p2b: Thundurus|Flash Cannon|p1a: Tyranitar\n|-supereffective|p1a: Tyranitar\n|-damage|p1a: Tyranitar|32/100\n|-unboost|p1a: Tyranitar|spd|1\n|-enditem|p1a: Tyranitar|Weakness Policy\n|-boost|p1a: Tyranitar|atk|2|[from] item: Weakness Policy\n|-boost|p1a: Tyranitar|spa|2|[from] item: Weakness Policy\n|-damage|p2b: Thundurus|57/100|[from] item: Life Orb\n|move|p1b: Latios|Tailwind|p1b: Latios\n|-sidestart|p1: Natana6l|move: Tailwind\n|move|p1a: Tyranitar|Rock Slide|p2a: Gastrodon|[spread] p2a,p2b\n|-resisted|p2a: Gastrodon\n|-resisted|p2b: Thundurus\n|-damage|p2a: Gastrodon|62/100\n|-damage|p2b: Thundurus|9/100\n|move|p2a: Gastrodon|Earth Power|p1a: Tyranitar\n|-supereffective|p1a: Tyranitar\n|-damage|p1a: Tyranitar|0 fnt\n|faint|p1a: Tyranitar\n|\n|-weather|Sandstorm|[upkeep]\n|-damage|p1b: Latios|89/100|[from] Sandstorm\n|-heal|p2a: Gastrodon|69/100|[from] item: Leftovers\n|upkeep\n|\n|t:|1771179367\n|switch|p1a: Serperior|Serperior, F|100/100\n|turn|4\n|\n|t:|1771179379\n|switch|p2b: Ogerpon|Ogerpon-Wellspring, F|100/100\n|move|p2a: Gastrodon|Protect|p2a: Gastrodon\n|-singleturn|p2a: Gastrodon|Protect\n|move|p1b: Latios|Luster Purge|p2b: Ogerpon\n|-damage|p2b: Ogerpon|32/100\n|-unboost|p2b: Ogerpon|spd|1\n|move|p1a: Serperior|Leaf Storm|p2a: Gastrodon\n|-activate|p2a: Gastrodon|move: Protect\n|\n|-weather|Sandstorm|[upkeep]\n|-damage|p2b: Ogerpon|26/100|[from] Sandstorm\n|-damage|p1b: Latios|83/100|[from] Sandstorm\n|-damage|p1a: Serperior|94/100|[from] Sandstorm\n|-heal|p2a: Gastrodon|75/100|[from] item: Leftovers\n|-sideend|p2: lpop|move: Tailwind\n|upkeep\n|turn|5\n|\n|t:|1771179390\n|move|p2b: Ogerpon|Spiky Shield|p2b: Ogerpon\n|-singleturn|p2b: Ogerpon|move: Protect\n|move|p1b: Latios|Luster Purge|p2b: Ogerpon\n|-activate|p2b: Ogerpon|move: Protect\n|move|p1a: Serperior|Leaf Storm|p2a: Gastrodon\n|-supereffective|p2a: Gastrodon\n|-damage|p2a: Gastrodon|0 fnt\n|-boost|p1a: Serperior|spa|2\n|faint|p2a: Gastrodon\n|\n|-weather|Sandstorm|[upkeep]\n|-damage|p1b: Latios|77/100|[from] Sandstorm\n|-damage|p1a: Serperior|88/100|[from] Sandstorm\n|-damage|p2b: Ogerpon|20/100|[from] Sandstorm\n|upkeep\n|\n|t:|1771179402\n|switch|p2a: Thundurus|Thundurus-Therian, M, tera:Steel|9/100\n|turn|6\n|\n|t:|1771179410\n|move|p1b: Latios|Luster Purge|p2a: Thundurus\n|-resisted|p2a: Thundurus\n|-damage|p2a: Thundurus|0 fnt\n|faint|p2a: Thundurus\n|move|p1a: Serperior|Giga Drain|p2b: Ogerpon\n|-damage|p2b: Ogerpon|0 fnt\n|-heal|p1a: Serperior|97/100|[from] drain|[of] p2b: Ogerpon\n|faint|p2b: Ogerpon\n|\n|-weather|none\n|-sideend|p1: Natana6l|move: Tailwind\n|upkeep\n|\n|t:|1771179417\n|switch|p2b: Tornadus|Tornadus, M|100/100\n|switch|p2a: Pelipper|Pelipper, M|100/100\n|-weather|RainDance|[from] ability: Drizzle|[of] p2a: Pelipper\n|turn|7\n|\n|t:|1771179446\n|switch|p1a: Cinderace|Cinderace, M|100/100\n|move|p2b: Tornadus|Bleakwind Storm|p1a: Cinderace|[spread] p1a,p1b\n|-damage|p1a: Cinderace|46/100\n|-damage|p1b: Latios|39/100\n|-unboost|p1a: Cinderace|spe|1\n|move|p1b: Latios|Draco Meteor|p2b: Tornadus|[miss]\n|-miss|p1b: Latios|p2b: Tornadus\n|move|p2a: Pelipper|Hurricane|p1b: Latios\n|-damage|p1b: Latios|0 fnt\n|faint|p1b: Latios\n|\n|-weather|RainDance|[upkeep]\n|upkeep\n|inactive|Natana6l has 120 seconds left.\n|\n|t:|1771179460\n|switch|p1b: Arcanine|Arcanine, M|100/100\n|-ability|p1b: Arcanine|Intimidate|boost\n|-unboost|p2a: Pelipper|atk|1\n|-unboost|p2b: Tornadus|atk|1\n|turn|8\n|\n|t:|1771179470\n|move|p1b: Arcanine|Extreme Speed|p2b: Tornadus\n|-damage|p2b: Tornadus|44/100\n|-damage|p1b: Arcanine|91/100|[from] item: Life Orb\n|move|p2b: Tornadus|Tailwind|p2b: Tornadus\n|-sidestart|p2: lpop|move: Tailwind\n|move|p1a: Cinderace|Sucker Punch||[still]\n|-fail|p1a: Cinderace\n|move|p2a: Pelipper|Surf|p1b: Arcanine|[spread] p2b,p1a,p1b\n|-supereffective|p1a: Cinderace\n|-supereffective|p1b: Arcanine\n|-damage|p2b: Tornadus|0 fnt\n|-damage|p1a: Cinderace|0 fnt\n|-damage|p1b: Arcanine|0 fnt\n|faint|p2b: Tornadus\n|faint|p1a: Cinderace\n|faint|p1b: Arcanine\n|\n|-weather|RainDance|[upkeep]\n|upkeep\n|\n|t:|1771179475\n|switch|p1a: Sneasler|Sneasler, F|91/100\n|switch|p2b: Kingdra|Kingdra, M|100/100\n|switch|p1b: Serperior|Serperior, F|97/100\n|turn|9\n|\n|t:|1771179501\n|move|p1a: Sneasler|Fake Out|p2a: Pelipper\n|-damage|p2a: Pelipper|75/100\n|-damage|p1a: Sneasler|81/100|[from] item: Life Orb\n|move|p2b: Kingdra|Ice Beam|p1b: Serperior\n|-supereffective|p1b: Serperior\n|-damage|p1b: Serperior|20/100\n|-enditem|p1b: Serperior|Sitrus Berry|[eat]\n|-heal|p1b: Serperior|45/100|[from] item: Sitrus Berry\n|cant|p2a: Pelipper|flinch\n|move|p1b: Serperior|Leaf Storm|p2b: Kingdra\n|-damage|p2b: Kingdra|46/100\n|-boost|p1b: Serperior|spa|2\n|\n|-weather|RainDance|[upkeep]\n|upkeep\n|turn|10\n|\n|t:|1771179526\n|-terastallize|p1a: Sneasler|Dark\n|move|p2b: Kingdra|Ice Beam|p1b: Serperior\n|-supereffective|p1b: Serperior\n|-damage|p1b: Serperior|0 fnt\n|faint|p1b: Serperior\n|move|p1a: Sneasler|Dire Claw|p2a: Pelipper\n|-damage|p2a: Pelipper|0 fnt\n|faint|p2a: Pelipper\n|-damage|p1a: Sneasler|71/100|[from] item: Life Orb\n|\n|-weather|RainDance|[upkeep]\n|upkeep\n|turn|11\n|\n|t:|1771179534\n|move|p2b: Kingdra|Ice Beam|p1a: Sneasler\n|-damage|p1a: Sneasler|17/100\n|-status|p1a: Sneasler|frz\n|cant|p1a: Sneasler|frz\n|\n|-weather|RainDance|[upkeep]\n|-sideend|p2: lpop|move: Tailwind\n|upkeep\n|turn|12\n|\n|t:|1771179539\n|move|p2b: Kingdra|Ice Beam|p1a: Sneasler\n|-damage|p1a: Sneasler|0 fnt\n|faint|p1a: Sneasler\n|\n|win|lpop\n|raw|Natana6l's rating: 1592 &rarr; <strong>1577</strong><br />(-15 for losing)\n|raw|lpop's rating: 1683 &rarr; <strong>1698</strong><br />(+15 for winning)\n|l|☆lpop\n|player|p2|\n|l|☆Natana6l\n|player|p1|\n", "uploadtime": 1771179723, "views": 12, "formatid": "gen9doublesou", "rating": 1577, "private": 0, "password": null}