{"id": "gen9doublesou-2540562478", "format": "[Gen 9] Doubles OU", "players": ["natty dice", "Kyyper"], "log": "|j|☆natty dice\n|j|☆Kyyper\n|t:|1771218463\n|gametype|doubles\n|player|p1|natty dice|bugcatcher-gen4dp|1606\n|player|p2|Kyyper|cheren-gen5bw2|1663\n|gen|9\n|tier|[Gen 9] Doubles OU\n|rated|\n|rule|HP Percentage Mod: HP is shown in percentages\n|rule|Endless Battle Clause: Forcing endless battles is banned\n|rule|Species Clause: Limit one of each Pokémon\n|rule|OHKO Clause: OHKO moves are banned\n|rule|Evasion Moves Clause: Evasion moves are banned\n|rule|Gravity Sleep Clause: The combination of sleep-inducing moves with imperfect accuracy and Gravity or Gigantamax Orbeetle are banned\n|rule|Evasion Abilities Clause: Evasion abilities are banned\n|clearpoke\n|poke|p1|Moltres-Galar|\n|poke|p1|Pelipper, M|\n|poke|p1|Garchomp, M|\n|poke|p1|Sinistcha|\n|poke|p1|Mew|\n|poke|p1|Kleavor, M|\n|poke|p2|Whimsicott, M|\n|poke|p2|Samurott-Hisui, F|\n|poke|p2|Chi-Yu|\n|poke|p2|Zapdos-Galar|\n|poke|p2|Farigiraf, M|\n|poke|p2|Kleavor, F|\n|teampreview\n|inactive|Battle timer is ON: inactive players will automatically lose when time's up. (requested by natty dice)\n|\n|t:|1771218476\n|teamsize|p1|6\n|teamsize|p2|6\n|start\n|switch|p1a: Kleavor|Kleavor, M|100/100\n|switch|p1b: Pelipper|Pelipper, M|100/100\n|switch|p2a: Skale|Kleavor, F, shiny|100/100\n|switch|p2b: Mint|Whimsicott, M, shiny|100/100\n|-weather|RainDance|[from] ability: Drizzle|[of] p1b: Pelipper\n|turn|1\n|\n|t:|1771218496\n|move|p2b: Mint|Tailwind|p2b: Mint\n|-sidestart|p2: Kyyper|move: Tailwind\n|move|p2a: Skale|Stone Axe|p1a: Kleavor|[miss]\n|-miss|p2a: Skale|p1a: Kleavor\n|move|p1a: Kleavor|X-Scissor|p2b: Mint\n|-enditem|p2b: Mint|Focus Sash\n|-damage|p2b: Mint|1/100\n|-damage|p1a: Kleavor|91/100|[from] item: Life Orb\n|move|p1b: Pelipper|Tailwind|p1b: Pelipper\n|-sidestart|p1: natty dice|move: Tailwind\n|\n|-weather|RainDance|[upkeep]\n|upkeep\n|turn|2\n|\n|t:|1771218505\n|move|p2b: Mint|Encore|p1b: Pelipper\n|-start|p1b: Pelipper|Encore\n|move|p1a: Kleavor|Stone Axe|p2b: Mint\n|-damage|p2b: Mint|0 fnt\n|-sidestart|p2: Kyyper|move: Stealth Rock\n|faint|p2b: Mint\n|-damage|p1a: Kleavor|81/100|[from] item: Life Orb\n|move|p2a: Skale|Stone Axe|p1a: Kleavor\n|-supereffective|p1a: Kleavor\n|-damage|p1a: Kleavor|0 fnt\n|-sidestart|p1: natty dice|move: Stealth Rock\n|faint|p1a: Kleavor\n|move|p1b: Pelipper|Tailwind||[still]\n|-fail|p1b: Pelipper\n|\n|-weather|RainDance|[upkeep]\n|upkeep\n|c|☆Kyyper|Crapicals\n|\n|t:|1771218520\n|switch|p2b: Marley|Samurott-Hisui, F, shiny|100/100\n|switch|p1a: Moltres|Moltres-Galar|100/100\n|-damage|p1a: Moltres|76/100|[from] Stealth Rock\n|-damage|p2b: Marley|88/100|[from] Stealth Rock\n|turn|3\n|\n|t:|1771218530\n|switch|p1b: Sinistcha|Sinistcha|100/100\n|-damage|p1b: Sinistcha|88/100|[from] Stealth Rock\n|-heal|p1a: Moltres|100/100|[from] ability: Hospitality|[of] p1b: Sinistcha\n|move|p1a: Moltres|Hurricane|p2a: Skale\n|-crit|p2a: Skale\n|-damage|p2a: Skale|0 fnt\n|faint|p2a: Skale\n|move|p2b: Marley|Ceaseless Edge|p1b: Sinistcha\n|-supereffective|p1b: Sinistcha\n|-damage|p1b: Sinistcha|0 fnt\n|-sidestart|p1: natty dice|Spikes\n|faint|p1b: Sinistcha\n|\n|-weather|RainDance|[upkeep]\n|upkeep\n|c|☆Kyyper|Holy luck\n|\n|t:|1771218552\n|switch|p2a: Chip|Farigiraf, M, shiny|100/100\n|switch|p1b: Pelipper|Pelipper, M|100/100\n|-damage|p1b: Pelipper|75/100|[from] Stealth Rock\n|-damage|p2a: Chip|88/100|[from] Stealth Rock\n|turn|4\n|\n|t:|1771218561\n|move|p2a: Chip|Protect|p2a: Chip\n|-singleturn|p2a: Chip|Protect\n|move|p1a: Moltres|Hurricane|p2b: Marley\n|-damage|p2b: Marley|53/100\n|move|p2b: Marley|Razor Shell|p1a: Moltres\n|-damage|p1a: Moltres|0 fnt\n|faint|p1a: Moltres\n|move|p1b: Pelipper|Muddy Water|p2a: Chip|[spread] p2b\n|-activate|p2a: Chip|move: Protect\n|-resisted|p2b: Marley\n|-damage|p2b: Marley|39/100\n|\n|-weather|RainDance|[upkeep]\n|-sideend|p2: Kyyper|move: Tailwind\n|-sideend|p1: natty dice|move: Tailwind\n|upkeep\n|\n|t:|1771218569\n|switch|p1a: Garchomp|Garchomp, M|100/100\n|-damage|p1a: Garchomp|94/100|[from] Stealth Rock\n|-damage|p1a: Garchomp|82/100|[from] Spikes\n|turn|5\n|\n|t:|1771218584\n|move|p1a: Garchomp|Earthquake|p2a: Chip|[spread] p2a,p2b\n|-immune|p1b: Pelipper\n|-damage|p2a: Chip|49/100\n|-damage|p2b: Marley|0 fnt\n|-enditem|p2a: Chip|Sitrus Berry|[eat]\n|-heal|p2a: Chip|74/100|[from] item: Sitrus Berry\n|faint|p2b: Marley\n|move|p1b: Pelipper|Hurricane|p2a: Chip\n|-crit|p2a: Chip\n|-damage|p2a: Chip|10/100\n|move|p2a: Chip|Trick Room|p2a: Chip\n|-fieldstart|move: Trick Room|[of] p2a: Chip\n|\n|-weather|RainDance|[upkeep]\n|upkeep\n|\n|t:|1771218591\n|switch|p2b: JoJo|Zapdos-Galar, shiny|100/100\n|-damage|p2b: JoJo|88/100|[from] Stealth Rock\n|turn|6\n|\n|t:|1771218608\n|-terastallize|p2b: JoJo|Steel\n|move|p2a: Chip|Psychic|p1b: Pelipper\n|-damage|p1b: Pelipper|22/100\n|move|p1b: Pelipper|Muddy Water|p2b: JoJo|[spread] p2a,p2b\n|-damage|p2a: Chip|0 fnt\n|-damage|p2b: JoJo|41/100\n|faint|p2a: Chip\n|move|p2b: JoJo|Close Combat|p1a: Garchomp\n|-crit|p1a: Garchomp\n|-damage|p1a: Garchomp|0 fnt\n|-unboost|p2b: JoJo|def|1\n|-unboost|p2b: JoJo|spd|1\n|-damage|p2b: JoJo|29/100|[from] ability: Rough Skin|[of] p1a: Garchomp\n|-damage|p2b: JoJo|12/100|[from] item: Rocky Helmet|[of] p1a: Garchomp\n|faint|p1a: Garchomp\n|-damage|p2b: JoJo|2/100|[from] item: Life Orb\n|\n|-weather|RainDance|[upkeep]\n|upkeep\n|\n|t:|1771218619\n|switch|p2a: Quary|Chi-Yu, shiny|100/100\n|switch|p1a: Mew|Mew|100/100\n|-damage|p1a: Mew|88/100|[from] Stealth Rock\n|-damage|p1a: Mew|76/100|[from] Spikes\n|-damage|p2a: Quary|75/100|[from] Stealth Rock\n|-ability|p2a: Quary|Beads of Ruin\n|turn|7\n|\n|t:|1771218626\n|move|p1a: Mew|Helping Hand|p1b: Pelipper\n|-singleturn|p1b: Pelipper|Helping Hand|[of] p1a: Mew\n|move|p1b: Pelipper|Muddy Water|p2a: Quary|[spread] p2a,p2b\n|-supereffective|p2a: Quary\n|-damage|p2a: Quary|0 fnt\n|-damage|p2b: JoJo|0 fnt\n|faint|p2a: Quary\n|faint|p2b: JoJo\n|\n|win|natty dice\n|raw|natty dice's rating: 1606 &rarr; <strong>1629</strong><br />(+23 for winning)\n|raw|Kyyper's rating: 1663 &rarr; <strong>1640</strong><br />(-23 for losing)\n|l|☆Kyyper\n|player|p2|\n|c|☆natty dice|gg\n|l|☆natty dice\n|player|p1|\n", "uploadtime": 1771218971, "views": 14, "formatid": "gen9doublesou", "rating": 1629, "private": 0, "password": null}