{"id": "gen9doublesou-2540213843", "format": "[Gen 9] Doubles OU", "players": ["supremekingburger", "TirTire"], "log": "|j|☆supremekingburger\n|j|☆TirTire\n|t:|1771176574\n|gametype|doubles\n|player|p1|supremekingburger|wattson|1593\n|player|p2|TirTire|bugcatcher-gen4dp|1623\n|gen|9\n|tier|[Gen 9] Doubles OU\n|rated|\n|rule|HP Percentage Mod: HP is shown in percentages\n|rule|Endless Battle Clause: Forcing endless battles is banned\n|rule|Species Clause: Limit one of each Pokémon\n|rule|OHKO Clause: OHKO moves are banned\n|rule|Evasion Moves Clause: Evasion moves are banned\n|rule|Gravity Sleep Clause: The combination of sleep-inducing moves with imperfect accuracy and Gravity or Gigantamax Orbeetle are banned\n|rule|Evasion Abilities Clause: Evasion abilities are banned\n|clearpoke\n|poke|p1|Moltres-Galar|\n|poke|p1|Grimmsnarl, M|\n|poke|p1|Iron Hands|\n|poke|p1|Sinistcha|\n|poke|p1|Ursaluna-Bloodmoon, M|\n|poke|p1|Incineroar, F|\n|poke|p2|Raging Bolt|\n|poke|p2|Torkoal, M|\n|poke|p2|Brute Bonnet|\n|poke|p2|Lilligant, F|\n|poke|p2|Incineroar, F|\n|poke|p2|Walking Wake|\n|teampreview\n|inactive|Battle timer is ON: inactive players will automatically lose when time's up. (requested by TirTire)\n|\n|t:|1771176606\n|teamsize|p1|6\n|teamsize|p2|6\n|start\n|switch|p1a: Grimmsnarl|Grimmsnarl, M|100/100\n|switch|p1b: Moltres|Moltres-Galar|100/100\n|switch|p2a: Joji|Incineroar, F|100/100\n|switch|p2b: MF DOOM|Raging Bolt|100/100\n|-ability|p2a: Joji|Intimidate|boost\n|-unboost|p1a: Grimmsnarl|atk|1\n|-unboost|p1b: Moltres|atk|1\n|-enditem|p2b: MF DOOM|Booster Energy\n|-activate|p2b: MF DOOM|ability: Protosynthesis|[fromitem]\n|-start|p2b: MF DOOM|protosynthesisspa\n|turn|1\n|\n|t:|1771176618\n|switch|p1b: Ursaluna|Ursaluna-Bloodmoon, M|100/100\n|move|p2a: Joji|Fake Out|p1a: Grimmsnarl\n|-damage|p1a: Grimmsnarl|88/100\n|cant|p1a: Grimmsnarl|flinch\n|move|p2b: MF DOOM|Thunderbolt|p1b: Ursaluna\n|-immune|p1b: Ursaluna\n|\n|upkeep\n|turn|2\n|\n|t:|1771176629\n|move|p2b: MF DOOM|Protect|p2b: MF DOOM\n|-singleturn|p2b: MF DOOM|Protect\n|move|p1a: Grimmsnarl|Light Screen|p1a: Grimmsnarl\n|-sidestart|p1: supremekingburger|move: Light Screen\n|move|p2a: Joji|Parting Shot|p1b: Ursaluna\n|-unboost|p1b: Ursaluna|atk|1\n|-unboost|p1b: Ursaluna|spa|1\n|\n|t:|1771176637\n|switch|p2a: Aesop Rock|Brute Bonnet|100/100|[from] Parting Shot\n|move|p1b: Ursaluna|Blood Moon|p2a: Aesop Rock\n|-damage|p2a: Aesop Rock|56/100\n|\n|upkeep\n|turn|3\n|\n|t:|1771176654\n|switch|p1b: Sinistcha|Sinistcha|100/100\n|-heal|p1a: Grimmsnarl|100/100|[from] ability: Hospitality|[of] p1b: Sinistcha\n|move|p1a: Grimmsnarl|Reflect|p1a: Grimmsnarl\n|-sidestart|p1: supremekingburger|Reflect\n|move|p2b: MF DOOM|Thunderbolt|p1a: Grimmsnarl\n|-crit|p1a: Grimmsnarl\n|-damage|p1a: Grimmsnarl|0 fnt\n|faint|p1a: Grimmsnarl\n|move|p2a: Aesop Rock|Spore|p1b: Sinistcha\n|-immune|p1b: Sinistcha\n|\n|upkeep\n|\n|t:|1771176662\n|switch|p1a: Moltres|Moltres-Galar|100/100\n|turn|4\n|\n|t:|1771176679\n|move|p1b: Sinistcha|Rage Powder|p1b: Sinistcha\n|-singleturn|p1b: Sinistcha|move: Rage Powder\n|move|p2a: Aesop Rock|Sucker Punch||[still]\n|-fail|p2a: Aesop Rock\n|move|p1a: Moltres|Air Slash|p2a: Aesop Rock\n|-supereffective|p2a: Aesop Rock\n|-damage|p2a: Aesop Rock|1/100\n|move|p2b: MF DOOM|Thunderbolt|p1b: Sinistcha\n|-resisted|p1b: Sinistcha\n|-damage|p1b: Sinistcha|83/100\n|\n|upkeep\n|turn|5\n|\n|t:|1771176693\n|move|p2a: Aesop Rock|Rage Powder|p2a: Aesop Rock\n|-singleturn|p2a: Aesop Rock|move: Rage Powder\n|move|p1a: Moltres|Nasty Plot|p1a: Moltres\n|-boost|p1a: Moltres|spa|2\n|move|p2b: MF DOOM|Thunderbolt|p1a: Moltres\n|-supereffective|p1a: Moltres\n|-damage|p1a: Moltres|36/100\n|-ability|p1a: Moltres|Berserk|boost\n|-boost|p1a: Moltres|spa|1\n|-enditem|p1a: Moltres|Sitrus Berry|[eat]\n|-heal|p1a: Moltres|61/100|[from] item: Sitrus Berry\n|move|p1b: Sinistcha|Matcha Gotcha|p2a: Aesop Rock|[spread] p2a,p2b\n|-resisted|p2a: Aesop Rock\n|-resisted|p2b: MF DOOM\n|-damage|p2a: Aesop Rock|0 fnt\n|-heal|p1b: Sinistcha|83/100|[from] drain|[of] p2a: Aesop Rock\n|-damage|p2b: MF DOOM|90/100\n|-heal|p1b: Sinistcha|90/100|[from] drain|[of] p2b: MF DOOM\n|-status|p2b: MF DOOM|brn\n|faint|p2a: Aesop Rock\n|-end|p2a: Aesop Rock|Protosynthesis|[silent]\n|\n|-damage|p2b: MF DOOM|84/100 brn|[from] brn\n|upkeep\n|\n|t:|1771176707\n|switch|p2a: ISSBROKIE|Lilligant, F|100/100\n|turn|6\n|\n|t:|1771176712\n|-end|p2b: MF DOOM|Protosynthesis|[silent]\n|switch|p2b: Daveed Digs|Torkoal, M|100/100\n|-weather|SunnyDay|[from] ability: Drought|[of] p2b: Daveed Digs\n|move|p1a: Moltres|Protect|p1a: Moltres\n|-singleturn|p1a: Moltres|Protect\n|move|p2a: ISSBROKIE|Sleep Powder|p1a: Moltres\n|-activate|p1a: Moltres|move: Protect\n|move|p1b: Sinistcha|Trick Room|p1b: Sinistcha\n|-fieldstart|move: Trick Room|[of] p1b: Sinistcha\n|\n|-weather|SunnyDay|[upkeep]\n|upkeep\n|turn|7\n|\n|t:|1771176728\n|switch|p1b: Ursaluna|Ursaluna-Bloodmoon, M|100/100\n|switch|p2a: Joji|Incineroar, F|100/100\n|-ability|p2a: Joji|Intimidate|boost\n|-unboost|p1a: Moltres|atk|1\n|-unboost|p1b: Ursaluna|atk|1\n|move|p2b: Daveed Digs|Protect|p2b: Daveed Digs\n|-singleturn|p2b: Daveed Digs|Protect\n|move|p1a: Moltres|Fiery Wrath|p2a: Joji|[spread] p2a\n|-activate|p2b: Daveed Digs|move: Protect\n|-resisted|p2a: Joji\n|-damage|p2a: Joji|63/100\n|-enditem|p2a: Joji|Eject Button\n|\n|t:|1771176744\n|switch|p2a: MF DOOM|Raging Bolt|84/100 brn\n|-activate|p2a: MF DOOM|ability: Protosynthesis\n|-start|p2a: MF DOOM|protosynthesisspa\n|\n|-weather|SunnyDay|[upkeep]\n|-damage|p2a: MF DOOM|78/100 brn|[from] brn\n|upkeep\n|turn|8\n|\n|t:|1771176756\n|switch|p2b: Joji|Incineroar, F|63/100\n|-ability|p2b: Joji|Intimidate|boost\n|-unboost|p1a: Moltres|atk|1\n|-unboost|p1b: Ursaluna|atk|1\n|move|p1a: Moltres|Protect|p1a: Moltres\n|-singleturn|p1a: Moltres|Protect\n|move|p2a: MF DOOM|Thunderclap||[still]\n|-fail|p2a: MF DOOM\n|move|p1b: Ursaluna|Earth Power|p2a: MF DOOM\n|-supereffective|p2a: MF DOOM\n|-damage|p2a: MF DOOM|0 fnt\n|faint|p2a: MF DOOM\n|-end|p2a: MF DOOM|Protosynthesis|[silent]\n|\n|-weather|SunnyDay|[upkeep]\n|upkeep\n|\n|t:|1771176762\n|switch|p2a: Daveed Digs|Torkoal, M|100/100\n|turn|9\n|\n|t:|1771176768\n|move|p2a: Daveed Digs|Protect|p2a: Daveed Digs\n|-singleturn|p2a: Daveed Digs|Protect\n|move|p1b: Ursaluna|Hyper Voice|p2a: Daveed Digs|[spread] p2b\n|-activate|p2a: Daveed Digs|move: Protect\n|-damage|p2b: Joji|26/100\n|move|p2b: Joji|Flare Blitz|p1b: Ursaluna\n|-damage|p1b: Ursaluna|56/100\n|-damage|p2b: Joji|10/100|[from] Recoil\n|move|p1a: Moltres|Fiery Wrath|p2a: Daveed Digs|[spread] p2b\n|-activate|p2a: Daveed Digs|move: Protect\n|-resisted|p2b: Joji\n|-crit|p2b: Joji\n|-damage|p2b: Joji|0 fnt\n|faint|p2b: Joji\n|\n|-weather|SunnyDay|[upkeep]\n|-sideend|p1: supremekingburger|move: Light Screen\n|upkeep\n|\n|t:|1771176773\n|switch|p2b: MC Ride|Walking Wake|100/100\n|-activate|p2b: MC Ride|ability: Protosynthesis\n|-start|p2b: MC Ride|protosynthesisspa\n|turn|10\n|\n|t:|1771176779\n|move|p2b: MC Ride|Protect|p2b: MC Ride\n|-singleturn|p2b: MC Ride|Protect\n|move|p2a: Daveed Digs|Eruption|p1b: Ursaluna|[spread] p1a,p1b\n|-damage|p1a: Moltres|9/100\n|-damage|p1b: Ursaluna|2/100\n|-ability|p1a: Moltres|Berserk|boost\n|-boost|p1a: Moltres|spa|1\n|move|p1b: Ursaluna|Blood Moon|p2b: MC Ride\n|-activate|p2b: MC Ride|move: Protect\n|move|p1a: Moltres|Fiery Wrath|p2b: MC Ride|[spread] p2a\n|-activate|p2b: MC Ride|move: Protect\n|-damage|p2a: Daveed Digs|0 fnt\n|faint|p2a: Daveed Digs\n|\n|-weather|SunnyDay|[upkeep]\n|-sideend|p1: supremekingburger|Reflect\n|-fieldend|move: Trick Room\n|upkeep\n|\n|t:|1771176782\n|switch|p2a: ISSBROKIE|Lilligant, F|100/100\n|turn|11\n|\n|t:|1771176797\n|switch|p1b: Incineroar|Incineroar, F|100/100\n|-ability|p1b: Incineroar|Intimidate|boost\n|-unboost|p2a: ISSBROKIE|atk|1\n|-unboost|p2b: MC Ride|atk|1\n|move|p1a: Moltres|Protect|p1a: Moltres\n|-singleturn|p1a: Moltres|Protect\n|move|p2a: ISSBROKIE|Growth|p2a: ISSBROKIE\n|-boost|p2a: ISSBROKIE|atk|2\n|-boost|p2a: ISSBROKIE|spa|2\n|move|p2b: MC Ride|Snarl|p1a: Moltres|[spread] p1b\n|-activate|p1a: Moltres|move: Protect\n|-resisted|p1b: Incineroar\n|-damage|p1b: Incineroar|92/100\n|-unboost|p1b: Incineroar|spa|1\n|-damage|p2b: MC Ride|91/100|[from] item: Life Orb\n|\n|-weather|SunnyDay|[upkeep]\n|upkeep\n|turn|12\n|\n|t:|1771176820\n|move|p2a: ISSBROKIE|Weather Ball|p1a: Moltres\n|-damage|p1a: Moltres|0 fnt\n|faint|p1a: Moltres\n|move|p2b: MC Ride|Hydro Steam|p1b: Incineroar\n|-supereffective|p1b: Incineroar\n|-damage|p1b: Incineroar|0 fnt\n|faint|p1b: Incineroar\n|-damage|p2b: MC Ride|81/100|[from] item: Life Orb\n|\n|-weather|SunnyDay|[upkeep]\n|upkeep\n|\n|t:|1771176825\n|switch|p1a: Iron Hands|Iron Hands|100/100\n|switch|p1b: Sinistcha|Sinistcha|90/100\n|turn|13\n|\n|t:|1771176833\n|-terastallize|p1b: Sinistcha|Fire\n|move|p2b: MC Ride|Protect|p2b: MC Ride\n|-singleturn|p2b: MC Ride|Protect\n|move|p2a: ISSBROKIE|Weather Ball|p1b: Sinistcha\n|-resisted|p1b: Sinistcha\n|-damage|p1b: Sinistcha|51/100\n|move|p1a: Iron Hands|Swords Dance|p1a: Iron Hands\n|-boost|p1a: Iron Hands|atk|2\n|move|p1b: Sinistcha|Trick Room|p1b: Sinistcha\n|-fieldstart|move: Trick Room|[of] p1b: Sinistcha\n|\n|-weather|none\n|-end|p2b: MC Ride|Protosynthesis\n|upkeep\n|turn|14\n|\n|t:|1771176851\n|move|p1a: Iron Hands|Drain Punch|p2a: ISSBROKIE\n|-enditem|p2a: ISSBROKIE|Focus Sash\n|-damage|p2a: ISSBROKIE|1/100\n|move|p1b: Sinistcha|Matcha Gotcha|p2b: MC Ride|[spread] p2a\n|-miss|p1b: Sinistcha|p2b: MC Ride\n|-resisted|p2a: ISSBROKIE\n|-damage|p2a: ISSBROKIE|0 fnt\n|-heal|p1b: Sinistcha|51/100|[from] drain|[of] p2a: ISSBROKIE\n|faint|p2a: ISSBROKIE\n|move|p2b: MC Ride|Hydro Steam|p1b: Sinistcha\n|-supereffective|p1b: Sinistcha\n|-damage|p1b: Sinistcha|0 fnt\n|faint|p1b: Sinistcha\n|-damage|p2b: MC Ride|71/100|[from] item: Life Orb\n|\n|upkeep\n|\n|t:|1771176854\n|switch|p1b: Ursaluna|Ursaluna-Bloodmoon, M|2/100\n|turn|15\n|\n|t:|1771176861\n|move|p2b: MC Ride|Protect|p2b: MC Ride\n|-singleturn|p2b: MC Ride|Protect\n|move|p1b: Ursaluna|Blood Moon|p2b: MC Ride\n|-activate|p2b: MC Ride|move: Protect\n|move|p1a: Iron Hands|Drain Punch|p2b: MC Ride\n|-activate|p2b: MC Ride|move: Protect\n|\n|upkeep\n|turn|16\n|\n|t:|1771176865\n|move|p1b: Ursaluna|Hyper Voice|p2b: MC Ride\n|-damage|p2b: MC Ride|13/100\n|move|p1a: Iron Hands|Drain Punch|p2b: MC Ride\n|-damage|p2b: MC Ride|0 fnt\n|faint|p2b: MC Ride\n|-end|p2b: MC Ride|Protosynthesis|[silent]\n|\n|win|supremekingburger\n|raw|supremekingburger's rating: 1593 &rarr; <strong>1615</strong><br />(+22 for winning)\n|raw|TirTire's rating: 1623 &rarr; <strong>1601</strong><br />(-22 for losing)\n|l|☆supremekingburger\n|player|p1|\n|l|☆TirTire\n|player|p2|\n", "uploadtime": 1771177135, "views": 10, "formatid": "gen9doublesou", "rating": 1601, "private": 0, "password": null}