{"id": "gen9doublesou-2540588140", "format": "[Gen 9] Doubles OU", "players": ["prithalt67", "phononmode"], "log": "|j|‽prithalt67\n|j|☆phononmode\n|t:|1771222670\n|gametype|doubles\n|player|p1|prithalt67|n|1578\n|player|p2|phononmode|169|1572\n|gen|9\n|tier|[Gen 9] Doubles OU\n|rated|\n|rule|HP Percentage Mod: HP is shown in percentages\n|rule|Endless Battle Clause: Forcing endless battles is banned\n|rule|Species Clause: Limit one of each Pokémon\n|rule|OHKO Clause: OHKO moves are banned\n|rule|Evasion Moves Clause: Evasion moves are banned\n|rule|Gravity Sleep Clause: The combination of sleep-inducing moves with imperfect accuracy and Gravity or Gigantamax Orbeetle are banned\n|rule|Evasion Abilities Clause: Evasion abilities are banned\n|clearpoke\n|poke|p1|Gholdengo|\n|poke|p1|Okidogi, M|\n|poke|p1|Rillaboom, F|\n|poke|p1|Dragonite, M|\n|poke|p1|Farigiraf, M|\n|poke|p1|Chien-Pao|\n|poke|p2|Flamigo, M|\n|poke|p2|Blaziken, M|\n|poke|p2|Iron Hands|\n|poke|p2|Whimsicott, M|\n|poke|p2|Lucario, F|\n|poke|p2|Riolu, M|\n|teampreview\n|inactive|Battle timer is ON: inactive players will automatically lose when time's up. (requested by prithalt67)\n|\n|t:|1771222687\n|teamsize|p1|6\n|teamsize|p2|6\n|start\n|switch|p1a: Dragonite|Dragonite, M|100/100\n|switch|p1b: Farigiraf|Farigiraf, M|100/100\n|switch|p2a: Whimsicott|Whimsicott, M|100/100\n|switch|p2b: Lucario|Lucario, F|100/100\n|turn|1\n|\n|t:|1771222695\n|move|p2a: Whimsicott|Beat Up|p2b: Lucario\n|-resisted|p2b: Lucario\n|-crit|p2b: Lucario\n|-damage|p2b: Lucario|98/100\n|-ability|p2b: Lucario|Justified|boost\n|-boost|p2b: Lucario|atk|1\n|-resisted|p2b: Lucario\n|-damage|p2b: Lucario|96/100\n|-ability|p2b: Lucario|Justified|boost\n|-boost|p2b: Lucario|atk|1\n|-resisted|p2b: Lucario\n|-damage|p2b: Lucario|94/100\n|-ability|p2b: Lucario|Justified|boost\n|-boost|p2b: Lucario|atk|1\n|-resisted|p2b: Lucario\n|-damage|p2b: Lucario|92/100\n|-ability|p2b: Lucario|Justified|boost\n|-boost|p2b: Lucario|atk|1\n|-resisted|p2b: Lucario\n|-damage|p2b: Lucario|90/100\n|-ability|p2b: Lucario|Justified|boost\n|-boost|p2b: Lucario|atk|1\n|-resisted|p2b: Lucario\n|-damage|p2b: Lucario|88/100\n|-ability|p2b: Lucario|Justified|boost\n|-boost|p2b: Lucario|atk|1\n|-hitcount|p2b: Lucario|6\n|move|p2b: Lucario|Meteor Mash|p1b: Farigiraf\n|-damage|p1b: Farigiraf|0 fnt\n|faint|p1b: Farigiraf\n|move|p1a: Dragonite|Haze|p1a: Dragonite\n|-clearallboost\n|\n|upkeep\n|\n|t:|1771222717\n|switch|p1b: Chien-Pao|Chien-Pao|100/100\n|-ability|p1b: Chien-Pao|Sword of Ruin\n|turn|2\n|\n|t:|1771222723\n|move|p1b: Chien-Pao|Protect|p1b: Chien-Pao\n|-singleturn|p1b: Chien-Pao|Protect\n|move|p2b: Lucario|Bullet Punch|p1b: Chien-Pao\n|-activate|p1b: Chien-Pao|move: Protect\n|move|p2a: Whimsicott|Beat Up|p1b: Chien-Pao\n|-activate|p1b: Chien-Pao|move: Protect\n|move|p1a: Dragonite|Tailwind|p1a: Dragonite\n|-sidestart|p1: prithalt67|move: Tailwind\n|\n|upkeep\n|turn|3\n|\n|t:|1771222743\n|move|p1a: Dragonite|Extreme Speed|p2a: Whimsicott\n|-damage|p2a: Whimsicott|55/100\n|move|p2a: Whimsicott|Encore|p1a: Dragonite\n|-start|p1a: Dragonite|Encore\n|move|p2b: Lucario|Bullet Punch|p1b: Chien-Pao\n|-supereffective|p1b: Chien-Pao\n|-damage|p1b: Chien-Pao|47/100\n|move|p1b: Chien-Pao|Sacred Sword|p2b: Lucario\n|-supereffective|p2b: Lucario\n|-damage|p2b: Lucario|0 fnt\n|faint|p2b: Lucario\n|\n|upkeep\n|\n|t:|1771222750\n|switch|p2b: Iron Hands|Iron Hands|100/100\n|turn|4\n|\n|t:|1771222768\n|switch|p1b: Gholdengo|Gholdengo|100/100\n|-terastallize|p1a: Dragonite|Normal\n|move|p2b: Iron Hands|Fake Out|p1a: Dragonite\n|-damage|p1a: Dragonite|94/100\n|cant|p1a: Dragonite|flinch\n|move|p2a: Whimsicott|Trick Room|p2a: Whimsicott\n|-fieldstart|move: Trick Room|[of] p2a: Whimsicott\n|\n|upkeep\n|turn|5\n|\n|t:|1771222793\n|switch|p2a: Riolu|Riolu, M|100/100\n|move|p1a: Dragonite|Extreme Speed|p2a: Riolu\n|-enditem|p2a: Riolu|Focus Sash\n|-damage|p2a: Riolu|1/100\n|move|p2b: Iron Hands|Drain Punch|p1a: Dragonite\n|-supereffective|p1a: Dragonite\n|-damage|p1a: Dragonite|31/100\n|move|p1b: Gholdengo|Shadow Ball|p2b: Iron Hands\n|-damage|p2b: Iron Hands|77/100\n|-damage|p1b: Gholdengo|91/100|[from] item: Life Orb\n|\n|-sideend|p1: prithalt67|move: Tailwind\n|upkeep\n|turn|6\n|\n|t:|1771222811\n|move|p2a: Riolu|Upper Hand|p1a: Dragonite\n|-supereffective|p1a: Dragonite\n|-damage|p1a: Dragonite|0 fnt\n|faint|p1a: Dragonite\n|move|p2b: Iron Hands|Drain Punch|p1b: Gholdengo\n|-immune|p1b: Gholdengo\n|move|p1b: Gholdengo|Make It Rain|p2a: Riolu|[spread] p2a,p2b\n|-resisted|p2b: Iron Hands\n|-damage|p2a: Riolu|0 fnt\n|-damage|p2b: Iron Hands|64/100\n|-unboost|p1b: Gholdengo|spa|1\n|faint|p2a: Riolu\n|-damage|p1b: Gholdengo|81/100|[from] item: Life Orb\n|\n|upkeep\n|\n|t:|1771222820\n|switch|p2a: Blaziken|Blaziken, M|100/100\n|switch|p1a: Rillaboom|Rillaboom, F|100/100\n|-fieldstart|move: Grassy Terrain|[from] ability: Grassy Surge|[of] p1a: Rillaboom\n|turn|7\n|\n|t:|1771222831\n|move|p1a: Rillaboom|Fake Out|p2b: Iron Hands\n|-damage|p2b: Iron Hands|55/100\n|cant|p2b: Iron Hands|flinch\n|move|p1b: Gholdengo|Shadow Ball|p2a: Blaziken\n|-damage|p2a: Blaziken|43/100\n|-damage|p1b: Gholdengo|71/100|[from] item: Life Orb\n|move|p2a: Blaziken|Swords Dance|p2a: Blaziken\n|-boost|p2a: Blaziken|atk|2\n|\n|-heal|p2b: Iron Hands|61/100|[from] Grassy Terrain\n|-heal|p1b: Gholdengo|77/100|[from] Grassy Terrain\n|-heal|p2a: Blaziken|49/100|[from] Grassy Terrain\n|-ability|p2a: Blaziken|Speed Boost|boost\n|-boost|p2a: Blaziken|spe|1\n|upkeep\n|turn|8\n|\n|t:|1771222846\n|move|p2a: Blaziken|Protect|p2a: Blaziken\n|-singleturn|p2a: Blaziken|Protect\n|move|p2b: Iron Hands|Drain Punch|p1a: Rillaboom\n|-crit|p1a: Rillaboom\n|-damage|p1a: Rillaboom|53/100\n|-heal|p2b: Iron Hands|79/100|[from] drain|[of] p1a: Rillaboom\n|move|p1a: Rillaboom|Wood Hammer|p2b: Iron Hands\n|-damage|p2b: Iron Hands|32/100\n|-damage|p1a: Rillaboom|34/100|[from] Recoil\n|move|p1b: Gholdengo|Shadow Ball|p2a: Blaziken\n|-activate|p2a: Blaziken|move: Protect\n|\n|-heal|p2b: Iron Hands|39/100|[from] Grassy Terrain\n|-heal|p1a: Rillaboom|40/100|[from] Grassy Terrain\n|-heal|p1b: Gholdengo|83/100|[from] Grassy Terrain\n|-heal|p2a: Blaziken|55/100|[from] Grassy Terrain\n|-fieldend|move: Trick Room\n|-ability|p2a: Blaziken|Speed Boost|boost\n|-boost|p2a: Blaziken|spe|1\n|upkeep\n|turn|9\n|j| Eojcollectors\n|inactive|phononmode has 120 seconds left.\n|\n|t:|1771222902\n|move|p2a: Blaziken|Flare Blitz|p1a: Rillaboom\n|-supereffective|p1a: Rillaboom\n|-damage|p1a: Rillaboom|0 fnt\n|faint|p1a: Rillaboom\n|-damage|p2a: Blaziken|38/100|[from] Recoil\n|move|p1b: Gholdengo|Shadow Ball|p2a: Blaziken\n|-damage|p2a: Blaziken|0 fnt\n|faint|p2a: Blaziken\n|-damage|p1b: Gholdengo|73/100|[from] item: Life Orb\n|move|p2b: Iron Hands|Wild Charge|p1b: Gholdengo\n|-damage|p1b: Gholdengo|39/100\n|-damage|p2b: Iron Hands|33/100|[from] Recoil\n|\n|-heal|p1b: Gholdengo|45/100|[from] Grassy Terrain\n|-heal|p2b: Iron Hands|39/100|[from] Grassy Terrain\n|upkeep\n|\n|t:|1771222912\n|switch|p2a: Whimsicott|Whimsicott, M|55/100\n|switch|p1a: Chien-Pao|Chien-Pao|47/100\n|-ability|p1a: Chien-Pao|Sword of Ruin\n|turn|10\n|l| Eojcollectors\n|\n|t:|1771222919\n|move|p2a: Whimsicott|Tailwind|p2a: Whimsicott\n|-sidestart|p2: phononmode|move: Tailwind\n|move|p1a: Chien-Pao|Icicle Crash|p2b: Iron Hands\n|-damage|p2b: Iron Hands|2/100\n|move|p1b: Gholdengo|Make It Rain|p2b: Iron Hands|[spread] p2a,p2b\n|-supereffective|p2a: Whimsicott\n|-resisted|p2b: Iron Hands\n|-damage|p2a: Whimsicott|0 fnt\n|-damage|p2b: Iron Hands|0 fnt\n|-unboost|p1b: Gholdengo|spa|1\n|faint|p2a: Whimsicott\n|faint|p2b: Iron Hands\n|-end|p2b: Iron Hands|Quark Drive|[silent]\n|-damage|p1b: Gholdengo|35/100|[from] item: Life Orb\n|\n|-heal|p1a: Chien-Pao|53/100|[from] Grassy Terrain\n|-heal|p1b: Gholdengo|41/100|[from] Grassy Terrain\n|upkeep\n|\n|t:|1771222927\n|switch|p2b: Flamigo|Flamigo, M|100/100\n|turn|11\n|\n|t:|1771222933\n|switch|p1b: Okidogi|Okidogi, M|100/100\n|move|p1a: Chien-Pao|Protect|p1a: Chien-Pao\n|-singleturn|p1a: Chien-Pao|Protect\n|move|p2b: Flamigo|Swords Dance|p2b: Flamigo\n|-boost|p2b: Flamigo|atk|2\n|\n|-heal|p1a: Chien-Pao|59/100|[from] Grassy Terrain\n|-fieldend|move: Grassy Terrain\n|upkeep\n|turn|12\n|\n|t:|1771222947\n|move|p1a: Chien-Pao|Sucker Punch|p2b: Flamigo\n|-resisted|p2b: Flamigo\n|-damage|p2b: Flamigo|67/100\n|move|p2b: Flamigo|Brave Bird|p1a: Chien-Pao\n|-damage|p1a: Chien-Pao|0 fnt\n|faint|p1a: Chien-Pao\n|-damage|p2b: Flamigo|48/100|[from] Recoil\n|move|p1b: Okidogi|Poison Jab|p2b: Flamigo\n|-damage|p2b: Flamigo|0 fnt\n|faint|p2b: Flamigo\n|\n|win|prithalt67\n|raw|prithalt67's rating: 1578 &rarr; <strong>1598</strong><br />(+20 for winning)\n|raw|phononmode's rating: 1572 &rarr; <strong>1552</strong><br />(-20 for losing)\n|l|☆phononmode\n|player|p2|\n|l|‽prithalt67\n|player|p1|\n", "uploadtime": 1771223238, "views": 15, "formatid": "gen9doublesou", "rating": 1552, "private": 0, "password": null}