{"id": "gen9doublesou-2640019596", "format": "[Gen 9] Doubles OU", "players": ["arnaldinpaitome", "4story"], "log": "|j|☆arnaldinpaitome\n|j|☆4story\n|t:|1782564932\n|gametype|doubles\n|player|p1|arnaldinpaitome|2|1600\n|player|p2|4story|psychic-gen2|1602\n|gen|9\n|tier|[Gen 9] Doubles OU\n|rated|\n|rule|HP Percentage Mod: HP is shown in percentages\n|rule|Endless Battle Clause: Forcing endless battles is banned\n|rule|Species Clause: Limit one of each Pokémon\n|rule|OHKO Clause: OHKO moves are banned\n|rule|Evasion Moves Clause: Evasion moves are banned\n|rule|Gravity Sleep Clause: The combination of sleep-inducing moves with imperfect accuracy and Gravity or Gigantamax Orbeetle are banned\n|rule|Evasion Abilities Clause: Evasion abilities are banned\n|clearpoke\n|poke|p1|Cresselia, F|\n|poke|p1|Sinistcha-Masterpiece|\n|poke|p1|Primarina, F|\n|poke|p1|Ursaluna, M|\n|poke|p1|Kingambit, M|\n|poke|p1|Dragonite, M|\n|poke|p2|Torkoal, L98, M|\n|poke|p2|Hatterene, L99, F|\n|poke|p2|Indeedee-F, F|\n|poke|p2|Farigiraf, M|\n|poke|p2|Diancie|\n|poke|p2|Iron Hands|\n|teampreview\n|inactive|Battle timer is ON: inactive players will automatically lose when time's up. (requested by 4story)\n|inactive|arnaldinpaitome has 120 seconds left.\n|inactive|4story has 120 seconds left.\n|\n|t:|1782564970\n|teamsize|p1|6\n|teamsize|p2|6\n|start\n|switch|p1a: Lauryn Hill|Primarina, F, shiny|100/100\n|switch|p1b: Stacy Epps|Cresselia, F, shiny|100/100\n|switch|p2a: Indeedee|Indeedee-F, F, shiny|100/100\n|switch|p2b: Hatterene|Hatterene, L99, F, shiny|100/100\n|-fieldstart|move: Psychic Terrain|[from] ability: Psychic Surge|[of] p2a: Indeedee\n|turn|1\n|inactive|arnaldinpaitome has 120 seconds left.\n|\n|t:|1782565012\n|move|p2a: Indeedee|Follow Me|p2a: Indeedee\n|-singleturn|p2a: Indeedee|move: Follow Me\n|move|p1b: Stacy Epps|Psychic|p2a: Indeedee\n|-resisted|p2a: Indeedee\n|-damage|p2a: Indeedee|88/100\n|-enditem|p2a: Indeedee|Red Card|[of] p1b: Stacy Epps\n|drag|p1b: Matheus Martinelli|Kingambit, M, shiny|100/100\n|move|p1a: Lauryn Hill|Hyper Voice|p2a: Indeedee|[spread] p2a,p2b\n|-damage|p2a: Indeedee|56/100\n|-damage|p2b: Hatterene|58/100\n|-enditem|p1a: Lauryn Hill|Throat Spray\n|-boost|p1a: Lauryn Hill|spa|1|[from] item: Throat Spray\n|move|p2b: Hatterene|Trick Room|p2b: Hatterene\n|-fieldstart|move: Trick Room|[of] p2b: Hatterene\n|\n|upkeep\n|turn|2\n|inactive|arnaldinpaitome has 120 seconds left.\n|\n|t:|1782565046\n|switch|p2b: Iron Hands|Iron Hands, shiny|100/100\n|move|p1b: Matheus Martinelli|Kowtow Cleave|p2a: Indeedee\n|-supereffective|p2a: Indeedee\n|-damage|p2a: Indeedee|0 fnt\n|faint|p2a: Indeedee\n|move|p1a: Lauryn Hill|Hyper Voice|p2b: Iron Hands\n|-damage|p2b: Iron Hands|31/100\n|\n|upkeep\n|\n|t:|1782565054\n|switch|p2a: Torkoal|Torkoal, L98, M, shiny|100/100\n|-weather|SunnyDay|[from] ability: Drought|[of] p2a: Torkoal\n|turn|3\n|inactive|arnaldinpaitome has 120 seconds left.\n|inactive|arnaldinpaitome has 90 seconds left.\n|\n|t:|1782565118\n|-terastallize|p2a: Torkoal|Fire\n|move|p2a: Torkoal|Eruption|p1b: Matheus Martinelli|[spread] p1a,p1b\n|-resisted|p1a: Lauryn Hill\n|-supereffective|p1b: Matheus Martinelli\n|-damage|p1a: Lauryn Hill|56/100\n|-damage|p1b: Matheus Martinelli|0 fnt\n|faint|p1b: Matheus Martinelli\n|move|p1a: Lauryn Hill|Hyper Voice|p2a: Torkoal|[spread] p2a,p2b\n|-supereffective|p2a: Torkoal\n|-damage|p2a: Torkoal|24/100\n|-damage|p2b: Iron Hands|3/100\n|move|p2b: Iron Hands|Wild Charge|p1a: Lauryn Hill\n|-supereffective|p1a: Lauryn Hill\n|-damage|p1a: Lauryn Hill|0 fnt\n|faint|p1a: Lauryn Hill\n|-damage|p2b: Iron Hands|0 fnt|[from] Recoil\n|faint|p2b: Iron Hands\n|-end|p2b: Iron Hands|Quark Drive|[silent]\n|\n|-weather|SunnyDay|[upkeep]\n|upkeep\n|inactive|arnaldinpaitome has 60 seconds left.\n|\n|t:|1782565145\n|switch|p1b: Erykah Badu|Sinistcha-Masterpiece, shiny|100/100\n|switch|p1a: PH Ganso|Ursaluna, M, shiny|100/100\n|switch|p2b: Hatterene|Hatterene, L99, F, shiny|58/100\n|turn|4\n|\n|t:|1782565175\n|move|p2a: Torkoal|Heat Wave|p1b: Erykah Badu|[spread] p1a,p1b\n|-supereffective|p1b: Erykah Badu\n|-damage|p1a: PH Ganso|41/100\n|-enditem|p1b: Erykah Badu|Focus Sash\n|-damage|p1b: Erykah Badu|1/100\n|move|p2b: Hatterene|Expanding Force|p1a: PH Ganso|[spread] p1a,p1b\n|-damage|p1a: PH Ganso|0 fnt\n|-damage|p1b: Erykah Badu|0 fnt\n|faint|p1a: PH Ganso\n|faint|p1b: Erykah Badu\n|\n|-weather|SunnyDay|[upkeep]\n|upkeep\n|\n|t:|1782565183\n|switch|p1a: Stacy Epps|Cresselia, F, shiny|100/100\n|switch|p1b: Lucho Acosta|Dragonite, M, shiny|100/100\n|turn|5\n|\n|t:|1782565189\n|move|p1b: Lucho Acosta|Protect|p1b: Lucho Acosta\n|-singleturn|p1b: Lucho Acosta|Protect\n|move|p1a: Stacy Epps|Protect|p1a: Stacy Epps\n|-singleturn|p1a: Stacy Epps|Protect\n|move|p2a: Torkoal|Heat Wave|p1b: Lucho Acosta|[spread] \n|-activate|p1a: Stacy Epps|move: Protect\n|-activate|p1b: Lucho Acosta|move: Protect\n|move|p2b: Hatterene|Expanding Force|p1a: Stacy Epps|[spread] \n|-activate|p1a: Stacy Epps|move: Protect\n|-activate|p1b: Lucho Acosta|move: Protect\n|\n|-weather|SunnyDay|[upkeep]\n|-fieldend|move: Trick Room\n|-fieldend|move: Psychic Terrain\n|upkeep\n|turn|6\n|inactive|arnaldinpaitome has 90 seconds left.\n|\n|t:|1782565225\n|-terastallize|p1b: Lucho Acosta|Normal\n|move|p2a: Torkoal|Protect|p2a: Torkoal\n|-singleturn|p2a: Torkoal|Protect\n|move|p1a: Stacy Epps|Psychic|p2a: Torkoal\n|-activate|p2a: Torkoal|move: Protect\n|move|p1b: Lucho Acosta|Rock Slide|p2b: Hatterene|[spread] p2b\n|-activate|p2a: Torkoal|move: Protect\n|-damage|p2b: Hatterene|33/100\n|move|p2b: Hatterene|Trick Room|p2b: Hatterene\n|-fieldstart|move: Trick Room|[of] p2b: Hatterene\n|\n|-weather|SunnyDay|[upkeep]\n|upkeep\n|turn|7\n|inactive|arnaldinpaitome has 90 seconds left.\n|\n|t:|1782565251\n|move|p1b: Lucho Acosta|Extreme Speed|p2b: Hatterene\n|-damage|p2b: Hatterene|0 fnt\n|faint|p2b: Hatterene\n|move|p2a: Torkoal|Heat Wave|p1b: Lucho Acosta|[spread] p1a,p1b\n|-damage|p1a: Stacy Epps|62/100\n|-damage|p1b: Lucho Acosta|69/100\n|move|p1a: Stacy Epps|Psychic|p2a: Torkoal\n|-damage|p2a: Torkoal|0 fnt\n|faint|p2a: Torkoal\n|\n|-weather|none\n|-heal|p1a: Stacy Epps|68/100|[from] item: Leftovers\n|upkeep\n|\n|t:|1782565257\n|switch|p2a: Farigiraf|Farigiraf, M, shiny|100/100\n|switch|p2b: Diancie|Diancie, shiny|100/100\n|turn|8\n|\n|t:|1782565268\n|move|p2a: Farigiraf|Helping Hand|p2b: Diancie\n|-singleturn|p2b: Diancie|Helping Hand|[of] p2a: Farigiraf\n|move|p2b: Diancie|Diamond Storm|p1b: Lucho Acosta|[spread] p1a,p1b\n|-damage|p1a: Stacy Epps|32/100\n|-damage|p1b: Lucho Acosta|8/100\n|-boost|p2b: Diancie|def|2\n|move|p1b: Lucho Acosta|Rock Slide|p2b: Diancie|[spread] p2a\n|-miss|p1b: Lucho Acosta|p2b: Diancie\n|-damage|p2a: Farigiraf|79/100\n|move|p1a: Stacy Epps|Lunar Blessing|p1a: Stacy Epps|[spread] p1a,p1b\n|-heal|p1a: Stacy Epps|57/100\n|-heal|p1b: Lucho Acosta|33/100\n|\n|-heal|p1a: Stacy Epps|63/100|[from] item: Leftovers\n|upkeep\n|turn|9\n|inactive|arnaldinpaitome has 120 seconds left.\n|-message|arnaldinpaitome forfeited.\n|\n|win|4story\n|raw|arnaldinpaitome's rating: 1600 &rarr; <strong>1580</strong><br />(-20 for losing)\n|raw|4story's rating: 1602 &rarr; <strong>1622</strong><br />(+20 for winning)\n|l|☆arnaldinpaitome\n|player|p1|\n|l|☆4story\n|player|p2|\n", "uploadtime": 1782565676, "views": 2, "formatid": "gen9doublesou", "rating": 1580, "private": 0, "password": null}