{"id": "gen9doublesou-2540641807", "format": "[Gen 9] Doubles OU", "players": ["enexis", "HeWhoSits"], "log": "|j|☆enexis\n|j|☆HeWhoSits\n|t:|1771232670\n|gametype|doubles\n|player|p1|enexis|2|1502\n|player|p2|HeWhoSits|fisherman|1549\n|gen|9\n|tier|[Gen 9] Doubles OU\n|rated|\n|rule|HP Percentage Mod: HP is shown in percentages\n|rule|Endless Battle Clause: Forcing endless battles is banned\n|rule|Species Clause: Limit one of each Pokémon\n|rule|OHKO Clause: OHKO moves are banned\n|rule|Evasion Moves Clause: Evasion moves are banned\n|rule|Gravity Sleep Clause: The combination of sleep-inducing moves with imperfect accuracy and Gravity or Gigantamax Orbeetle are banned\n|rule|Evasion Abilities Clause: Evasion abilities are banned\n|clearpoke\n|poke|p1|Grimmsnarl, M|\n|poke|p1|Sneasler, F|\n|poke|p1|Milotic, F|\n|poke|p1|Pelipper, M|\n|poke|p1|Bruxish, M|\n|poke|p1|Kilowattrel, M|\n|poke|p2|Whimsicott, F|\n|poke|p2|Terrakion|\n|poke|p2|Farigiraf, F|\n|poke|p2|Torkoal, M|\n|poke|p2|Smeargle, M|\n|poke|p2|Sinistcha|\n|teampreview\n|inactive|Battle timer is ON: inactive players will automatically lose when time's up. (requested by HeWhoSits)\n|inactive|enexis has 120 seconds left.\n|\n|t:|1771232729\n|teamsize|p1|6\n|teamsize|p2|6\n|start\n|switch|p1a: Grimmsnarl|Grimmsnarl, M|100/100\n|switch|p1b: Sneasler|Sneasler, F|100/100\n|switch|p2a: Sativa|Whimsicott, F|100/100\n|switch|p2b: Stoner|Terrakion|100/100\n|turn|1\n|c|☆enexis|glhf\n|\n|t:|1771232744\n|move|p2a: Sativa|Tailwind|p2a: Sativa\n|-sidestart|p2: HeWhoSits|move: Tailwind\n|move|p1a: Grimmsnarl|Swagger|p2a: Sativa\n|-boost|p2a: Sativa|atk|2\n|-start|p2a: Sativa|confusion\n|-enditem|p1b: Sneasler|Mirror Herb\n|-boost|p1b: Sneasler|atk|2|[from] item: Mirror Herb\n|-enditem|p1a: Grimmsnarl|Mirror Herb\n|-boost|p1a: Grimmsnarl|atk|2|[from] item: Mirror Herb\n|move|p2b: Stoner|Rock Slide|p1b: Sneasler|[spread] p1a,p1b\n|-resisted|p1b: Sneasler\n|-damage|p1a: Grimmsnarl|44/100\n|-damage|p1b: Sneasler|66/100\n|move|p1b: Sneasler|Close Combat|p2b: Stoner\n|-supereffective|p2b: Stoner\n|-crit|p2b: Stoner\n|-damage|p2b: Stoner|0 fnt\n|-unboost|p1b: Sneasler|def|1\n|-unboost|p1b: Sneasler|spd|1\n|faint|p2b: Stoner\n|\n|upkeep\n|inactive|HeWhoSits has 120 seconds left.\n|\n|t:|1771232773\n|switch|p2b: Bong|Torkoal, M|100/100\n|-weather|SunnyDay|[from] ability: Drought|[of] p2b: Bong\n|turn|2\n|\n|t:|1771232788\n|move|p1a: Grimmsnarl|Sucker Punch|p2b: Bong\n|-damage|p2b: Bong|31/100\n|-activate|p2a: Sativa|confusion\n|-damage|p2a: Sativa|83/100|[from] confusion\n|move|p1b: Sneasler|Dire Claw|p2a: Sativa\n|-supereffective|p2a: Sativa\n|-damage|p2a: Sativa|0 fnt\n|faint|p2a: Sativa\n|move|p2b: Bong|Eruption|p1b: Sneasler|[spread] p1a,p1b\n|-damage|p1a: Grimmsnarl|11/100\n|-damage|p1b: Sneasler|13/100\n|\n|-weather|SunnyDay|[upkeep]\n|upkeep\n|\n|t:|1771232798\n|switch|p2a: Indica|Farigiraf, F|100/100\n|turn|3\n|\n|t:|1771232806\n|move|p2b: Bong|Protect|p2b: Bong\n|-singleturn|p2b: Bong|Protect\n|move|p1b: Sneasler|Close Combat|p2b: Bong\n|-activate|p2b: Bong|move: Protect\n|move|p1a: Grimmsnarl|Crunch|p2a: Indica\n|-supereffective|p2a: Indica\n|-enditem|p2a: Indica|Colbur Berry|[eat]\n|-enditem|p2a: Indica|Colbur Berry|[weaken]\n|-damage|p2a: Indica|15/100\n|-unboost|p2a: Indica|def|1\n|move|p2a: Indica|Trick Room|p2a: Indica\n|-fieldstart|move: Trick Room|[of] p2a: Indica\n|\n|-weather|SunnyDay|[upkeep]\n|upkeep\n|turn|4\n|c|☆HeWhoSits|Yt\n|c|☆enexis|interesting\n|\n|t:|1771232823\n|switch|p2a: Chasen|Sinistcha|100/100\n|-heal|p2b: Bong|56/100|[from] ability: Hospitality|[of] p2a: Chasen\n|move|p1a: Grimmsnarl|Crunch|p2b: Bong\n|-damage|p2b: Bong|0 fnt\n|faint|p2b: Bong\n|move|p1b: Sneasler|Dire Claw|p2a: Chasen\n|-damage|p2a: Chasen|18/100\n|\n|-weather|SunnyDay|[upkeep]\n|-sideend|p2: HeWhoSits|move: Tailwind\n|upkeep\n|\n|t:|1771232835\n|switch|p2b: Sage|Smeargle, M|100/100\n|turn|5\n|\n|t:|1771232844\n|move|p1a: Grimmsnarl|Sucker Punch|p2a: Chasen\n|-supereffective|p2a: Chasen\n|-damage|p2a: Chasen|0 fnt\n|faint|p2a: Chasen\n|move|p2b: Sage|Instruct|p2: Chasen|[notarget]\n|-fail|p2b: Sage\n|move|p1b: Sneasler|Dire Claw|p2b: Sage\n|-enditem|p2b: Sage|Focus Sash\n|-damage|p2b: Sage|1/100\n|-status|p2b: Sage|slp\n|\n|-weather|SunnyDay|[upkeep]\n|-ability|p2b: Sage|Moody|boost\n|-boost|p2b: Sage|atk|2\n|-unboost|p2b: Sage|spa|1\n|upkeep\n|\n|t:|1771232846\n|switch|p2a: Indica|Farigiraf, F|15/100\n|turn|6\n|\n|t:|1771232858\n|move|p2a: Indica|Expanding Force|p1b: Sneasler\n|-supereffective|p1b: Sneasler\n|-damage|p1b: Sneasler|0 fnt\n|faint|p1b: Sneasler\n|move|p1a: Grimmsnarl|Crunch|p2a: Indica\n|-supereffective|p2a: Indica\n|-damage|p2a: Indica|0 fnt\n|faint|p2a: Indica\n|cant|p2b: Sage|slp\n|\n|-weather|none\n|-ability|p2b: Sage|Moody|boost\n|-boost|p2b: Sage|spd|2\n|-unboost|p2b: Sage|def|1\n|upkeep\n|\n|t:|1771232862\n|switch|p1b: Milotic|Milotic, F|100/100\n|turn|7\n|\n|t:|1771232869\n|move|p1a: Grimmsnarl|Crunch|p2b: Sage\n|-damage|p2b: Sage|0 fnt\n|faint|p2b: Sage\n|\n|win|enexis\n|raw|enexis's rating: 1502 &rarr; <strong>1525</strong><br />(+23 for winning)\n|raw|HeWhoSits's rating: 1549 &rarr; <strong>1526</strong><br />(-23 for losing)\n|l|☆enexis\n|player|p1|\n|l|☆HeWhoSits\n|player|p2|\n", "uploadtime": 1771233229, "views": 12, "formatid": "gen9doublesou", "rating": 1525, "private": 0, "password": null}