{"id": "gen9doublesou-2540162621", "format": "[Gen 9] Doubles OU", "players": ["I❤️娜禄forever", "inakunana"], "log": "|badge|p2|bronze|gen9doublesou|100-8\n|uhtml|medal-msg|<div class=\"broadcast-blue\">Curious what those medals under the avatar are? PS now has Ladder Seasons! For more information, check out the <a href=\"https://www.smogon.com/forums/threads/3740067/\">thread on Smogon.</a></div>\n|j|☆I❤️娜禄forever\n|j|☆inakunana\n|t:|1771170450\n|gametype|doubles\n|player|p1|I❤️娜禄forever|youngcouple-gen4dp|1623\n|player|p2|inakunana|erika|1748\n|gen|9\n|tier|[Gen 9] Doubles OU\n|rated|\n|rule|HP Percentage Mod: HP is shown in percentages\n|rule|Endless Battle Clause: Forcing endless battles is banned\n|rule|Species Clause: Limit one of each Pokémon\n|rule|OHKO Clause: OHKO moves are banned\n|rule|Evasion Moves Clause: Evasion moves are banned\n|rule|Gravity Sleep Clause: The combination of sleep-inducing moves with imperfect accuracy and Gravity or Gigantamax Orbeetle are banned\n|rule|Evasion Abilities Clause: Evasion abilities are banned\n|clearpoke\n|poke|p1|Pincurchin, M|\n|poke|p1|Iron Hands|\n|poke|p1|Iron Boulder|\n|poke|p1|Weezing, M|\n|poke|p1|Iron Jugulis|\n|poke|p1|Iron Moth|\n|poke|p2|Gholdengo|\n|poke|p2|Glimmora, F|\n|poke|p2|Incineroar, F|\n|poke|p2|Ogerpon-Hearthflame, F|\n|poke|p2|Rillaboom, F|\n|poke|p2|Tornadus, M|\n|teampreview\n|inactive|Battle timer is ON: inactive players will automatically lose when time's up. (requested by inakunana)\n|\n|t:|1771170476\n|teamsize|p1|6\n|teamsize|p2|6\n|start\n|switch|p1a: Weezing|Weezing, M|100/100\n|switch|p1b: Iron Hands|Iron Hands|100/100\n|switch|p2a: predefined evil|Incineroar, F|100/100\n|switch|p2b: high tide|Tornadus, M|100/100\n|-ability|p1a: Weezing|Neutralizing Gas\n|turn|1\n|\n|t:|1771170482\n|move|p2a: predefined evil|Fake Out|p1b: Iron Hands\n|-damage|p1b: Iron Hands|93/100\n|cant|p1b: Iron Hands|flinch\n|move|p2b: high tide|Bleakwind Storm|p1a: Weezing|[spread] p1a,p1b\n|-damage|p1a: Weezing|59/100\n|-damage|p1b: Iron Hands|69/100\n|move|p1a: Weezing|Substitute|p1a: Weezing\n|-start|p1a: Weezing|Substitute\n|-damage|p1a: Weezing|34/100\n|\n|-heal|p1a: Weezing|40/100|[from] item: Leftovers\n|upkeep\n|turn|2\n|\n|t:|1771170494\n|move|p1a: Weezing|Protect|p1a: Weezing\n|-singleturn|p1a: Weezing|Protect\n|move|p2b: high tide|Bleakwind Storm|p1a: Weezing|[spread] p1b\n|-activate|p1a: Weezing|move: Protect\n|-damage|p1b: Iron Hands|42/100\n|-unboost|p1b: Iron Hands|spe|1\n|move|p2a: predefined evil|Parting Shot|p1b: Iron Hands\n|-unboost|p1b: Iron Hands|atk|1\n|-unboost|p1b: Iron Hands|spa|1\n|\n|t:|1771170501\n|switch|p2a: bon voyage|Gholdengo|100/100|[from] Parting Shot\n|move|p1b: Iron Hands|Drain Punch|p2a: bon voyage\n|-immune|p2a: bon voyage\n|\n|-heal|p1a: Weezing|46/100|[from] item: Leftovers\n|upkeep\n|turn|3\n|\n|t:|1771170510\n|move|p2b: high tide|Bleakwind Storm|p1a: Weezing|[spread] p1a,p1b\n|-end|p1a: Weezing|Substitute\n|-damage|p1b: Iron Hands|16/100\n|-unboost|p1b: Iron Hands|spe|1\n|-enditem|p1b: Iron Hands|Figy Berry|[eat]\n|-heal|p1b: Iron Hands|49/100|[from] item: Figy Berry\n|move|p2a: bon voyage|Make It Rain|p1b: Iron Hands|[spread] p1a,p1b\n|-resisted|p1b: Iron Hands\n|-crit|p1b: Iron Hands\n|-damage|p1a: Weezing|1/100\n|-damage|p1b: Iron Hands|29/100\n|-unboost|p2a: bon voyage|spa|1\n|move|p1a: Weezing|Sludge Bomb|p2b: high tide\n|-damage|p2b: high tide|62/100\n|move|p1b: Iron Hands|Thunder Punch|p2b: high tide\n|-supereffective|p2b: high tide\n|-damage|p2b: high tide|0 fnt\n|faint|p2b: high tide\n|\n|-heal|p1a: Weezing|7/100|[from] item: Leftovers\n|upkeep\n|\n|t:|1771170529\n|switch|p2b: when it snapped|Rillaboom, F|100/100\n|turn|4\n|\n|t:|1771170539\n|-end|p1a: Weezing|ability: Neutralizing Gas\n|-fieldstart|move: Grassy Terrain|[from] ability: Grassy Surge|[of] p2b: when it snapped\n|-enditem|p2a: bon voyage|Grassy Seed\n|-boost|p2a: bon voyage|def|1|[from] item: Grassy Seed\n|switch|p1a: Pincurchin|Pincurchin, M|100/100\n|-fieldstart|move: Electric Terrain|[from] ability: Electric Surge|[of] p1a: Pincurchin\n|-activate|p1b: Iron Hands|ability: Quark Drive\n|-start|p1b: Iron Hands|quarkdrivedef\n|move|p2a: bon voyage|Shadow Ball|p1b: Iron Hands\n|-damage|p1b: Iron Hands|10/100\n|move|p2b: when it snapped|High Horsepower|p1a: Pincurchin\n|-supereffective|p1a: Pincurchin\n|-damage|p1a: Pincurchin|30/100\n|-enditem|p1a: Pincurchin|Eject Button\n|\n|t:|1771170558\n|switch|p1a: Weezing|Weezing, M|7/100\n|-ability|p1a: Weezing|Neutralizing Gas\n|move|p1b: Iron Hands|Drain Punch|p2b: when it snapped\n|-damage|p2b: when it snapped|76/100\n|-heal|p1b: Iron Hands|20/100|[from] drain|[of] p2b: when it snapped\n|\n|-heal|p1a: Weezing|13/100|[from] item: Leftovers\n|upkeep\n|turn|5\n|\n|t:|1771170568\n|move|p1a: Weezing|Protect|p1a: Weezing\n|-singleturn|p1a: Weezing|Protect\n|move|p2a: bon voyage|Shadow Ball|p1b: Iron Hands\n|-damage|p1b: Iron Hands|3/100\n|move|p2b: when it snapped|High Horsepower|p1a: Weezing\n|-activate|p1a: Weezing|move: Protect\n|move|p1b: Iron Hands|Drain Punch|p2b: when it snapped\n|-damage|p2b: when it snapped|53/100\n|-heal|p1b: Iron Hands|12/100|[from] drain|[of] p2b: when it snapped\n|\n|-heal|p1a: Weezing|19/100|[from] item: Leftovers\n|upkeep\n|turn|6\n|\n|t:|1771170585\n|switch|p2b: predefined evil|Incineroar, F|100/100\n|-end|p1a: Weezing|ability: Neutralizing Gas\n|-ability|p2b: predefined evil|Intimidate|boost\n|-unboost|p1a: Weezing|atk|1\n|-unboost|p1b: Iron Hands|atk|1\n|switch|p1a: Iron Jugulis|Iron Jugulis|100/100\n|-activate|p1a: Iron Jugulis|ability: Quark Drive\n|-start|p1a: Iron Jugulis|quarkdrivespe\n|move|p2a: bon voyage|Nasty Plot|p2a: bon voyage\n|-boost|p2a: bon voyage|spa|2\n|move|p1b: Iron Hands|Drain Punch|p2b: predefined evil\n|-supereffective|p2b: predefined evil\n|-damage|p2b: predefined evil|68/100\n|-heal|p1b: Iron Hands|24/100|[from] drain|[of] p2b: predefined evil\n|\n|upkeep\n|turn|7\n|\n|t:|1771170605\n|move|p2b: predefined evil|Fake Out|p1a: Iron Jugulis\n|-damage|p1a: Iron Jugulis|91/100\n|cant|p1a: Iron Jugulis|flinch\n|move|p2a: bon voyage|Make It Rain|p1a: Iron Jugulis|[spread] p1a,p1b\n|-crit|p1a: Iron Jugulis\n|-resisted|p1b: Iron Hands\n|-damage|p1a: Iron Jugulis|0 fnt\n|-damage|p1b: Iron Hands|4/100\n|-unboost|p2a: bon voyage|spa|1\n|faint|p1a: Iron Jugulis\n|-end|p1a: Iron Jugulis|Quark Drive|[silent]\n|move|p1b: Iron Hands|Drain Punch|p2b: predefined evil\n|-supereffective|p2b: predefined evil\n|-damage|p2b: predefined evil|35/100\n|-heal|p1b: Iron Hands|17/100|[from] drain|[of] p2b: predefined evil\n|\n|upkeep\n|inactive|I❤️娜禄forever has 120 seconds left.\n|\n|t:|1771170622\n|switch|p1a: Iron Moth|Iron Moth|100/100\n|-enditem|p1a: Iron Moth|Electric Seed\n|-boost|p1a: Iron Moth|def|1|[from] item: Electric Seed\n|-activate|p1a: Iron Moth|ability: Quark Drive\n|-start|p1a: Iron Moth|quarkdrivespa\n|turn|8\n|\n|t:|1771170629\n|move|p2a: bon voyage|Protect|p2a: bon voyage\n|-singleturn|p2a: bon voyage|Protect\n|move|p1a: Iron Moth|Heat Wave|p2a: bon voyage|[spread] p2b\n|-activate|p2a: bon voyage|move: Protect\n|-resisted|p2b: predefined evil\n|-damage|p2b: predefined evil|15/100\n|move|p2b: predefined evil|Parting Shot|p1a: Iron Moth\n|-unboost|p1a: Iron Moth|atk|1\n|-unboost|p1a: Iron Moth|spa|1\n|\n|t:|1771170646\n|switch|p2b: wanted blood|Ogerpon-Hearthflame, F|100/100|[from] Parting Shot\n|-ability|p2b: wanted blood|Mold Breaker\n|move|p1b: Iron Hands|Drain Punch|p2b: wanted blood\n|-damage|p2b: wanted blood|75/100\n|-heal|p1b: Iron Hands|24/100|[from] drain|[of] p2b: wanted blood\n|\n|-fieldend|move: Electric Terrain\n|-end|p1a: Iron Moth|Quark Drive\n|-end|p1b: Iron Hands|Quark Drive\n|upkeep\n|turn|9\n|\n|t:|1771170676\n|-terastallize|p2b: wanted blood|Fire\n|detailschange|p2b: wanted blood|Ogerpon-Hearthflame-Tera, F, tera:Fire\n|-ability|p2b: wanted blood|Embody Aspect (Hearthflame)|boost\n|-boost|p2b: wanted blood|atk|1\n|move|p2b: wanted blood|Ivy Cudgel|p1a: Iron Moth|[anim] Ivy Cudgel Fire\n|-resisted|p1a: Iron Moth\n|-damage|p1a: Iron Moth|57/100\n|move|p1a: Iron Moth|Heat Wave|p2a: bon voyage|[spread] p2a,p2b\n|-supereffective|p2a: bon voyage\n|-resisted|p2b: wanted blood\n|-damage|p2a: bon voyage|58/100\n|-damage|p2b: wanted blood|60/100\n|move|p2a: bon voyage|Shadow Ball|p1b: Iron Hands\n|-damage|p1b: Iron Hands|0 fnt\n|faint|p1b: Iron Hands\n|-end|p1b: Iron Hands|Quark Drive|[silent]\n|\n|upkeep\n|inactive|I❤️娜禄forever has 120 seconds left.\n|\n|t:|1771170693\n|switch|p1b: Pincurchin|Pincurchin, M|30/100\n|-fieldstart|move: Electric Terrain|[from] ability: Electric Surge|[of] p1b: Pincurchin\n|-activate|p1a: Iron Moth|ability: Quark Drive\n|-start|p1a: Iron Moth|quarkdrivedef\n|turn|10\n|\n|t:|1771170699\n|move|p1b: Pincurchin|Sucker Punch|p2a: bon voyage\n|-supereffective|p2a: bon voyage\n|-damage|p2a: bon voyage|28/100\n|move|p2b: wanted blood|Ivy Cudgel|p1a: Iron Moth|[anim] Ivy Cudgel Fire\n|-resisted|p1a: Iron Moth\n|-damage|p1a: Iron Moth|26/100\n|move|p1a: Iron Moth|Heat Wave|p2a: bon voyage|[spread] p2a,p2b\n|-supereffective|p2a: bon voyage\n|-resisted|p2b: wanted blood\n|-damage|p2a: bon voyage|0 fnt\n|-damage|p2b: wanted blood|45/100\n|faint|p2a: bon voyage\n|\n|upkeep\n|\n|t:|1771170710\n|switch|p2a: low tide|Glimmora, F|100/100\n|turn|11\n|\n|t:|1771170728\n|move|p1a: Iron Moth|Protect|p1a: Iron Moth\n|-singleturn|p1a: Iron Moth|Protect\n|move|p1b: Pincurchin|Sucker Punch|p2a: low tide\n|-damage|p2a: low tide|75/100\n|-activate|p2a: low tide|ability: Toxic Debris\n|-sidestart|p1: I❤️娜禄forever|move: Toxic Spikes\n|move|p2b: wanted blood|Ivy Cudgel|p1a: Iron Moth|[anim] Ivy Cudgel Fire\n|-activate|p1a: Iron Moth|move: Protect\n|move|p2a: low tide|Power Gem|p1b: Pincurchin\n|-damage|p1b: Pincurchin|0 fnt\n|faint|p1b: Pincurchin\n|\n|upkeep\n|\n|t:|1771170741\n|switch|p1b: Iron Boulder|Iron Boulder|100/100\n|-status|p1b: Iron Boulder|psn\n|-activate|p1b: Iron Boulder|ability: Quark Drive\n|-start|p1b: Iron Boulder|quarkdrivespe\n|turn|12\n|\n|t:|1771170751\n|switch|p2a: when it snapped|Rillaboom, F|53/100\n|-fieldstart|move: Grassy Terrain|[from] ability: Grassy Surge|[of] p2a: when it snapped\n|-end|p1b: Iron Boulder|Quark Drive\n|-end|p1a: Iron Moth|Quark Drive\n|-terastallize|p1a: Iron Moth|Water\n|move|p2b: wanted blood|Grassy Glide|p1b: Iron Boulder\n|-supereffective|p1b: Iron Boulder\n|-damage|p1b: Iron Boulder|0 fnt\n|faint|p1b: Iron Boulder\n|-end|p1b: Iron Boulder|Quark Drive|[silent]\n|move|p1a: Iron Moth|Tera Blast|p2a: when it snapped|[anim] Tera Blast Water\n|-resisted|p2a: when it snapped\n|-damage|p2a: when it snapped|45/100\n|\n|-heal|p2b: wanted blood|51/100|[from] Grassy Terrain\n|-heal|p1a: Iron Moth|32/100|[from] Grassy Terrain\n|-heal|p2a: when it snapped|51/100|[from] Grassy Terrain\n|upkeep\n|\n|t:|1771170765\n|switch|p1b: Weezing|Weezing, M|19/100\n|-ability|p1b: Weezing|Neutralizing Gas\n|-sideend|p1: I❤️娜禄forever|move: Toxic Spikes|[of] p1b: Weezing\n|turn|13\n|\n|t:|1771170775\n|move|p1a: Iron Moth|Protect|p1a: Iron Moth\n|-singleturn|p1a: Iron Moth|Protect\n|move|p1b: Weezing|Protect|p1b: Weezing\n|-singleturn|p1b: Weezing|Protect\n|move|p2a: when it snapped|Grassy Glide|p1a: Iron Moth\n|-activate|p1a: Iron Moth|move: Protect\n|move|p2b: wanted blood|Ivy Cudgel|p1b: Weezing|[anim] Ivy Cudgel Fire\n|-activate|p1b: Weezing|move: Protect\n|\n|-heal|p2b: wanted blood|57/100|[from] Grassy Terrain\n|-heal|p1a: Iron Moth|38/100|[from] Grassy Terrain\n|-heal|p2a: when it snapped|57/100|[from] Grassy Terrain\n|-heal|p1b: Weezing|25/100|[from] Grassy Terrain\n|-heal|p1b: Weezing|31/100|[from] item: Leftovers\n|upkeep\n|turn|14\n|\n|t:|1771170799\n|move|p2a: when it snapped|Grassy Glide|p1a: Iron Moth\n|-supereffective|p1a: Iron Moth\n|-damage|p1a: Iron Moth|0 fnt\n|faint|p1a: Iron Moth\n|-end|p1a: Iron Moth|Quark Drive|[silent]\n|move|p2b: wanted blood|Ivy Cudgel|p1b: Weezing|[anim] Ivy Cudgel Fire\n|-damage|p1b: Weezing|0 fnt\n|faint|p1b: Weezing\n|-end|p1b: Weezing|ability: Neutralizing Gas\n|\n|win|inakunana\n|raw|I❤️娜禄forever's rating: 1623 &rarr; <strong>1610</strong><br />(-13 for losing)\n|raw|inakunana's rating: 1759 &rarr; <strong>1772</strong><br />(+13 for winning)\n|l|☆I❤️娜禄forever\n|player|p1|\n", "uploadtime": 1771171129, "views": 11, "formatid": "gen9doublesou", "rating": 1610, "private": 0, "password": null}