{"id": "gen9doublesou-2540597064", "format": "[Gen 9] Doubles OU", "players": ["phononmode", "Rayred30"], "log": "|j|☆phononmode\n|j|☆Rayred30\n|t:|1771224282\n|gametype|doubles\n|player|p1|phononmode|169|1554\n|player|p2|Rayred30|ghetsis-gen5bw|1604\n|gen|9\n|tier|[Gen 9] Doubles OU\n|rated|\n|rule|HP Percentage Mod: HP is shown in percentages\n|rule|Endless Battle Clause: Forcing endless battles is banned\n|rule|Species Clause: Limit one of each Pokémon\n|rule|OHKO Clause: OHKO moves are banned\n|rule|Evasion Moves Clause: Evasion moves are banned\n|rule|Gravity Sleep Clause: The combination of sleep-inducing moves with imperfect accuracy and Gravity or Gigantamax Orbeetle are banned\n|rule|Evasion Abilities Clause: Evasion abilities are banned\n|clearpoke\n|poke|p1|Flamigo, F|\n|poke|p1|Blaziken, M|\n|poke|p1|Iron Hands|\n|poke|p1|Whimsicott, M|\n|poke|p1|Lucario, F|\n|poke|p1|Riolu, M|\n|poke|p2|Kingambit, M|\n|poke|p2|Incineroar, M|\n|poke|p2|Farigiraf, F|\n|poke|p2|Sinistcha-Masterpiece|\n|poke|p2|Rhyperior, M|\n|poke|p2|Volcanion|\n|teampreview\n|inactive|Battle timer is ON: inactive players will automatically lose when time's up. (requested by phononmode)\n|c|☆Rayred30|im gonna loseeeee\n|\n|t:|1771224307\n|teamsize|p1|6\n|teamsize|p2|6\n|start\n|switch|p1a: Whimsicott|Whimsicott, M|100/100\n|switch|p1b: Lucario|Lucario, F|100/100\n|switch|p2a: Farigiraf|Farigiraf, F, shiny|100/100\n|switch|p2b: Volcanion|Volcanion|100/100\n|turn|1\n|\n|t:|1771224320\n|move|p1a: Whimsicott|Beat Up|p1b: Lucario\n|-resisted|p1b: Lucario\n|-damage|p1b: Lucario|99/100\n|-ability|p1b: Lucario|Justified|boost\n|-boost|p1b: Lucario|atk|1\n|-resisted|p1b: Lucario\n|-damage|p1b: Lucario|97/100\n|-ability|p1b: Lucario|Justified|boost\n|-boost|p1b: Lucario|atk|1\n|-resisted|p1b: Lucario\n|-damage|p1b: Lucario|95/100\n|-ability|p1b: Lucario|Justified|boost\n|-boost|p1b: Lucario|atk|1\n|-resisted|p1b: Lucario\n|-damage|p1b: Lucario|93/100\n|-ability|p1b: Lucario|Justified|boost\n|-boost|p1b: Lucario|atk|1\n|-resisted|p1b: Lucario\n|-damage|p1b: Lucario|91/100\n|-ability|p1b: Lucario|Justified|boost\n|-boost|p1b: Lucario|atk|1\n|-resisted|p1b: Lucario\n|-damage|p1b: Lucario|89/100\n|-ability|p1b: Lucario|Justified|boost\n|-boost|p1b: Lucario|atk|1\n|-hitcount|p1b: Lucario|6\n|move|p1b: Lucario|Drain Punch|p2a: Farigiraf\n|-damage|p2a: Farigiraf|0 fnt\n|-heal|p1b: Lucario|100/100|[from] drain|[of] p2a: Farigiraf\n|faint|p2a: Farigiraf\n|move|p2b: Volcanion|Heat Wave|p1a: Whimsicott|[spread] p1a,p1b\n|-supereffective|p1a: Whimsicott\n|-supereffective|p1b: Lucario\n|-enditem|p1a: Whimsicott|Focus Sash\n|-damage|p1a: Whimsicott|1/100\n|-damage|p1b: Lucario|0 fnt\n|faint|p1b: Lucario\n|\n|upkeep\n|\n|t:|1771224340\n|switch|p1b: Blaziken|Blaziken, M|100/100\n|switch|p2a: Sinistcha|Sinistcha-Masterpiece, shiny|100/100\n|turn|2\n|\n|t:|1771224347\n|-terastallize|p2a: Sinistcha|Water\n|move|p1a: Whimsicott|Encore|p2b: Volcanion\n|-start|p2b: Volcanion|Encore\n|move|p1b: Blaziken|Swords Dance|p1b: Blaziken\n|-boost|p1b: Blaziken|atk|2\n|move|p2b: Volcanion|Heat Wave|p1a: Whimsicott|[spread] p1a,p1b\n|-supereffective|p1a: Whimsicott\n|-resisted|p1b: Blaziken\n|-damage|p1a: Whimsicott|0 fnt\n|-damage|p1b: Blaziken|68/100\n|faint|p1a: Whimsicott\n|move|p2a: Sinistcha|Trick Room|p2a: Sinistcha\n|-fieldstart|move: Trick Room|[of] p2a: Sinistcha\n|\n|-ability|p1b: Blaziken|Speed Boost|boost\n|-boost|p1b: Blaziken|spe|1\n|upkeep\n|\n|t:|1771224361\n|switch|p1a: Riolu|Riolu, M|100/100\n|turn|3\n|\n|t:|1771224371\n|move|p1a: Riolu|Copycat|p1a: Riolu\n|move|p1a: Riolu|Trick Room|p1a: Riolu|[from] move: Copycat\n|-fieldend|move: Trick Room\n|move|p1b: Blaziken|Earthquake|p2a: Sinistcha|[spread] p1a,p2a,p2b\n|-supereffective|p2b: Volcanion\n|-enditem|p1a: Riolu|Focus Sash\n|-damage|p1a: Riolu|1/100\n|-damage|p2a: Sinistcha|63/100\n|-damage|p2b: Volcanion|17/100\n|move|p2b: Volcanion|Heat Wave|p1b: Blaziken|[spread] p1a,p1b\n|-crit|p1a: Riolu\n|-resisted|p1b: Blaziken\n|-damage|p1a: Riolu|0 fnt\n|-damage|p1b: Blaziken|36/100\n|faint|p1a: Riolu\n|move|p2a: Sinistcha|Calm Mind|p2a: Sinistcha\n|-boost|p2a: Sinistcha|spa|1\n|-boost|p2a: Sinistcha|spd|1\n|\n|-heal|p2a: Sinistcha|69/100|[from] item: Leftovers\n|-ability|p1b: Blaziken|Speed Boost|boost\n|-boost|p1b: Blaziken|spe|1\n|upkeep\n|\n|t:|1771224380\n|switch|p1a: Flamigo|Flamigo, F|100/100\n|-copyboost|p1a: Flamigo|p1b: Blaziken|[from] ability: Costar\n|turn|4\n|\n|t:|1771224396\n|switch|p2b: Incineroar|Incineroar, M, shiny|100/100\n|-ability|p2b: Incineroar|Intimidate|boost\n|-unboost|p1a: Flamigo|atk|1\n|-fail|p1b: Blaziken|unboost|[from] item: Clear Amulet|[of] p1b: Blaziken\n|move|p1a: Flamigo|Brave Bird|p2a: Sinistcha\n|-crit|p2a: Sinistcha\n|-damage|p2a: Sinistcha|0 fnt\n|faint|p2a: Sinistcha\n|-damage|p1a: Flamigo|75/100|[from] Recoil\n|move|p1b: Blaziken|Earthquake|p2b: Incineroar|[spread] p2b\n|-immune|p1a: Flamigo\n|-supereffective|p2b: Incineroar\n|-damage|p2b: Incineroar|0 fnt\n|faint|p2b: Incineroar\n|\n|-ability|p1b: Blaziken|Speed Boost|boost\n|-boost|p1b: Blaziken|spe|1\n|upkeep\n|inactive|Rayred30 has 120 seconds left.\n|\n|t:|1771224422\n|switch|p2a: Rhyperior|Rhyperior, M, shiny|100/100\n|switch|p2b: Kingambit|Kingambit, M|100/100\n|turn|5\n|\n|t:|1771224437\n|move|p1b: Blaziken|Swords Dance|p1b: Blaziken\n|-boost|p1b: Blaziken|atk|2\n|move|p1a: Flamigo|Close Combat|p2a: Rhyperior\n|-supereffective|p2a: Rhyperior\n|-damage|p2a: Rhyperior|18/100\n|-unboost|p1a: Flamigo|def|1\n|-unboost|p1a: Flamigo|spd|1\n|-enditem|p2a: Rhyperior|Weakness Policy\n|-boost|p2a: Rhyperior|atk|2|[from] item: Weakness Policy\n|-boost|p2a: Rhyperior|spa|2|[from] item: Weakness Policy\n|move|p2b: Kingambit|Tera Blast|p1b: Blaziken\n|-damage|p1b: Blaziken|11/100\n|-damage|p2b: Kingambit|91/100|[from] item: Life Orb\n|move|p2a: Rhyperior|Rock Slide|p1a: Flamigo|[spread] p1a,p1b\n|-damage|p1a: Flamigo|0 fnt\n|-damage|p1b: Blaziken|0 fnt\n|faint|p1a: Flamigo\n|faint|p1b: Blaziken\n|\n|upkeep\n|\n|t:|1771224443\n|switch|p1b: Iron Hands|Iron Hands|100/100\n|turn|6\n|\n|t:|1771224451\n|move|p1b: Iron Hands|Drain Punch|p2a: Rhyperior\n|-supereffective|p2a: Rhyperior\n|-damage|p2a: Rhyperior|0 fnt\n|faint|p2a: Rhyperior\n|move|p2b: Kingambit|Kowtow Cleave|p1b: Iron Hands\n|-resisted|p1b: Iron Hands\n|-damage|p1b: Iron Hands|82/100\n|-damage|p2b: Kingambit|81/100|[from] item: Life Orb\n|\n|upkeep\n|\n|t:|1771224455\n|switch|p2a: Volcanion|Volcanion|17/100\n|turn|7\n|\n|t:|1771224461\n|move|p2a: Volcanion|Earth Power|p1b: Iron Hands\n|-supereffective|p1b: Iron Hands\n|-damage|p1b: Iron Hands|53/100\n|move|p2b: Kingambit|Kowtow Cleave|p1b: Iron Hands\n|-resisted|p1b: Iron Hands\n|-damage|p1b: Iron Hands|32/100\n|-damage|p2b: Kingambit|71/100|[from] item: Life Orb\n|move|p1b: Iron Hands|Drain Punch|p2b: Kingambit\n|-supereffective|p2b: Kingambit\n|-damage|p2b: Kingambit|0 fnt\n|-heal|p1b: Iron Hands|59/100|[from] drain|[of] p2b: Kingambit\n|faint|p2b: Kingambit\n|\n|upkeep\n|turn|8\n|\n|t:|1771224471\n|move|p2a: Volcanion|Earth Power|p1b: Iron Hands\n|-supereffective|p1b: Iron Hands\n|-damage|p1b: Iron Hands|32/100\n|move|p1b: Iron Hands|Drain Punch|p2a: Volcanion\n|-damage|p2a: Volcanion|0 fnt\n|-heal|p1b: Iron Hands|38/100|[from] drain|[of] p2a: Volcanion\n|faint|p2a: Volcanion\n|\n|win|phononmode\n|raw|phononmode's rating: 1554 &rarr; <strong>1577</strong><br />(+23 for winning)\n|raw|Rayred30's rating: 1604 &rarr; <strong>1581</strong><br />(-23 for losing)\n|l|☆Rayred30\n|player|p2|\n|l|☆phononmode\n|player|p1|\n", "uploadtime": 1771224752, "views": 13, "formatid": "gen9doublesou", "rating": 1577, "private": 0, "password": null}