{"id": "gen9doublesou-2540696003", "format": "[Gen 9] Doubles OU", "players": ["GTG_95", "Lokart"], "log": "|j|☆GTG_95\n|j|☆Lokart\n|t:|1771241758\n|gametype|doubles\n|player|p1|GTG_95|eusine|1587\n|player|p2|Lokart|265|1563\n|gen|9\n|tier|[Gen 9] Doubles OU\n|rated|\n|rule|HP Percentage Mod: HP is shown in percentages\n|rule|Endless Battle Clause: Forcing endless battles is banned\n|rule|Species Clause: Limit one of each Pokémon\n|rule|OHKO Clause: OHKO moves are banned\n|rule|Evasion Moves Clause: Evasion moves are banned\n|rule|Gravity Sleep Clause: The combination of sleep-inducing moves with imperfect accuracy and Gravity or Gigantamax Orbeetle are banned\n|rule|Evasion Abilities Clause: Evasion abilities are banned\n|clearpoke\n|poke|p1|Chien-Pao|\n|poke|p1|Walking Wake|\n|poke|p1|Landorus-Therian, M|\n|poke|p1|Dragonite, F|\n|poke|p1|Garchomp, M|\n|poke|p1|Tornadus, M|\n|poke|p2|Corviknight, F|\n|poke|p2|Cresselia, F|\n|poke|p2|Dragapult, F|\n|poke|p2|Weezing-Galar, F|\n|poke|p2|Incineroar, F|\n|poke|p2|Ursaluna-Bloodmoon, M|\n|teampreview\n|\n|t:|1771241788\n|teamsize|p1|6\n|teamsize|p2|6\n|start\n|switch|p1a: Dragonite|Dragonite, F, shiny|100/100\n|switch|p1b: Tornadus|Tornadus, M|100/100\n|switch|p2a: Dragapult|Dragapult, F|100/100\n|switch|p2b: Weezing|Weezing-Galar, F|100/100\n|-ability|p2b: Weezing|Neutralizing Gas\n|turn|1\n|\n|t:|1771241800\n|-terastallize|p2a: Dragapult|Dragon\n|-terastallize|p1a: Dragonite|Normal\n|move|p2a: Dragapult|Dragon Darts|p1a: Dragonite\n|-damage|p1a: Dragonite|41/100\n|-anim|p2a: Dragapult|Dragon Darts|p1b: Tornadus\n|-damage|p1b: Tornadus|24/100\n|move|p1b: Tornadus|Bleakwind Storm|p2b: Weezing|[spread] p2a,p2b\n|-damage|p2a: Dragapult|48/100\n|-damage|p2b: Weezing|64/100\n|-unboost|p2a: Dragapult|spe|1\n|move|p1a: Dragonite|Earthquake|p2a: Dragapult|[spread] p2a,p2b\n|-immune|p1b: Tornadus\n|-supereffective|p2b: Weezing\n|-damage|p2a: Dragapult|0 fnt\n|-damage|p2b: Weezing|0 fnt\n|faint|p2a: Dragapult\n|faint|p2b: Weezing\n|-end|p2b: Weezing|ability: Neutralizing Gas\n|\n|upkeep\n|\n|t:|1771241818\n|switch|p2a: Cresselia|Cresselia, F|100/100\n|switch|p2b: Corviknight|Corviknight, F, shiny|100/100\n|turn|2\n|\n|t:|1771241834\n|switch|p1a: Landorus|Landorus-Therian, M|100/100\n|-ability|p1a: Landorus|Intimidate|boost\n|-unboost|p2a: Cresselia|atk|1\n|-ability|p2b: Corviknight|Mirror Armor\n|-fail|p1a: Landorus|unboost|[from] item: Clear Amulet|[of] p1a: Landorus\n|move|p1b: Tornadus|Taunt|p2a: Cresselia\n|-start|p2a: Cresselia|move: Taunt\n|move|p2b: Corviknight|Iron Defense|p2b: Corviknight\n|-boost|p2b: Corviknight|def|2\n|cant|p2a: Cresselia|move: Taunt|Trick Room\n|\n|upkeep\n|turn|3\n|\n|t:|1771241860\n|switch|p2a: Incineroar|Incineroar, F|100/100\n|-ability|p2a: Incineroar|Intimidate|boost\n|-fail|p1a: Landorus|unboost|[from] item: Clear Amulet|[of] p1a: Landorus\n|-unboost|p1b: Tornadus|atk|1\n|move|p1b: Tornadus|Taunt|p2b: Corviknight\n|-start|p2b: Corviknight|move: Taunt\n|move|p1a: Landorus|U-turn|p2a: Incineroar\n|-damage|p2a: Incineroar|75/100\n|\n|t:|1771241892\n|switch|p1a: Chien-Pao|Chien-Pao|100/100|[from] U-turn\n|-ability|p1a: Chien-Pao|Sword of Ruin\n|move|p2b: Corviknight|Brave Bird|p1b: Tornadus\n|-damage|p1b: Tornadus|0 fnt\n|faint|p1b: Tornadus\n|-damage|p2b: Corviknight|95/100|[from] Recoil\n|\n|-heal|p2b: Corviknight|100/100|[from] item: Leftovers\n|upkeep\n|\n|t:|1771241903\n|switch|p1b: Landorus|Landorus-Therian, M|100/100\n|-ability|p1b: Landorus|Intimidate|boost\n|-unboost|p2a: Incineroar|atk|1\n|-ability|p2b: Corviknight|Mirror Armor\n|-fail|p1b: Landorus|unboost|[from] item: Clear Amulet|[of] p1b: Landorus\n|turn|4\n|\n|t:|1771241912\n|move|p1a: Chien-Pao|Protect|p1a: Chien-Pao\n|-singleturn|p1a: Chien-Pao|Protect\n|move|p1b: Landorus|Protect|p1b: Landorus\n|-singleturn|p1b: Landorus|Protect\n|move|p2a: Incineroar|Fake Out|p1b: Landorus\n|-activate|p1b: Landorus|move: Protect\n|move|p2b: Corviknight|Body Press|p1a: Chien-Pao\n|-activate|p1a: Chien-Pao|move: Protect\n|\n|upkeep\n|turn|5\n|\n|t:|1771241925\n|switch|p2a: Cresselia|Cresselia, F|100/100\n|move|p1a: Chien-Pao|Sacred Sword|p2b: Corviknight\n|-damage|p2b: Corviknight|68/100\n|move|p1b: Landorus|Rock Slide|p2a: Cresselia|[spread] p2a,p2b\n|-damage|p2a: Cresselia|81/100\n|-damage|p2b: Corviknight|57/100\n|move|p2b: Corviknight|Body Press|p1a: Chien-Pao\n|-supereffective|p1a: Chien-Pao\n|-enditem|p1a: Chien-Pao|Focus Sash\n|-damage|p1a: Chien-Pao|1/100\n|\n|-heal|p2b: Corviknight|64/100|[from] item: Leftovers\n|-end|p2b: Corviknight|move: Taunt\n|upkeep\n|turn|6\n|\n|t:|1771241968\n|move|p1a: Chien-Pao|Throat Chop|p2a: Cresselia\n|-supereffective|p2a: Cresselia\n|-damage|p2a: Cresselia|11/100\n|-start|p2a: Cresselia|Throat Chop|[silent]\n|move|p1b: Landorus|U-turn|p2a: Cresselia\n|-supereffective|p2a: Cresselia\n|-damage|p2a: Cresselia|0 fnt\n|faint|p2a: Cresselia\n|\n|t:|1771241976\n|switch|p1b: Garchomp|Garchomp, M|100/100|[from] U-turn\n|move|p2b: Corviknight|Roost|p2b: Corviknight\n|-heal|p2b: Corviknight|100/100\n|-singleturn|p2b: Corviknight|move: Roost\n|\n|upkeep\n|\n|t:|1771241983\n|switch|p2a: Incineroar|Incineroar, F|75/100\n|-ability|p2a: Incineroar|Intimidate|boost\n|-unboost|p1a: Chien-Pao|atk|1\n|-unboost|p1b: Garchomp|atk|1\n|turn|7\n|\n|t:|1771241992\n|switch|p1a: Landorus|Landorus-Therian, M|100/100\n|-ability|p1a: Landorus|Intimidate|boost\n|-unboost|p2a: Incineroar|atk|1\n|-ability|p2b: Corviknight|Mirror Armor\n|-fail|p1a: Landorus|unboost|[from] item: Clear Amulet|[of] p1a: Landorus\n|switch|p1b: Walking Wake|Walking Wake|100/100\n|-enditem|p1b: Walking Wake|Booster Energy\n|-activate|p1b: Walking Wake|ability: Protosynthesis|[fromitem]\n|-start|p1b: Walking Wake|protosynthesisspa\n|move|p2a: Incineroar|Fake Out|p1b: Walking Wake\n|-damage|p1b: Walking Wake|91/100\n|move|p2b: Corviknight|Iron Defense|p2b: Corviknight\n|-boost|p2b: Corviknight|def|2\n|\n|upkeep\n|turn|8\n|\n|t:|1771242012\n|move|p1b: Walking Wake|Protect|p1b: Walking Wake\n|-singleturn|p1b: Walking Wake|Protect\n|move|p1a: Landorus|Earthquake|p2a: Incineroar|[spread] p2a\n|-activate|p1b: Walking Wake|move: Protect\n|-immune|p2b: Corviknight\n|-supereffective|p2a: Incineroar\n|-damage|p2a: Incineroar|0 fnt\n|faint|p2a: Incineroar\n|move|p2b: Corviknight|Body Press|p1b: Walking Wake\n|-activate|p1b: Walking Wake|move: Protect\n|\n|upkeep\n|\n|t:|1771242023\n|switch|p2a: Ursaluna|Ursaluna-Bloodmoon, M|100/100\n|turn|9\n|\n|t:|1771242064\n|move|p2a: Ursaluna|Protect|p2a: Ursaluna\n|-singleturn|p2a: Ursaluna|Protect\n|move|p1b: Walking Wake|Hydro Steam|p2a: Ursaluna\n|-activate|p2a: Ursaluna|move: Protect\n|move|p1a: Landorus|Rock Slide|p2a: Ursaluna|[spread] p2b\n|-activate|p2a: Ursaluna|move: Protect\n|-damage|p2b: Corviknight|95/100\n|move|p2b: Corviknight|Body Press|p1b: Walking Wake\n|-damage|p1b: Walking Wake|33/100\n|\n|-heal|p2b: Corviknight|100/100|[from] item: Leftovers\n|upkeep\n|turn|10\n|\n|t:|1771242083\n|move|p1b: Walking Wake|Draco Meteor|p2b: Corviknight|[miss]\n|-miss|p1b: Walking Wake|p2b: Corviknight\n|move|p1a: Landorus|Rock Slide|p2b: Corviknight|[spread] p2a,p2b\n|-resisted|p2a: Ursaluna\n|-damage|p2a: Ursaluna|94/100\n|-damage|p2b: Corviknight|95/100\n|move|p2b: Corviknight|Body Press|p1b: Walking Wake\n|-damage|p1b: Walking Wake|0 fnt\n|faint|p1b: Walking Wake\n|-end|p1b: Walking Wake|Protosynthesis|[silent]\n|move|p2a: Ursaluna|Hyper Voice|p1a: Landorus\n|-damage|p1a: Landorus|37/100\n|-enditem|p2a: Ursaluna|Throat Spray\n|-boost|p2a: Ursaluna|spa|1|[from] item: Throat Spray\n|\n|-heal|p2b: Corviknight|100/100|[from] item: Leftovers\n|upkeep\n|\n|t:|1771242086\n|switch|p1b: Chien-Pao|Chien-Pao|1/100\n|-ability|p1b: Chien-Pao|Sword of Ruin\n|turn|11\n|\n|t:|1771242102\n|move|p1b: Chien-Pao|Protect|p1b: Chien-Pao\n|-singleturn|p1b: Chien-Pao|Protect\n|move|p1a: Landorus|Earthquake|p2a: Ursaluna|[spread] p2a\n|-activate|p1b: Chien-Pao|move: Protect\n|-immune|p2b: Corviknight\n|-damage|p2a: Ursaluna|56/100\n|move|p2b: Corviknight|Iron Defense|p2b: Corviknight\n|-boost|p2b: Corviknight|def|2\n|move|p2a: Ursaluna|Hyper Voice|p1b: Chien-Pao|[spread] p1a\n|-activate|p1b: Chien-Pao|move: Protect\n|-damage|p1a: Landorus|0 fnt\n|faint|p1a: Landorus\n|\n|upkeep\n|\n|t:|1771242144\n|switch|p1a: Dragonite|Dragonite, F, shiny, tera:Normal|41/100\n|turn|12\n|\n|t:|1771242157\n|move|p1b: Chien-Pao|Protect||[still]\n|-fail|p1b: Chien-Pao\n|move|p1a: Dragonite|Outrage|p2b: Corviknight\n|-resisted|p2b: Corviknight\n|-damage|p2b: Corviknight|85/100\n|move|p2b: Corviknight|Body Press|p1b: Chien-Pao\n|-supereffective|p1b: Chien-Pao\n|-damage|p1b: Chien-Pao|0 fnt\n|faint|p1b: Chien-Pao\n|move|p2a: Ursaluna|Blood Moon|p1a: Dragonite\n|-damage|p1a: Dragonite|0 fnt\n|faint|p1a: Dragonite\n|\n|-heal|p2b: Corviknight|91/100|[from] item: Leftovers\n|upkeep\n|-message|GTG_95 forfeited.\n|\n|win|Lokart\n|raw|GTG_95's rating: 1587 &rarr; <strong>1566</strong><br />(-21 for losing)\n|raw|Lokart's rating: 1563 &rarr; <strong>1584</strong><br />(+21 for winning)\n|l|☆Lokart\n|player|p2|\n|l|☆GTG_95\n|player|p1|\n", "uploadtime": 1771242487, "views": 9, "formatid": "gen9doublesou", "rating": 1566, "private": 0, "password": null}