{"id": "gen9doublesou-2540586236", "format": "[Gen 9] Doubles OU", "players": ["Pizoocookie", "uhikoo"], "log": "|j|☆Pizoocookie\n|j|☆uhikoo\n|t:|1771222340\n|gametype|doubles\n|player|p1|Pizoocookie|brawly|1580\n|player|p2|uhikoo|steven|1537\n|gen|9\n|tier|[Gen 9] Doubles OU\n|rated|\n|rule|HP Percentage Mod: HP is shown in percentages\n|rule|Endless Battle Clause: Forcing endless battles is banned\n|rule|Species Clause: Limit one of each Pokémon\n|rule|OHKO Clause: OHKO moves are banned\n|rule|Evasion Moves Clause: Evasion moves are banned\n|rule|Gravity Sleep Clause: The combination of sleep-inducing moves with imperfect accuracy and Gravity or Gigantamax Orbeetle are banned\n|rule|Evasion Abilities Clause: Evasion abilities are banned\n|clearpoke\n|poke|p1|Goodra-Hisui, F|\n|poke|p1|Grimmsnarl, M|\n|poke|p1|Primarina, F|\n|poke|p1|Dragonite, M|\n|poke|p1|Chien-Pao|\n|poke|p1|Ting-Lu|\n|poke|p2|Glimmora, F|\n|poke|p2|Gholdengo|\n|poke|p2|Gouging Fire|\n|poke|p2|Chien-Pao|\n|poke|p2|Ogerpon-Wellspring, F|\n|poke|p2|Dragonite, F|\n|teampreview\n|inactive|Battle timer is ON: inactive players will automatically lose when time's up. (requested by uhikoo)\n|\n|t:|1771222359\n|teamsize|p1|6\n|teamsize|p2|6\n|start\n|switch|p1a: Redditor|Grimmsnarl, M|100/100\n|switch|p1b: Tutu|Ting-Lu|100/100\n|switch|p2a: Glimmora|Glimmora, F, shiny|100/100\n|switch|p2b: Gholdengo|Gholdengo|100/100\n|-ability|p1b: Tutu|Vessel of Ruin\n|turn|1\n|\n|t:|1771222375\n|-terastallize|p1a: Redditor|Steel\n|move|p1a: Redditor|Taunt|p2a: Glimmora\n|-start|p2a: Glimmora|move: Taunt\n|cant|p2a: Glimmora|move: Taunt|Stealth Rock\n|move|p2b: Gholdengo|Make It Rain|p1b: Tutu|[spread] p1a,p1b\n|-resisted|p1a: Redditor\n|-damage|p1a: Redditor|79/100\n|-damage|p1b: Tutu|66/100\n|-unboost|p2b: Gholdengo|spa|1\n|move|p1b: Tutu|Spikes|p2a: Glimmora\n|-sidestart|p2: uhikoo|Spikes\n|\n|upkeep\n|turn|2\n|\n|t:|1771222395\n|switch|p2b: Gouging Fire|Gouging Fire|100/100\n|-damage|p2b: Gouging Fire|88/100|[from] Spikes\n|-enditem|p2b: Gouging Fire|Booster Energy\n|-activate|p2b: Gouging Fire|ability: Protosynthesis|[fromitem]\n|-start|p2b: Gouging Fire|protosynthesisspe\n|move|p1a: Redditor|Light Screen|p1a: Redditor\n|-sidestart|p1: Pizoocookie|move: Light Screen\n|move|p2a: Glimmora|Earth Power|p1a: Redditor\n|-supereffective|p1a: Redditor\n|-damage|p1a: Redditor|57/100\n|move|p1b: Tutu|Ruination|p2b: Gouging Fire\n|-damage|p2b: Gouging Fire|44/100\n|\n|upkeep\n|turn|3\n|\n|t:|1771222414\n|switch|p2a: Dragonite|Dragonite, F|100/100\n|move|p1a: Redditor|Reflect|p1a: Redditor\n|-sidestart|p1: Pizoocookie|Reflect\n|move|p2b: Gouging Fire|Howl|p2b: Gouging Fire|[spread] p2a,p2b\n|-boost|p2a: Dragonite|atk|1\n|-boost|p2b: Gouging Fire|atk|1\n|move|p1b: Tutu|Ruination|p2a: Dragonite\n|-damage|p2a: Dragonite|51/100\n|\n|upkeep\n|turn|4\n|\n|t:|1771222431\n|move|p1a: Redditor|Taunt|p2b: Gouging Fire\n|-start|p2b: Gouging Fire|move: Taunt\n|cant|p2b: Gouging Fire|move: Taunt|Howl\n|move|p2a: Dragonite|Stomping Tantrum|p1a: Redditor\n|-supereffective|p1a: Redditor\n|-damage|p1a: Redditor|0 fnt\n|faint|p1a: Redditor\n|move|p1b: Tutu|Whirlwind|p2a: Dragonite\n|drag|p2a: Gholdengo|Gholdengo|100/100\n|-damage|p2a: Gholdengo|88/100|[from] Spikes\n|\n|upkeep\n|\n|t:|1771222445\n|switch|p1a: Mermaiden|Primarina, F|100/100\n|turn|5\n|inactive|uhikoo has 120 seconds left.\n|\n|t:|1771222479\n|move|p2b: Gouging Fire|Heat Crash|p1b: Tutu\n|-damage|p1b: Tutu|57/100\n|move|p2a: Gholdengo|Make It Rain|p1a: Mermaiden|[spread] p1a,p1b\n|-damage|p1a: Mermaiden|68/100\n|-damage|p1b: Tutu|29/100\n|-unboost|p2a: Gholdengo|spa|1\n|-enditem|p1b: Tutu|Sitrus Berry|[eat]\n|-heal|p1b: Tutu|54/100|[from] item: Sitrus Berry\n|move|p1a: Mermaiden|Shadow Ball|p2a: Gholdengo\n|-supereffective|p2a: Gholdengo\n|-damage|p2a: Gholdengo|16/100\n|move|p1b: Tutu|Stomping Tantrum|p2a: Gholdengo\n|-supereffective|p2a: Gholdengo\n|-damage|p2a: Gholdengo|0 fnt\n|faint|p2a: Gholdengo\n|\n|upkeep\n|inactive|uhikoo has 120 seconds left.\n|\n|t:|1771222494\n|switch|p2a: Dragonite|Dragonite, F|51/100\n|turn|6\n|inactive|uhikoo has 120 seconds left.\n|\n|t:|1771222537\n|-end|p2b: Gouging Fire|Protosynthesis|[silent]\n|switch|p2b: Ogerpon|Ogerpon-Wellspring, F|100/100\n|-damage|p2b: Ogerpon|88/100|[from] Spikes\n|switch|p1a: Walldin|Goodra-Hisui, F|100/100\n|move|p2a: Dragonite|Aerial Ace|p1a: Walldin\n|-resisted|p1a: Walldin\n|-damage|p1a: Walldin|93/100\n|move|p1b: Tutu|Stomping Tantrum|p2b: Ogerpon\n|-resisted|p2b: Ogerpon\n|-damage|p2b: Ogerpon|69/100\n|\n|upkeep\n|turn|7\n|inactive|uhikoo has 120 seconds left.\n|inactive|Pizoocookie has 120 seconds left.\n|\n|t:|1771222568\n|-terastallize|p2b: Ogerpon|Water\n|detailschange|p2b: Ogerpon|Ogerpon-Wellspring-Tera, F, tera:Water\n|-ability|p2b: Ogerpon|Embody Aspect (Wellspring)|boost\n|-boost|p2b: Ogerpon|spd|1\n|move|p2b: Ogerpon|Ivy Cudgel|p1b: Tutu|[anim] Ivy Cudgel Water\n|-supereffective|p1b: Tutu\n|-damage|p1b: Tutu|4/100\n|move|p2a: Dragonite|Stomping Tantrum|p1a: Walldin\n|-supereffective|p1a: Walldin\n|-damage|p1a: Walldin|65/100\n|move|p1b: Tutu|Ruination|p2b: Ogerpon\n|-damage|p2b: Ogerpon|35/100\n|move|p1a: Walldin|Dragon Tail|p2b: Ogerpon\n|-damage|p2b: Ogerpon|9/100\n|drag|p2b: Gouging Fire|Gouging Fire|44/100\n|-damage|p2b: Gouging Fire|32/100|[from] Spikes\n|\n|upkeep\n|turn|8\n|inactive|uhikoo has 120 seconds left.\n|inactive|uhikoo has 90 seconds left.\n|\n|t:|1771222616\n|move|p2b: Gouging Fire|Howl|p2b: Gouging Fire|[spread] p2a,p2b\n|-boost|p2a: Dragonite|atk|1\n|-boost|p2b: Gouging Fire|atk|1\n|move|p2a: Dragonite|Stomping Tantrum|p1a: Walldin\n|-supereffective|p1a: Walldin\n|-damage|p1a: Walldin|26/100\n|move|p1a: Walldin|Draco Meteor|p2a: Dragonite\n|-supereffective|p2a: Dragonite\n|-crit|p2a: Dragonite\n|-damage|p2a: Dragonite|0 fnt\n|-unboost|p1a: Walldin|spa|2\n|faint|p2a: Dragonite\n|move|p1b: Tutu|Stomping Tantrum|p2b: Gouging Fire\n|-supereffective|p2b: Gouging Fire\n|-damage|p2b: Gouging Fire|0 fnt\n|faint|p2b: Gouging Fire\n|-end|p2b: Gouging Fire|Protosynthesis|[silent]\n|\n|upkeep\n|inactive|uhikoo has 90 seconds left.\n|\n|t:|1771222631\n|switch|p2b: Glimmora|Glimmora, F, shiny|100/100\n|switch|p2a: Chien-Pao|Chien-Pao|100/100\n|-damage|p2a: Chien-Pao|88/100|[from] Spikes\n|-ability|p2a: Chien-Pao|Sword of Ruin\n|-damage|p2b: Glimmora|88/100|[from] Spikes\n|turn|9\n|\n|t:|1771222647\n|move|p2a: Chien-Pao|Brick Break|p1a: Walldin\n|-sideend|p1: Pizoocookie|Reflect\n|-sideend|p1: Pizoocookie|move: Light Screen\n|-supereffective|p1a: Walldin\n|-damage|p1a: Walldin|0 fnt\n|faint|p1a: Walldin\n|move|p2b: Glimmora|Mortal Spin|p1b: Tutu\n|-resisted|p1b: Tutu\n|-damage|p1b: Tutu|2/100\n|-status|p1b: Tutu|psn\n|-sideend|p2: uhikoo|Spikes|[from] move: Mortal Spin|[of] p2b: Glimmora\n|move|p1b: Tutu|Stomping Tantrum|p2b: Glimmora\n|-supereffective|p2b: Glimmora\n|-damage|p2b: Glimmora|0 fnt\n|-activate|p2b: Glimmora|ability: Toxic Debris\n|-sidestart|p1: Pizoocookie|move: Toxic Spikes\n|faint|p2b: Glimmora\n|\n|-damage|p1b: Tutu|0 fnt|[from] psn\n|faint|p1b: Tutu\n|upkeep\n|inactive|uhikoo has 90 seconds left.\n|\n|t:|1771222663\n|switch|p2b: Ogerpon|Ogerpon-Wellspring-Tera, F, tera:Water|9/100\n|switch|p1a: Mermaiden|Primarina, F|68/100\n|switch|p1b: Dragoon|Dragonite, M|100/100\n|-ability|p2b: Ogerpon|Embody Aspect (Wellspring)|boost\n|-boost|p2b: Ogerpon|spd|1\n|-status|p1a: Mermaiden|psn\n|turn|10\n|\n|t:|1771222678\n|move|p2b: Ogerpon|Spiky Shield|p2b: Ogerpon\n|-singleturn|p2b: Ogerpon|move: Protect\n|move|p1b: Dragoon|Extreme Speed|p2b: Ogerpon\n|-activate|p2b: Ogerpon|move: Protect\n|-damage|p1b: Dragoon|88/100|[from] Spiky Shield|[of] p2b: Ogerpon\n|move|p2a: Chien-Pao|Brick Break|p1b: Dragoon\n|-resisted|p1b: Dragoon\n|-damage|p1b: Dragoon|71/100\n|move|p1a: Mermaiden|Moonblast|p2a: Chien-Pao\n|-supereffective|p2a: Chien-Pao\n|-damage|p2a: Chien-Pao|0 fnt\n|faint|p2a: Chien-Pao\n|\n|-damage|p1a: Mermaiden|55/100 psn|[from] psn\n|upkeep\n|turn|11\n|inactive|uhikoo has 120 seconds left.\n|\n|t:|1771222695\n|move|p1b: Dragoon|Extreme Speed|p2b: Ogerpon\n|-crit|p2b: Ogerpon\n|-damage|p2b: Ogerpon|0 fnt\n|faint|p2b: Ogerpon\n|detailschange|p2: Ogerpon|Ogerpon-Wellspring, F|[silent]\n|\n|win|Pizoocookie\n|raw|Pizoocookie's rating: 1580 &rarr; <strong>1598</strong><br />(+18 for winning)\n|raw|uhikoo's rating: 1537 &rarr; <strong>1519</strong><br />(-18 for losing)\n|l|☆uhikoo\n|player|p2|\n|l|☆Pizoocookie\n|player|p1|\n", "uploadtime": 1771223100, "views": 13, "formatid": "gen9doublesou", "rating": 1519, "private": 0, "password": null}