{"id": "gen9doublesou-2540509110", "format": "[Gen 9] Doubles OU", "players": ["lorenzzo14", "Coldblooded0706"], "log": "|j|☆lorenzzo14\n|j|☆Coldblooded0706\n|t:|1771210917\n|gametype|doubles\n|player|p1|lorenzzo14|hilda|1515\n|player|p2|Coldblooded0706|265|1625\n|gen|9\n|tier|[Gen 9] Doubles OU\n|rated|\n|rule|HP Percentage Mod: HP is shown in percentages\n|rule|Endless Battle Clause: Forcing endless battles is banned\n|rule|Species Clause: Limit one of each Pokémon\n|rule|OHKO Clause: OHKO moves are banned\n|rule|Evasion Moves Clause: Evasion moves are banned\n|rule|Gravity Sleep Clause: The combination of sleep-inducing moves with imperfect accuracy and Gravity or Gigantamax Orbeetle are banned\n|rule|Evasion Abilities Clause: Evasion abilities are banned\n|clearpoke\n|poke|p1|Weavile, F|\n|poke|p1|Primarina, F|\n|poke|p1|Mienshao, F|\n|poke|p1|Talonflame, M|\n|poke|p1|Toedscruel, M|\n|poke|p1|Weezing, M|\n|poke|p2|Murkrow, F|\n|poke|p2|Chandelure, M|\n|poke|p2|Zapdos-Galar|\n|poke|p2|Tsareena, F|\n|poke|p2|Metagross|\n|poke|p2|Sylveon, F|\n|teampreview\n|inactive|Battle timer is ON: inactive players will automatically lose when time's up. (requested by lorenzzo14)\n|\n|t:|1771210936\n|teamsize|p1|6\n|teamsize|p2|6\n|start\n|switch|p1a: Tundra|Weavile, F|100/100\n|switch|p1b: Carlos|Weezing, M|100/100\n|switch|p2a: Zapdos|Zapdos-Galar|100/100\n|switch|p2b: Tsareena|Tsareena, F|100/100\n|-ability|p1b: Carlos|Neutralizing Gas\n|turn|1\n|inactive|Coldblooded0706 has 120 seconds left.\n|\n|t:|1771210969\n|-terastallize|p2a: Zapdos|Steel\n|-terastallize|p1a: Tundra|Ghost\n|move|p2a: Zapdos|Brave Bird|p1a: Tundra\n|-damage|p1a: Tundra|0 fnt\n|faint|p1a: Tundra\n|-damage|p2a: Zapdos|72/100|[from] Recoil\n|move|p2b: Tsareena|Taunt|p1b: Carlos\n|-start|p1b: Carlos|move: Taunt\n|cant|p1b: Carlos|move: Taunt|Will-O-Wisp\n|\n|upkeep\n|\n|t:|1771210983\n|switch|p1a: Fênix|Talonflame, M|100/100\n|turn|2\n|\n|t:|1771210990\n|move|p2b: Tsareena|Helping Hand|p2a: Zapdos\n|-singleturn|p2a: Zapdos|Helping Hand|[of] p2b: Tsareena\n|move|p2a: Zapdos|Brave Bird|p1a: Fênix\n|-damage|p1a: Fênix|0 fnt\n|faint|p1a: Fênix\n|-damage|p2a: Zapdos|41/100|[from] Recoil\n|move|p1b: Carlos|Heat Wave|p2b: Tsareena|[spread] p2b\n|-miss|p1b: Carlos|p2a: Zapdos\n|-supereffective|p2b: Tsareena\n|-damage|p2b: Tsareena|69/100\n|\n|upkeep\n|\n|t:|1771211003\n|switch|p1a: Maria|Primarina, F, shiny|100/100\n|turn|3\n|\n|t:|1771211008\n|move|p1a: Maria|Protect|p1a: Maria\n|-singleturn|p1a: Maria|Protect\n|move|p2a: Zapdos|Brave Bird|p1b: Carlos\n|-damage|p1b: Carlos|44/100\n|-damage|p2a: Zapdos|24/100|[from] item: Rocky Helmet|[of] p1b: Carlos\n|-damage|p2a: Zapdos|5/100|[from] Recoil\n|move|p2b: Tsareena|Power Whip|p1a: Maria\n|-activate|p1a: Maria|move: Protect\n|move|p1b: Carlos|Heat Wave|p2b: Tsareena|[spread] p2a,p2b\n|-supereffective|p2a: Zapdos\n|-supereffective|p2b: Tsareena\n|-damage|p2a: Zapdos|0 fnt\n|-damage|p2b: Tsareena|37/100\n|faint|p2a: Zapdos\n|\n|-end|p1b: Carlos|move: Taunt\n|upkeep\n|\n|t:|1771211027\n|switch|p2a: Metagross|Metagross|100/100\n|turn|4\n|\n|t:|1771211034\n|switch|p1a: Mycelium man|Toedscruel, M, shiny|100/100\n|move|p2a: Metagross|Psychic Fangs|p1b: Carlos\n|-supereffective|p1b: Carlos\n|-damage|p1b: Carlos|0 fnt\n|-damage|p2a: Metagross|84/100|[from] item: Rocky Helmet|[of] p1b: Carlos\n|faint|p1b: Carlos\n|-end|p1b: Carlos|ability: Neutralizing Gas\n|move|p2b: Tsareena|Power Whip|p1a: Mycelium man\n|-damage|p1a: Mycelium man|3/100\n|\n|upkeep\n|\n|t:|1771211043\n|switch|p1b: Mia|Mienshao, F, shiny|100/100\n|turn|5\n|\n|t:|1771211053\n|move|p2a: Metagross|Bullet Punch|p1a: Mycelium man\n|-damage|p1a: Mycelium man|0 fnt\n|faint|p1a: Mycelium man\n|move|p1b: Mia|Knock Off|p2b: Tsareena\n|-damage|p2b: Tsareena|0 fnt\n|-enditem|p2b: Tsareena|Wide Lens|[from] move: Knock Off|[of] p1b: Mia\n|faint|p2b: Tsareena\n|-damage|p1b: Mia|91/100|[from] item: Life Orb\n|\n|upkeep\n|\n|t:|1771211080\n|switch|p1a: Maria|Primarina, F, shiny|100/100\n|switch|p2b: Chandelure|Chandelure, M|100/100\n|turn|6\n|\n|t:|1771211090\n|move|p1b: Mia|Knock Off|p2b: Chandelure\n|-supereffective|p2b: Chandelure\n|-damage|p2b: Chandelure|5/100\n|-enditem|p2b: Chandelure|Life Orb|[from] move: Knock Off|[of] p1b: Mia\n|-damage|p1b: Mia|81/100|[from] item: Life Orb\n|move|p2a: Metagross|Heavy Slam|p1b: Mia\n|-damage|p1b: Mia|0 fnt\n|faint|p1b: Mia\n|move|p2b: Chandelure|Shadow Ball|p1a: Maria\n|-damage|p1a: Maria|63/100\n|move|p1a: Maria|Hyper Voice|p2b: Chandelure|[spread] p2a,p2b\n|-supereffective|p2b: Chandelure\n|-damage|p2a: Metagross|56/100\n|-damage|p2b: Chandelure|0 fnt\n|faint|p2b: Chandelure\n|-enditem|p1a: Maria|Throat Spray\n|-boost|p1a: Maria|spa|1|[from] item: Throat Spray\n|\n|upkeep\n|\n|t:|1771211104\n|switch|p2b: Murkrow|Murkrow, F|100/100\n|turn|7\n|\n|t:|1771211108\n|move|p2b: Murkrow|Sunny Day|p2b: Murkrow\n|-weather|SunnyDay\n|move|p2a: Metagross|Heavy Slam|p1a: Maria\n|-damage|p1a: Maria|0 fnt\n|faint|p1a: Maria\n|\n|win|Coldblooded0706\n|raw|lorenzzo14's rating: 1515 &rarr; <strong>1501</strong><br />(-14 for losing)\n|raw|Coldblooded0706's rating: 1625 &rarr; <strong>1639</strong><br />(+14 for winning)\n|l|☆lorenzzo14\n|player|p1|\n|l|☆Coldblooded0706\n|player|p2|\n|j|☆Coldblooded0706\n|player|p2|Coldblooded0706|265|\n|l|☆Coldblooded0706\n|player|p2|\n", "uploadtime": 1771211454, "views": 13, "formatid": "gen9doublesou", "rating": 1501, "private": 0, "password": null}