{"id": "gen9doublesou-2540737048", "format": "[Gen 9] Doubles OU", "players": ["enexis", "Jaiper_Showdown"], "log": "|badge|p2|silver|gen9doublesou|30-8\n|uhtml|medal-msg|<div class=\"broadcast-blue\">Curious what those medals under the avatar are? PS now has Ladder Seasons! For more information, check out the <a href=\"https://www.smogon.com/forums/threads/3740067/\">thread on Smogon.</a></div>\n|j|☆enexis\n|j|☆Jaiper_Showdown\n|t:|1771247880\n|gametype|doubles\n|player|p1|enexis|2|1631\n|player|p2|Jaiper_Showdown|nate|1772\n|gen|9\n|tier|[Gen 9] Doubles OU\n|rated|\n|rule|HP Percentage Mod: HP is shown in percentages\n|rule|Endless Battle Clause: Forcing endless battles is banned\n|rule|Species Clause: Limit one of each Pokémon\n|rule|OHKO Clause: OHKO moves are banned\n|rule|Evasion Moves Clause: Evasion moves are banned\n|rule|Gravity Sleep Clause: The combination of sleep-inducing moves with imperfect accuracy and Gravity or Gigantamax Orbeetle are banned\n|rule|Evasion Abilities Clause: Evasion abilities are banned\n|clearpoke\n|poke|p1|Grimmsnarl, M|\n|poke|p1|Sneasler, F|\n|poke|p1|Milotic, F|\n|poke|p1|Pelipper, M|\n|poke|p1|Bruxish, F|\n|poke|p1|Kilowattrel, F|\n|poke|p2|Tyranitar, M|\n|poke|p2|Gyarados, M|\n|poke|p2|Gardevoir, M|\n|poke|p2|Goodra-Hisui, M|\n|poke|p2|Houndstone, M|\n|poke|p2|Slither Wing|\n|teampreview\n|inactive|Battle timer is ON: inactive players will automatically lose when time's up. (requested by enexis)\n|\n|t:|1771247895\n|teamsize|p1|6\n|teamsize|p2|6\n|start\n|switch|p1a: Pelipper|Pelipper, M|100/100\n|switch|p1b: Milotic|Milotic, F|100/100\n|switch|p2a: Gardevoir|Gardevoir, M, shiny|100/100\n|switch|p2b: Goodra|Goodra-Hisui, M|100/100\n|-ability|p2a: Gardevoir|Drizzle|Trace|[from] ability: Trace|[of] p1a: Pelipper\n|-weather|RainDance|[from] ability: Drizzle|[of] p2a: Gardevoir\n|turn|1\n|c|☆enexis|gl\n|\n|t:|1771247905\n|-terastallize|p2a: Gardevoir|Fairy\n|move|p2a: Gardevoir|Moonblast|p1a: Pelipper\n|-damage|p1a: Pelipper|1/100\n|move|p1b: Milotic|Weather Ball|p2a: Gardevoir\n|-damage|p2a: Gardevoir|34/100\n|move|p1a: Pelipper|Tailwind|p1a: Pelipper\n|-sidestart|p1: enexis|move: Tailwind\n|move|p2b: Goodra|Dragon Pulse|p1b: Milotic\n|-damage|p1b: Milotic|65/100\n|\n|-weather|RainDance|[upkeep]\n|upkeep\n|turn|2\n|\n|t:|1771247926\n|switch|p1a: Sneasler|Sneasler, F|100/100\n|switch|p2a: Tyranitar|Tyranitar, M, shiny|100/100\n|-weather|Sandstorm|[from] ability: Sand Stream|[of] p2a: Tyranitar\n|move|p1b: Milotic|Muddy Water|p2a: Tyranitar|[spread] p2b\n|-miss|p1b: Milotic|p2a: Tyranitar\n|-resisted|p2b: Goodra\n|-damage|p2b: Goodra|94/100\n|-unboost|p2b: Goodra|accuracy|1\n|move|p2b: Goodra|Dragon Pulse|p1b: Milotic\n|-damage|p1b: Milotic|26/100\n|\n|-weather|Sandstorm|[upkeep]\n|-damage|p1a: Sneasler|95/100|[from] Sandstorm\n|-damage|p1b: Milotic|20/100|[from] Sandstorm\n|upkeep\n|turn|3\n|\n|t:|1771247952\n|switch|p1b: Pelipper|Pelipper, M|1/100\n|-weather|RainDance|[from] ability: Drizzle|[of] p1b: Pelipper\n|switch|p2a: Slither Wing|Slither Wing|100/100\n|move|p1a: Sneasler|Close Combat|p2b: Goodra\n|-supereffective|p2b: Goodra\n|-damage|p2b: Goodra|0 fnt\n|-unboost|p1a: Sneasler|def|1\n|-unboost|p1a: Sneasler|spd|1\n|faint|p2b: Goodra\n|\n|-weather|RainDance|[upkeep]\n|upkeep\n|inactive|Jaiper_Showdown has 120 seconds left.\n|\n|t:|1771247962\n|switch|p2b: Gardevoir|Gardevoir, M, shiny, tera:Fairy|34/100\n|-ability|p2b: Gardevoir|Unburden|Trace|[from] ability: Trace|[of] p1a: Sneasler\n|turn|4\n|\n|t:|1771247978\n|move|p1a: Sneasler|Dire Claw|p2b: Gardevoir\n|-supereffective|p2b: Gardevoir\n|-damage|p2b: Gardevoir|0 fnt\n|faint|p2b: Gardevoir\n|move|p1b: Pelipper|Hurricane|p2a: Slither Wing\n|-supereffective|p2a: Slither Wing\n|-damage|p2a: Slither Wing|0 fnt\n|faint|p2a: Slither Wing\n|-end|p2a: Slither Wing|Protosynthesis|[silent]\n|\n|-weather|RainDance|[upkeep]\n|-sideend|p1: enexis|move: Tailwind\n|upkeep\n|\n|t:|1771247991\n|switch|p2a: Tyranitar|Tyranitar, M, shiny|100/100\n|switch|p2b: Houndstone|Houndstone, M|100/100\n|-weather|Sandstorm|[from] ability: Sand Stream|[of] p2a: Tyranitar\n|turn|5\n|\n|t:|1771248003\n|switch|p1a: Milotic|Milotic, F|20/100\n|switch|p1b: Grimmsnarl|Grimmsnarl, M|100/100\n|move|p2b: Houndstone|Last Respects|p1a: Milotic\n|-damage|p1a: Milotic|0 fnt\n|faint|p1a: Milotic\n|move|p2a: Tyranitar|Stealth Rock|p1b: Grimmsnarl\n|-sidestart|p1: enexis|move: Stealth Rock\n|\n|-weather|Sandstorm|[upkeep]\n|-damage|p1b: Grimmsnarl|94/100|[from] Sandstorm\n|upkeep\n|\n|t:|1771248008\n|switch|p1a: Sneasler|Sneasler, F|95/100\n|-damage|p1a: Sneasler|89/100|[from] Stealth Rock\n|turn|6\n|\n|t:|1771248016\n|switch|p2a: Gyarados|Gyarados, M|100/100\n|-ability|p2a: Gyarados|Intimidate|boost\n|-unboost|p1a: Sneasler|atk|1\n|-unboost|p1b: Grimmsnarl|atk|1\n|move|p1b: Grimmsnarl|Swagger|p2b: Houndstone\n|-boost|p2b: Houndstone|atk|2\n|-start|p2b: Houndstone|confusion\n|-enditem|p1a: Sneasler|Mirror Herb\n|-boost|p1a: Sneasler|atk|2|[from] item: Mirror Herb\n|-enditem|p1b: Grimmsnarl|Mirror Herb\n|-boost|p1b: Grimmsnarl|atk|2|[from] item: Mirror Herb\n|move|p1a: Sneasler|Close Combat|p2a: Gyarados\n|-resisted|p2a: Gyarados\n|-damage|p2a: Gyarados|65/100\n|-unboost|p1a: Sneasler|def|1\n|-unboost|p1a: Sneasler|spd|1\n|-activate|p2b: Houndstone|confusion\n|-damage|p2b: Houndstone|72/100|[from] confusion\n|\n|-weather|Sandstorm|[upkeep]\n|-damage|p1a: Sneasler|83/100|[from] Sandstorm\n|-damage|p2a: Gyarados|59/100|[from] Sandstorm\n|-damage|p1b: Grimmsnarl|88/100|[from] Sandstorm\n|upkeep\n|turn|7\n|inactive|Jaiper_Showdown has 120 seconds left.\n|\n|t:|1771248056\n|-terastallize|p1b: Grimmsnarl|Dark\n|move|p1b: Grimmsnarl|Sucker Punch|p2b: Houndstone\n|-supereffective|p2b: Houndstone\n|-damage|p2b: Houndstone|0 fnt\n|faint|p2b: Houndstone\n|move|p1a: Sneasler|Acrobatics|p2a: Gyarados\n|-damage|p2a: Gyarados|15/100\n|-enditem|p2a: Gyarados|Sitrus Berry|[eat]\n|-heal|p2a: Gyarados|40/100|[from] item: Sitrus Berry\n|move|p2a: Gyarados|Taunt|p1b: Grimmsnarl\n|-start|p1b: Grimmsnarl|move: Taunt\n|\n|-weather|Sandstorm|[upkeep]\n|-damage|p1a: Sneasler|77/100|[from] Sandstorm\n|-damage|p2a: Gyarados|34/100|[from] Sandstorm\n|-damage|p1b: Grimmsnarl|82/100|[from] Sandstorm\n|upkeep\n|\n|t:|1771248081\n|switch|p2b: Tyranitar|Tyranitar, M, shiny|100/100\n|turn|8\n|inactive|Jaiper_Showdown has 120 seconds left.\n|\n|t:|1771248104\n|move|p1b: Grimmsnarl|Sucker Punch||[still]\n|-fail|p1b: Grimmsnarl\n|move|p1a: Sneasler|Close Combat|p2b: Tyranitar\n|-supereffective|p2b: Tyranitar\n|-damage|p2b: Tyranitar|0 fnt\n|-unboost|p1a: Sneasler|def|1\n|-unboost|p1a: Sneasler|spd|1\n|faint|p2b: Tyranitar\n|move|p2a: Gyarados|Thunder Wave|p1a: Sneasler\n|-status|p1a: Sneasler|par\n|\n|-weather|Sandstorm|[upkeep]\n|-damage|p1a: Sneasler|71/100 par|[from] Sandstorm\n|-damage|p2a: Gyarados|28/100|[from] Sandstorm\n|-damage|p1b: Grimmsnarl|76/100|[from] Sandstorm\n|upkeep\n|turn|9\n|inactive|Jaiper_Showdown has 120 seconds left.\n|\n|t:|1771248114\n|move|p1a: Sneasler|Dire Claw|p2a: Gyarados\n|-damage|p2a: Gyarados|0 fnt\n|faint|p2a: Gyarados\n|\n|win|enexis\n|raw|enexis's rating: 1631 &rarr; <strong>1659</strong><br />(+28 for winning)\n|raw|Jaiper_Showdown's rating: 1772 &rarr; <strong>1744</strong><br />(-28 for losing)\n|l|☆Jaiper_Showdown\n|player|p2|\n|l|☆enexis\n|player|p1|\n", "uploadtime": 1771248457, "views": 5, "formatid": "gen9doublesou", "rating": 1659, "private": 0, "password": null}