{"id": "gen9doublesou-2540400604", "format": "[Gen 9] Doubles OU", "players": ["Jon Mateo", "inakunana"], "log": "|badge|p2|bronze|gen9doublesou|100-8\n|uhtml|medal-msg|<div class=\"broadcast-blue\">Curious what those medals under the avatar are? PS now has Ladder Seasons! For more information, check out the <a href=\"https://www.smogon.com/forums/threads/3740067/\">thread on Smogon.</a></div>\n|j|☆Jon Mateo\n|j|☆inakunana\n|t:|1771197441\n|gametype|doubles\n|player|p1|Jon Mateo|102|1598\n|player|p2|inakunana|erika|1794\n|gen|9\n|tier|[Gen 9] Doubles OU\n|rated|\n|rule|HP Percentage Mod: HP is shown in percentages\n|rule|Endless Battle Clause: Forcing endless battles is banned\n|rule|Species Clause: Limit one of each Pokémon\n|rule|OHKO Clause: OHKO moves are banned\n|rule|Evasion Moves Clause: Evasion moves are banned\n|rule|Gravity Sleep Clause: The combination of sleep-inducing moves with imperfect accuracy and Gravity or Gigantamax Orbeetle are banned\n|rule|Evasion Abilities Clause: Evasion abilities are banned\n|clearpoke\n|poke|p1|Kleavor, M|\n|poke|p1|Kingdra, M|\n|poke|p1|Shiftry, M|\n|poke|p1|Chi-Yu|\n|poke|p1|Tinkaton, F|\n|poke|p1|Zapdos|\n|poke|p2|Gholdengo|\n|poke|p2|Glimmora, M|\n|poke|p2|Incineroar, F|\n|poke|p2|Ogerpon-Hearthflame, F|\n|poke|p2|Rillaboom, F|\n|poke|p2|Tornadus, M|\n|teampreview\n|inactive|Battle timer is ON: inactive players will automatically lose when time's up. (requested by inakunana)\n|\n|t:|1771197470\n|teamsize|p1|6\n|teamsize|p2|6\n|start\n|switch|p1a: Kingdra|Kingdra, M|100/100\n|switch|p1b: Kleavor|Kleavor, M|100/100\n|switch|p2a: when it snapped|Rillaboom, F|100/100\n|switch|p2b: predefined evil|Incineroar, F|100/100\n|-fieldstart|move: Grassy Terrain|[from] ability: Grassy Surge|[of] p2a: when it snapped\n|-ability|p2b: predefined evil|Intimidate|boost\n|-unboost|p1a: Kingdra|atk|1\n|-unboost|p1b: Kleavor|atk|1\n|turn|1\n|\n|t:|1771197493\n|switch|p1b: Zapdos|Zapdos|100/100\n|move|p1a: Kingdra|Protect|p1a: Kingdra\n|-singleturn|p1a: Kingdra|Protect\n|move|p2b: predefined evil|Fake Out|p1b: Zapdos\n|-damage|p1b: Zapdos|88/100\n|-status|p2b: predefined evil|par|[from] ability: Static|[of] p1b: Zapdos\n|move|p2a: when it snapped|Wood Hammer|p1a: Kingdra\n|-activate|p1a: Kingdra|move: Protect\n|\n|upkeep\n|turn|2\n|\n|t:|1771197507\n|switch|p1a: Shiftry|Shiftry, M|100/100\n|move|p1b: Zapdos|Hurricane|p2a: when it snapped\n|-supereffective|p2a: when it snapped\n|-damage|p2a: when it snapped|25/100\n|move|p2a: when it snapped|Wood Hammer|p1a: Shiftry\n|-resisted|p1a: Shiftry\n|-damage|p1a: Shiftry|36/100\n|-damage|p2a: when it snapped|8/100|[from] Recoil\n|cant|p2b: predefined evil|par\n|\n|-heal|p1a: Shiftry|42/100|[from] Grassy Terrain\n|-heal|p2a: when it snapped|14/100|[from] Grassy Terrain\n|upkeep\n|turn|3\n|\n|t:|1771197528\n|switch|p2a: bon voyage|Gholdengo|100/100\n|-enditem|p2a: bon voyage|Grassy Seed\n|-boost|p2a: bon voyage|def|1|[from] item: Grassy Seed\n|move|p1b: Zapdos|Thunderbolt|p2b: predefined evil\n|-damage|p2b: predefined evil|58/100 par\n|move|p1a: Shiftry|Leaf Blade|p2a: bon voyage\n|-resisted|p2a: bon voyage\n|-crit|p2a: bon voyage\n|-damage|p2a: bon voyage|63/100\n|move|p2b: predefined evil|Parting Shot|p1a: Shiftry\n|-unboost|p1a: Shiftry|atk|1\n|-unboost|p1a: Shiftry|spa|1\n|\n|t:|1771197542\n|switch|p2b: high tide|Tornadus, M|100/100|[from] Parting Shot\n|\n|-heal|p1a: Shiftry|48/100|[from] Grassy Terrain\n|-heal|p2a: bon voyage|69/100|[from] Grassy Terrain\n|upkeep\n|turn|4\n|\n|t:|1771197553\n|move|p1a: Shiftry|Sucker Punch||[still]\n|-fail|p1a: Shiftry\n|move|p2b: high tide|Bleakwind Storm|p1b: Zapdos|[spread] p1b\n|-ability|p1a: Shiftry|Wind Rider|boost\n|-boost|p1a: Shiftry|atk|1\n|-resisted|p1b: Zapdos\n|-damage|p1b: Zapdos|68/100\n|move|p1b: Zapdos|Thunderbolt|p2b: high tide\n|-supereffective|p2b: high tide\n|-enditem|p2b: high tide|Focus Sash\n|-damage|p2b: high tide|1/100\n|move|p2a: bon voyage|Nasty Plot|p2a: bon voyage\n|-boost|p2a: bon voyage|spa|2\n|\n|-heal|p1a: Shiftry|55/100|[from] Grassy Terrain\n|-heal|p2a: bon voyage|75/100|[from] Grassy Terrain\n|upkeep\n|turn|5\n|\n|t:|1771197565\n|move|p2b: high tide|Tailwind|p2b: high tide\n|-sidestart|p2: inakunana|move: Tailwind\n|move|p1a: Shiftry|Sucker Punch|p2a: bon voyage\n|-supereffective|p2a: bon voyage\n|-damage|p2a: bon voyage|35/100\n|move|p2a: bon voyage|Make It Rain|p1a: Shiftry|[spread] p1a,p1b\n|-resisted|p1b: Zapdos\n|-damage|p1a: Shiftry|0 fnt\n|-damage|p1b: Zapdos|20/100\n|-unboost|p2a: bon voyage|spa|1\n|faint|p1a: Shiftry\n|move|p1b: Zapdos|Tailwind|p1b: Zapdos\n|-sidestart|p1: Jon Mateo|move: Tailwind\n|\n|-heal|p2a: bon voyage|41/100|[from] Grassy Terrain\n|-fieldend|move: Grassy Terrain\n|upkeep\n|\n|t:|1771197572\n|switch|p1a: Tinkaton|Tinkaton, F|100/100\n|turn|6\n|\n|t:|1771197577\n|move|p2b: high tide|Protect|p2b: high tide\n|-singleturn|p2b: high tide|Protect\n|move|p2a: bon voyage|Protect|p2a: bon voyage\n|-singleturn|p2a: bon voyage|Protect\n|move|p1a: Tinkaton|Fake Out|p2b: high tide\n|-activate|p2b: high tide|move: Protect\n|move|p1b: Zapdos|Thunderbolt|p2a: bon voyage\n|-activate|p2a: bon voyage|move: Protect\n|\n|upkeep\n|turn|7\n|inactive|Jon Mateo has 120 seconds left.\n|\n|t:|1771197636\n|move|p1b: Zapdos|Protect|p1b: Zapdos\n|-singleturn|p1b: Zapdos|Protect\n|move|p2b: high tide|Icy Wind|p1b: Zapdos|[spread] p1a\n|-activate|p1b: Zapdos|move: Protect\n|-resisted|p1a: Tinkaton\n|-damage|p1a: Tinkaton|94/100\n|-unboost|p1a: Tinkaton|spe|1\n|move|p2a: bon voyage|Make It Rain|p1a: Tinkaton|[spread] p1a\n|-activate|p1b: Zapdos|move: Protect\n|-damage|p1a: Tinkaton|32/100\n|-unboost|p2a: bon voyage|spa|1\n|move|p1a: Tinkaton|Gigaton Hammer|p2b: high tide\n|-damage|p2b: high tide|0 fnt\n|faint|p2b: high tide\n|\n|upkeep\n|\n|t:|1771197641\n|switch|p2b: wanted blood|Ogerpon-Hearthflame, F|100/100\n|-ability|p2b: wanted blood|Mold Breaker\n|turn|8\n|inactive|Jon Mateo has 120 seconds left.\n|\n|t:|1771197653\n|move|p2b: wanted blood|Ivy Cudgel|p1b: Zapdos|[anim] Ivy Cudgel Fire\n|-crit|p1b: Zapdos\n|-damage|p1b: Zapdos|0 fnt\n|faint|p1b: Zapdos\n|move|p2a: bon voyage|Make It Rain|p1a: Tinkaton\n|-damage|p1a: Tinkaton|0 fnt\n|-unboost|p2a: bon voyage|spa|1\n|faint|p1a: Tinkaton\n|\n|-sideend|p1: Jon Mateo|move: Tailwind\n|-sideend|p2: inakunana|move: Tailwind\n|upkeep\n|\n|t:|1771197662\n|switch|p1b: Kleavor|Kleavor, M|100/100\n|switch|p1a: Chi-Yu|Chi-Yu|100/100\n|-ability|p1a: Chi-Yu|Beads of Ruin\n|turn|9\n|inactive|Jon Mateo has 120 seconds left.\n|\n|t:|1771197699\n|switch|p2a: when it snapped|Rillaboom, F|14/100\n|-fieldstart|move: Grassy Terrain|[from] ability: Grassy Surge|[of] p2a: when it snapped\n|move|p2b: wanted blood|Spiky Shield|p2b: wanted blood\n|-singleturn|p2b: wanted blood|move: Protect\n|move|p1b: Kleavor|Protect|p1b: Kleavor\n|-singleturn|p1b: Kleavor|Protect\n|move|p1a: Chi-Yu|Snarl|p2a: when it snapped|[spread] p2a\n|-activate|p2b: wanted blood|move: Protect\n|-damage|p2a: when it snapped|0 fnt\n|faint|p2a: when it snapped\n|\n|upkeep\n|\n|t:|1771197711\n|switch|p2a: predefined evil|Incineroar, F|58/100 par\n|-ability|p2a: predefined evil|Intimidate|boost\n|-unboost|p1a: Chi-Yu|atk|1\n|-unboost|p1b: Kleavor|atk|1\n|turn|10\n|\n|t:|1771197721\n|switch|p1b: Kingdra|Kingdra, M|100/100\n|-terastallize|p2b: wanted blood|Fire\n|detailschange|p2b: wanted blood|Ogerpon-Hearthflame-Tera, F, tera:Fire\n|-ability|p2b: wanted blood|Embody Aspect (Hearthflame)|boost\n|-boost|p2b: wanted blood|atk|1\n|move|p2a: predefined evil|Fake Out|p1b: Kingdra\n|-damage|p1b: Kingdra|87/100\n|move|p1a: Chi-Yu|Snarl|p2a: predefined evil|[spread] p2a,p2b\n|-resisted|p2a: predefined evil\n|-damage|p2a: predefined evil|45/100 par\n|-damage|p2b: wanted blood|62/100\n|-unboost|p2a: predefined evil|spa|1\n|-unboost|p2b: wanted blood|spa|1\n|move|p2b: wanted blood|Ivy Cudgel|p1a: Chi-Yu|[anim] Ivy Cudgel Fire\n|-resisted|p1a: Chi-Yu\n|-damage|p1a: Chi-Yu|10/100\n|\n|-heal|p1a: Chi-Yu|16/100|[from] Grassy Terrain\n|-heal|p2b: wanted blood|68/100|[from] Grassy Terrain\n|-heal|p1b: Kingdra|94/100|[from] Grassy Terrain\n|-heal|p1b: Kingdra|99/100|[from] item: Leftovers\n|-heal|p2a: predefined evil|51/100 par|[from] Grassy Terrain\n|upkeep\n|turn|11\n|\n|t:|1771197737\n|move|p2b: wanted blood|Spiky Shield|p2b: wanted blood\n|-singleturn|p2b: wanted blood|move: Protect\n|move|p1a: Chi-Yu|Snarl|p2b: wanted blood|[spread] \n|-activate|p2b: wanted blood|move: Protect\n|-miss|p1a: Chi-Yu|p2a: predefined evil\n|move|p1b: Kingdra|Muddy Water|p2a: predefined evil|[spread] p2a\n|-activate|p2b: wanted blood|move: Protect\n|-supereffective|p2a: predefined evil\n|-damage|p2a: predefined evil|0 fnt\n|faint|p2a: predefined evil\n|\n|-heal|p1a: Chi-Yu|22/100|[from] Grassy Terrain\n|-heal|p2b: wanted blood|74/100|[from] Grassy Terrain\n|-heal|p1b: Kingdra|100/100|[from] Grassy Terrain\n|upkeep\n|\n|t:|1771197745\n|switch|p2a: low tide|Glimmora, M|100/100\n|turn|12\n|\n|t:|1771197755\n|move|p2b: wanted blood|Grassy Glide|p1b: Kingdra\n|-damage|p1b: Kingdra|36/100\n|move|p1a: Chi-Yu|Snarl|p2b: wanted blood|[spread] p2a,p2b\n|-damage|p2a: low tide|60/100\n|-damage|p2b: wanted blood|35/100\n|-unboost|p2a: low tide|spa|1\n|-unboost|p2b: wanted blood|spa|1\n|move|p2a: low tide|Power Gem|p1a: Chi-Yu\n|-supereffective|p1a: Chi-Yu\n|-damage|p1a: Chi-Yu|0 fnt\n|faint|p1a: Chi-Yu\n|move|p1b: Kingdra|Muddy Water|p2a: low tide|[spread] p2a,p2b\n|-supereffective|p2a: low tide\n|-supereffective|p2b: wanted blood\n|-damage|p2a: low tide|0 fnt\n|-damage|p2b: wanted blood|0 fnt\n|faint|p2a: low tide\n|faint|p2b: wanted blood\n|detailschange|p2: wanted blood|Ogerpon-Hearthflame, F|[silent]\n|\n|-heal|p1b: Kingdra|42/100|[from] Grassy Terrain\n|-heal|p1b: Kingdra|48/100|[from] item: Leftovers\n|upkeep\n|\n|t:|1771197767\n|switch|p2b: bon voyage|Gholdengo|41/100\n|switch|p1a: Kleavor|Kleavor, M|100/100\n|turn|13\n|\n|t:|1771197776\n|move|p1a: Kleavor|X-Scissor|p2b: bon voyage\n|-resisted|p2b: bon voyage\n|-damage|p2b: bon voyage|24/100\n|move|p2b: bon voyage|Shadow Ball|p1b: Kingdra\n|-damage|p1b: Kingdra|4/100\n|move|p1b: Kingdra|Muddy Water|p2b: bon voyage\n|-damage|p2b: bon voyage|0 fnt\n|faint|p2b: bon voyage\n|\n|win|Jon Mateo\n|raw|Jon Mateo's rating: 1598 &rarr; <strong>1628</strong><br />(+30 for winning)\n|raw|inakunana's rating: 1794 &rarr; <strong>1764</strong><br />(-30 for losing)\n|l|☆Jon Mateo\n|player|p1|\n", "uploadtime": 1771197915, "views": 11, "formatid": "gen9doublesou", "rating": 1628, "private": 0, "password": null}