{"id": "gen9doublesou-2540768938", "format": "[Gen 9] Doubles OU", "players": ["Dr Sly", "ismelllikesocksbro"], "log": "|j|☆Dr Sly\n|j|‽ismelllikesocksbro\n|t:|1771251888\n|gametype|doubles\n|player|p1|Dr Sly|camper|1648\n|player|p2|ismelllikesocksbro|dancer|1681\n|gen|9\n|tier|[Gen 9] Doubles OU\n|rated|\n|rule|HP Percentage Mod: HP is shown in percentages\n|rule|Endless Battle Clause: Forcing endless battles is banned\n|rule|Species Clause: Limit one of each Pokémon\n|rule|OHKO Clause: OHKO moves are banned\n|rule|Evasion Moves Clause: Evasion moves are banned\n|rule|Gravity Sleep Clause: The combination of sleep-inducing moves with imperfect accuracy and Gravity or Gigantamax Orbeetle are banned\n|rule|Evasion Abilities Clause: Evasion abilities are banned\n|clearpoke\n|poke|p1|Hitmonchan, M|\n|poke|p1|Volcanion|\n|poke|p1|Comfey, M|\n|poke|p1|Araquanid, F|\n|poke|p1|Moltres-Galar|\n|poke|p1|Thundurus, M|\n|poke|p2|Chien-Pao|\n|poke|p2|Raging Bolt|\n|poke|p2|Incineroar, F|\n|poke|p2|Rillaboom, F|\n|poke|p2|Ogerpon-Hearthflame, F|\n|poke|p2|Landorus, M|\n|teampreview\n|\n|t:|1771251904\n|teamsize|p1|6\n|teamsize|p2|6\n|start\n|switch|p1a: Hitmonchan|Hitmonchan, M|100/100\n|switch|p1b: Thundurus|Thundurus, M, shiny|100/100\n|switch|p2a: Raging Bolt|Raging Bolt|100/100\n|switch|p2b: Chien-Pao|Chien-Pao, shiny|100/100\n|-ability|p2b: Chien-Pao|Sword of Ruin\n|turn|1\n|inactive|Battle timer is ON: inactive players will automatically lose when time's up. (requested by Dr Sly)\n|\n|t:|1771251917\n|move|p1a: Hitmonchan|Fake Out|p2b: Chien-Pao\n|-damage|p2b: Chien-Pao|83/100\n|move|p1b: Thundurus|Taunt|p2a: Raging Bolt\n|-start|p2a: Raging Bolt|move: Taunt\n|cant|p2b: Chien-Pao|flinch\n|cant|p2a: Raging Bolt|move: Taunt|Calm Mind\n|\n|upkeep\n|turn|2\n|\n|t:|1771251931\n|switch|p1b: Comfey|Comfey, M|100/100\n|-end|p2a: Raging Bolt|Protosynthesis|[silent]\n|switch|p2a: Rillaboom|Rillaboom, F|100/100\n|-fieldstart|move: Grassy Terrain|[from] ability: Grassy Surge|[of] p2a: Rillaboom\n|move|p2b: Chien-Pao|Protect|p2b: Chien-Pao\n|-singleturn|p2b: Chien-Pao|Protect\n|move|p1a: Hitmonchan|Mach Punch|p2b: Chien-Pao\n|-activate|p2b: Chien-Pao|move: Protect\n|\n|-heal|p2b: Chien-Pao|89/100|[from] Grassy Terrain\n|upkeep\n|turn|3\n|\n|t:|1771251953\n|switch|p1b: Araquanid|Araquanid, F, shiny|100/100\n|switch|p1a: Volcanion|Volcanion|100/100\n|move|p2a: Rillaboom|Fake Out|p1a: Volcanion\n|-damage|p1a: Volcanion|85/100\n|move|p2b: Chien-Pao|Icy Wind|p1a: Volcanion|[spread] p1a,p1b\n|-resisted|p1a: Volcanion\n|-resisted|p1b: Araquanid\n|-damage|p1a: Volcanion|83/100\n|-damage|p1b: Araquanid|95/100\n|-unboost|p1a: Volcanion|spe|1\n|-unboost|p1b: Araquanid|spe|1\n|\n|-heal|p2b: Chien-Pao|95/100|[from] Grassy Terrain\n|-heal|p1a: Volcanion|89/100|[from] Grassy Terrain\n|-heal|p1b: Araquanid|100/100|[from] Grassy Terrain\n|upkeep\n|turn|4\n|\n|t:|1771251973\n|move|p2b: Chien-Pao|Protect|p2b: Chien-Pao\n|-singleturn|p2b: Chien-Pao|Protect\n|move|p2a: Rillaboom|Wood Hammer|p1b: Araquanid\n|-damage|p1b: Araquanid|4/100\n|-damage|p2a: Rillaboom|77/100|[from] Recoil\n|move|p1a: Volcanion|Heat Wave|p2a: Rillaboom|[spread] p2a\n|-activate|p2b: Chien-Pao|move: Protect\n|-supereffective|p2a: Rillaboom\n|-damage|p2a: Rillaboom|25/100\n|move|p1b: Araquanid|Leech Life|p2a: Rillaboom\n|-supereffective|p2a: Rillaboom\n|-damage|p2a: Rillaboom|0 fnt\n|-heal|p1b: Araquanid|20/100|[from] drain|[of] p2a: Rillaboom\n|faint|p2a: Rillaboom\n|\n|-heal|p2b: Chien-Pao|100/100|[from] Grassy Terrain\n|-heal|p1a: Volcanion|95/100|[from] Grassy Terrain\n|-heal|p1b: Araquanid|27/100|[from] Grassy Terrain\n|-heal|p1b: Araquanid|33/100|[from] item: Leftovers\n|upkeep\n|\n|t:|1771251982\n|switch|p2a: Ogerpon|Ogerpon-Hearthflame, F|100/100\n|-ability|p2a: Ogerpon|Mold Breaker\n|turn|5\n|\n|t:|1771251998\n|move|p2b: Chien-Pao|Sucker Punch|p1b: Araquanid\n|-crit|p1b: Araquanid\n|-damage|p1b: Araquanid|0 fnt\n|faint|p1b: Araquanid\n|move|p2a: Ogerpon|Focus Energy|p2a: Ogerpon\n|-start|p2a: Ogerpon|move: Focus Energy\n|move|p1a: Volcanion|Heat Wave|p2b: Chien-Pao|[spread] p2a,p2b\n|-supereffective|p2b: Chien-Pao\n|-damage|p2a: Ogerpon|56/100\n|-enditem|p2b: Chien-Pao|Focus Sash\n|-damage|p2b: Chien-Pao|1/100\n|\n|-heal|p2b: Chien-Pao|7/100|[from] Grassy Terrain\n|-heal|p2a: Ogerpon|62/100|[from] Grassy Terrain\n|-heal|p1a: Volcanion|100/100|[from] Grassy Terrain\n|upkeep\n|\n|t:|1771252018\n|switch|p1b: Thundurus|Thundurus, M, shiny|100/100\n|turn|6\n|\n|t:|1771252025\n|-terastallize|p2a: Ogerpon|Fire\n|detailschange|p2a: Ogerpon|Ogerpon-Hearthflame-Tera, F, tera:Fire\n|-ability|p2a: Ogerpon|Embody Aspect (Hearthflame)|boost\n|-boost|p2a: Ogerpon|atk|1\n|move|p2a: Ogerpon|Grassy Glide|p1a: Volcanion\n|-crit|p1a: Volcanion\n|-damage|p1a: Volcanion|3/100\n|move|p1b: Thundurus|Thunder Wave|p2a: Ogerpon\n|-status|p2a: Ogerpon|par\n|move|p2b: Chien-Pao|Icy Wind|p1b: Thundurus|[spread] p1a,p1b\n|-resisted|p1a: Volcanion\n|-supereffective|p1b: Thundurus\n|-damage|p1a: Volcanion|0 fnt\n|-damage|p1b: Thundurus|76/100\n|-unboost|p1b: Thundurus|spe|1\n|faint|p1a: Volcanion\n|\n|-heal|p2b: Chien-Pao|13/100|[from] Grassy Terrain\n|-heal|p2a: Ogerpon|68/100 par|[from] Grassy Terrain\n|-fieldend|move: Grassy Terrain\n|upkeep\n|\n|t:|1771252054\n|switch|p1a: Comfey|Comfey, M|100/100\n|turn|7\n|\n|t:|1771252062\n|switch|p2b: Landorus|Landorus, M|100/100\n|move|p1a: Comfey|Draining Kiss|p2b: Landorus\n|-damage|p2b: Landorus|80/100\n|move|p1b: Thundurus|Rain Dance|p1b: Thundurus\n|-weather|RainDance\n|cant|p2a: Ogerpon|par\n|\n|-weather|RainDance|[upkeep]\n|upkeep\n|turn|8\n|\n|t:|1771252078\n|switch|p1a: Moltres|Moltres-Galar|100/100\n|move|p2b: Landorus|Substitute|p2b: Landorus\n|-start|p2b: Landorus|Substitute\n|-damage|p2b: Landorus|56/100\n|move|p2a: Ogerpon|Ivy Cudgel|p1b: Thundurus|[anim] Ivy Cudgel Fire\n|-crit|p1b: Thundurus\n|-damage|p1b: Thundurus|0 fnt\n|faint|p1b: Thundurus\n|\n|-weather|RainDance|[upkeep]\n|upkeep\n|\n|t:|1771252089\n|switch|p1b: Hitmonchan|Hitmonchan, M|100/100\n|turn|9\n|\n|t:|1771252099\n|move|p2a: Ogerpon|Spiky Shield|p2a: Ogerpon\n|-singleturn|p2a: Ogerpon|move: Protect\n|move|p2b: Landorus|Earth Power|p1b: Hitmonchan\n|-damage|p1b: Hitmonchan|50/100\n|move|p1a: Moltres|Fiery Wrath|p2b: Landorus|[spread] p2b\n|-activate|p2a: Ogerpon|move: Protect\n|-end|p2b: Landorus|Substitute\n|move|p1b: Hitmonchan|Ice Punch|p2b: Landorus\n|-supereffective|p2b: Landorus\n|-damage|p2b: Landorus|0 fnt\n|faint|p2b: Landorus\n|\n|-weather|RainDance|[upkeep]\n|upkeep\n|\n|t:|1771252106\n|switch|p2b: Incineroar|Incineroar, F|100/100\n|-ability|p2b: Incineroar|Intimidate|boost\n|-unboost|p1a: Moltres|atk|1\n|-unboost|p1b: Hitmonchan|atk|1\n|turn|10\n|\n|t:|1771252116\n|move|p1a: Moltres|Protect|p1a: Moltres\n|-singleturn|p1a: Moltres|Protect\n|move|p2b: Incineroar|Fake Out|p1b: Hitmonchan\n|-damage|p1b: Hitmonchan|34/100\n|cant|p1b: Hitmonchan|flinch\n|move|p2a: Ogerpon|Ivy Cudgel|p1a: Moltres|[anim] Ivy Cudgel Fire\n|-activate|p1a: Moltres|move: Protect\n|\n|-weather|RainDance|[upkeep]\n|upkeep\n|turn|11\n|j| naibot2814\n|\n|t:|1771252127\n|move|p1a: Moltres|Fiery Wrath|p2a: Ogerpon|[spread] p2a,p2b\n|-resisted|p2b: Incineroar\n|-damage|p2a: Ogerpon|32/100 par\n|-damage|p2b: Incineroar|86/100\n|move|p1b: Hitmonchan|Drain Punch|p2b: Incineroar\n|-supereffective|p2b: Incineroar\n|-damage|p2b: Incineroar|42/100\n|-heal|p1b: Hitmonchan|63/100|[from] drain|[of] p2b: Incineroar\n|cant|p2a: Ogerpon|flinch\n|cant|p2b: Incineroar|flinch\n|\n|-weather|none\n|upkeep\n|turn|12\n|\n|t:|1771252140\n|move|p1a: Moltres|Fiery Wrath|p2b: Incineroar|[spread] p2a,p2b\n|-resisted|p2b: Incineroar\n|-crit|p2b: Incineroar\n|-damage|p2a: Ogerpon|0 fnt\n|-damage|p2b: Incineroar|23/100\n|faint|p2a: Ogerpon\n|detailschange|p2: Ogerpon|Ogerpon-Hearthflame, F|[silent]\n|move|p1b: Hitmonchan|Drain Punch|p2b: Incineroar\n|-supereffective|p2b: Incineroar\n|-damage|p2b: Incineroar|0 fnt\n|-heal|p1b: Hitmonchan|78/100|[from] drain|[of] p2b: Incineroar\n|faint|p2b: Incineroar\n|\n|upkeep\n|\n|t:|1771252144\n|switch|p2a: Raging Bolt|Raging Bolt|100/100\n|switch|p2b: Chien-Pao|Chien-Pao, shiny|13/100\n|-ability|p2b: Chien-Pao|Sword of Ruin\n|turn|13\n|\n|t:|1771252162\n|-terastallize|p1a: Moltres|Dark\n|move|p2b: Chien-Pao|Protect|p2b: Chien-Pao\n|-singleturn|p2b: Chien-Pao|Protect\n|move|p1b: Hitmonchan|Mach Punch|p2b: Chien-Pao\n|-activate|p2b: Chien-Pao|move: Protect\n|move|p1a: Moltres|Fiery Wrath|p2a: Raging Bolt|[spread] p2a\n|-activate|p2b: Chien-Pao|move: Protect\n|-damage|p2a: Raging Bolt|67/100\n|cant|p2a: Raging Bolt|flinch\n|\n|-heal|p2a: Raging Bolt|73/100|[from] item: Leftovers\n|upkeep\n|turn|14\n|c|☆Dr Sly|damn\n|\n|t:|1771252179\n|move|p2b: Chien-Pao|Sucker Punch|p1a: Moltres\n|-resisted|p1a: Moltres\n|-damage|p1a: Moltres|79/100\n|move|p1b: Hitmonchan|Mach Punch|p2b: Chien-Pao\n|-supereffective|p2b: Chien-Pao\n|-damage|p2b: Chien-Pao|0 fnt\n|faint|p2b: Chien-Pao\n|move|p1a: Moltres|Fiery Wrath|p2a: Raging Bolt\n|-damage|p2a: Raging Bolt|28/100\n|move|p2a: Raging Bolt|Calm Mind|p2a: Raging Bolt\n|-boost|p2a: Raging Bolt|spa|1\n|-boost|p2a: Raging Bolt|spd|1\n|\n|-heal|p2a: Raging Bolt|34/100|[from] item: Leftovers\n|upkeep\n|turn|15\n|\n|t:|1771252198\n|move|p1a: Moltres|Protect|p1a: Moltres\n|-singleturn|p1a: Moltres|Protect\n|move|p2a: Raging Bolt|Protect|p2a: Raging Bolt\n|-singleturn|p2a: Raging Bolt|Protect\n|move|p1b: Hitmonchan|Drain Punch|p2a: Raging Bolt\n|-activate|p2a: Raging Bolt|move: Protect\n|\n|-heal|p2a: Raging Bolt|40/100|[from] item: Leftovers\n|upkeep\n|turn|16\n|\n|t:|1771252210\n|move|p2a: Raging Bolt|Thunderclap|p1b: Hitmonchan\n|-damage|p1b: Hitmonchan|38/100\n|move|p1a: Moltres|Fiery Wrath|p2a: Raging Bolt\n|-damage|p2a: Raging Bolt|11/100\n|move|p1b: Hitmonchan|Drain Punch|p2a: Raging Bolt\n|-damage|p2a: Raging Bolt|0 fnt\n|-heal|p1b: Hitmonchan|46/100|[from] drain|[of] p2a: Raging Bolt\n|faint|p2a: Raging Bolt\n|-end|p2a: Raging Bolt|Protosynthesis|[silent]\n|\n|win|Dr Sly\n|raw|Dr Sly's rating: 1648 &rarr; <strong>1670</strong><br />(+22 for winning)\n|raw|ismelllikesocksbro's rating: 1681 &rarr; <strong>1659</strong><br />(-22 for losing)\n|l|‽ismelllikesocksbro\n|player|p2|\n|l| naibot2814\n|l|☆Dr Sly\n|player|p1|\n", "uploadtime": 1771252438, "views": 7, "formatid": "gen9doublesou", "rating": 1659, "private": 0, "password": null}