{"id": "gen9doublesou-2540027361", "format": "[Gen 9] Doubles OU", "players": ["gil321", "Andy6005"], "log": "|j|☆gil321\n|j|☆Andy6005\n|t:|1771147757\n|gametype|doubles\n|player|p1|gil321|rocketgrunt|1701\n|player|p2|Andy6005|policeman-gen4|1611\n|gen|9\n|tier|[Gen 9] Doubles OU\n|rated|\n|rule|HP Percentage Mod: HP is shown in percentages\n|rule|Endless Battle Clause: Forcing endless battles is banned\n|rule|Species Clause: Limit one of each Pokémon\n|rule|OHKO Clause: OHKO moves are banned\n|rule|Evasion Moves Clause: Evasion moves are banned\n|rule|Gravity Sleep Clause: The combination of sleep-inducing moves with imperfect accuracy and Gravity or Gigantamax Orbeetle are banned\n|rule|Evasion Abilities Clause: Evasion abilities are banned\n|clearpoke\n|poke|p1|Excadrill, F|\n|poke|p1|Chien-Pao|\n|poke|p1|Tyranitar, F|\n|poke|p1|Dragonite, M|\n|poke|p1|Sinistcha-Masterpiece|\n|poke|p1|Landorus, M|\n|poke|p2|Thundurus, M|\n|poke|p2|Enamorus, F|\n|poke|p2|Amoonguss, M|\n|poke|p2|Sneasler, F|\n|poke|p2|Chi-Yu|\n|poke|p2|Incineroar, F|\n|teampreview\n|\n|t:|1771147764\n|teamsize|p1|6\n|teamsize|p2|6\n|start\n|switch|p1a: Vini Jr|Chien-Pao|100/100\n|switch|p1b: C. Ronaldo (C)|Dragonite, M|100/100\n|switch|p2a: Thundurus|Thundurus, M|100/100\n|switch|p2b: Incineroar|Incineroar, F|100/100\n|-ability|p1a: Vini Jr|Sword of Ruin\n|-ability|p2b: Incineroar|Intimidate|boost\n|-unboost|p1a: Vini Jr|atk|1\n|-fail|p1b: C. Ronaldo (C)|unboost|Attack|[from] ability: Inner Focus|[of] p1b: C. Ronaldo (C)\n|turn|1\n|\n|t:|1771147780\n|switch|p2a: Sneasler|Sneasler, F|100/100\n|-terastallize|p1b: C. Ronaldo (C)|Normal\n|move|p1a: Vini Jr|Protect|p1a: Vini Jr\n|-singleturn|p1a: Vini Jr|Protect\n|move|p1b: C. Ronaldo (C)|Extreme Speed|p2a: Sneasler\n|-damage|p2a: Sneasler|0 fnt\n|faint|p2a: Sneasler\n|move|p2b: Incineroar|Knock Off|p1b: C. Ronaldo (C)\n|-damage|p1b: C. Ronaldo (C)|55/100\n|-enditem|p1b: C. Ronaldo (C)|Choice Band|[from] move: Knock Off|[of] p2b: Incineroar\n|\n|upkeep\n|\n|t:|1771147786\n|switch|p2a: Amoonguss|Amoonguss, M|100/100\n|turn|2\n|\n|t:|1771147808\n|switch|p1a: De Bruyne|Sinistcha-Masterpiece|100/100\n|-heal|p1b: C. Ronaldo (C)|80/100|[from] ability: Hospitality|[of] p1a: De Bruyne\n|-terastallize|p2a: Amoonguss|Water\n|move|p2b: Incineroar|Knock Off|p1a: De Bruyne\n|-supereffective|p1a: De Bruyne\n|-damage|p1a: De Bruyne|43/100\n|-enditem|p1a: De Bruyne|Assault Vest|[from] move: Knock Off|[of] p2b: Incineroar\n|move|p1b: C. Ronaldo (C)|Earthquake|p2b: Incineroar|[spread] p1a,p2a,p2b\n|-resisted|p1a: De Bruyne\n|-supereffective|p2b: Incineroar\n|-damage|p1a: De Bruyne|32/100\n|-damage|p2a: Amoonguss|79/100\n|-damage|p2b: Incineroar|54/100\n|move|p2a: Amoonguss|Spore|p1b: C. Ronaldo (C)\n|-status|p1b: C. Ronaldo (C)|slp|[from] move: Spore\n|\n|upkeep\n|turn|3\n|\n|t:|1771147841\n|switch|p2b: Enamorus|Enamorus, F|100/100\n|switch|p2a: Thundurus|Thundurus, M|100/100\n|move|p1a: De Bruyne|Matcha Gotcha|p2a: Thundurus|[spread] p2a\n|-miss|p1a: De Bruyne|p2b: Enamorus\n|-resisted|p2a: Thundurus\n|-damage|p2a: Thundurus|88/100\n|-heal|p1a: De Bruyne|39/100|[from] drain|[of] p2a: Thundurus\n|cant|p1b: C. Ronaldo (C)|slp\n|\n|upkeep\n|turn|4\n|\n|t:|1771147897\n|switch|p1a: Van dijk|Tyranitar, F|100/100\n|-weather|Sandstorm|[from] ability: Sand Stream|[of] p1a: Van dijk\n|-curestatus|p1b: C. Ronaldo (C)|slp|[msg]\n|move|p1b: C. Ronaldo (C)|Extreme Speed|p2b: Enamorus\n|-damage|p2b: Enamorus|30/100\n|move|p2a: Thundurus|Eerie Impulse|p2b: Enamorus\n|-boost|p2b: Enamorus|spa|2\n|move|p2b: Enamorus|Dazzling Gleam|p1b: C. Ronaldo (C)|[spread] p1a,p1b\n|-supereffective|p1a: Van dijk\n|-damage|p1a: Van dijk|40/100\n|-damage|p1b: C. Ronaldo (C)|7/100\n|-damage|p2b: Enamorus|20/100|[from] item: Life Orb\n|\n|-weather|Sandstorm|[upkeep]\n|-damage|p2b: Enamorus|14/100|[from] Sandstorm\n|-damage|p2a: Thundurus|82/100|[from] Sandstorm\n|-damage|p1b: C. Ronaldo (C)|1/100|[from] Sandstorm\n|upkeep\n|turn|5\n|\n|t:|1771147921\n|switch|p2a: Incineroar|Incineroar, F|54/100\n|-ability|p2a: Incineroar|Intimidate|boost\n|-unboost|p1a: Van dijk|atk|1\n|-fail|p1b: C. Ronaldo (C)|unboost|Attack|[from] ability: Inner Focus|[of] p1b: C. Ronaldo (C)\n|switch|p1a: De Bruyne|Sinistcha-Masterpiece|39/100\n|-heal|p1b: C. Ronaldo (C)|26/100|[from] ability: Hospitality|[of] p1a: De Bruyne\n|move|p2b: Enamorus|Protect|p2b: Enamorus\n|-singleturn|p2b: Enamorus|Protect\n|move|p1b: C. Ronaldo (C)|Extreme Speed|p2a: Incineroar\n|-damage|p2a: Incineroar|13/100\n|-enditem|p2a: Incineroar|Sitrus Berry|[eat]\n|-heal|p2a: Incineroar|38/100|[from] item: Sitrus Berry\n|\n|-weather|Sandstorm|[upkeep]\n|-damage|p2b: Enamorus|7/100|[from] Sandstorm\n|-damage|p2a: Incineroar|31/100|[from] Sandstorm\n|-damage|p1a: De Bruyne|33/100|[from] Sandstorm\n|-damage|p1b: C. Ronaldo (C)|20/100|[from] Sandstorm\n|upkeep\n|turn|6\n|-message|Andy6005 forfeited.\n|\n|win|gil321\n|raw|gil321's rating: 1701 &rarr; <strong>1716</strong><br />(+15 for winning)\n|raw|Andy6005's rating: 1611 &rarr; <strong>1596</strong><br />(-15 for losing)\n|l|☆Andy6005\n|player|p2|\n|l|☆gil321\n|player|p1|\n", "uploadtime": 1771148249, "views": 14, "formatid": "gen9doublesou", "rating": 1596, "private": 0, "password": null}