{"id": "gen9doublesou-2540459445", "format": "[Gen 9] Doubles OU", "players": ["commonblue", "ultimathrash"], "log": "|j|☆commonblue\n|j|☆ultimathrash\n|t:|1771204671\n|gametype|doubles\n|player|p1|commonblue|1|1608\n|player|p2|ultimathrash|pilot|1647\n|gen|9\n|tier|[Gen 9] Doubles OU\n|rated|\n|rule|HP Percentage Mod: HP is shown in percentages\n|rule|Endless Battle Clause: Forcing endless battles is banned\n|rule|Species Clause: Limit one of each Pokémon\n|rule|OHKO Clause: OHKO moves are banned\n|rule|Evasion Moves Clause: Evasion moves are banned\n|rule|Gravity Sleep Clause: The combination of sleep-inducing moves with imperfect accuracy and Gravity or Gigantamax Orbeetle are banned\n|rule|Evasion Abilities Clause: Evasion abilities are banned\n|clearpoke\n|poke|p1|Ursaluna, M|\n|poke|p1|Cresselia, F|\n|poke|p1|Incineroar, M|\n|poke|p1|Chien-Pao|\n|poke|p1|Raging Bolt|\n|poke|p1|Diancie|\n|poke|p2|Scream Tail|\n|poke|p2|Moltres-Galar|\n|poke|p2|Arcanine-Hisui, M|\n|poke|p2|Kyurem|\n|poke|p2|Raging Bolt|\n|poke|p2|Amoonguss, F|\n|teampreview\n|\n|t:|1771204702\n|teamsize|p1|6\n|teamsize|p2|6\n|start\n|switch|p1a: Incineroar|Incineroar, M|100/100\n|switch|p1b: Chien-Pao|Chien-Pao|100/100\n|switch|p2a: Moltres|Moltres-Galar|100/100\n|switch|p2b: Arcanine|Arcanine-Hisui, M|100/100\n|-ability|p2b: Arcanine|Intimidate|boost\n|-unboost|p1a: Incineroar|atk|1\n|-unboost|p1b: Chien-Pao|atk|1\n|-ability|p1b: Chien-Pao|Sword of Ruin\n|-ability|p1a: Incineroar|Intimidate|boost\n|-unboost|p2a: Moltres|atk|1\n|-unboost|p2b: Arcanine|atk|1\n|turn|1\n|j| traceyscetchit\n|inactive|Battle timer is ON: inactive players will automatically lose when time's up. (requested by ultimathrash)\n|inactive|commonblue has 120 seconds left.\n|inactive|commonblue has 90 seconds left.\n|\n|t:|1771204806\n|switch|p2b: Scream Tail|Scream Tail|100/100\n|-enditem|p2b: Scream Tail|Booster Energy\n|-activate|p2b: Scream Tail|ability: Protosynthesis|[fromitem]\n|-start|p2b: Scream Tail|protosynthesisspe\n|move|p1a: Incineroar|Fake Out|p2b: Scream Tail\n|-damage|p2b: Scream Tail|91/100\n|move|p1b: Chien-Pao|Sacred Sword|p2b: Scream Tail\n|-resisted|p2b: Scream Tail\n|-damage|p2b: Scream Tail|87/100\n|move|p2a: Moltres|Air Slash|p1b: Chien-Pao\n|-damage|p1b: Chien-Pao|23/100\n|\n|upkeep\n|turn|2\n|\n|t:|1771204830\n|switch|p1b: Diancie|Diancie|100/100\n|move|p2b: Scream Tail|Encore|p1a: Incineroar\n|-start|p1a: Incineroar|Encore\n|move|p2a: Moltres|Air Slash|p1b: Diancie\n|-resisted|p1b: Diancie\n|-damage|p1b: Diancie|85/100\n|move|p1a: Incineroar|Fake Out||[still]\n|-hint|Fake Out only works on your first turn out.\n|-fail|p1a: Incineroar\n|\n|upkeep\n|turn|3\n|\n|t:|1771204843\n|switch|p2a: Amoonguss|Amoonguss, F|100/100\n|switch|p1a: Cresselia|Cresselia, F|100/100\n|move|p2b: Scream Tail|Thunder Wave|p1b: Diancie\n|-status|p1b: Diancie|par\n|move|p1b: Diancie|Diamond Storm|p2b: Scream Tail|[spread] p2a,p2b\n|-damage|p2a: Amoonguss|80/100\n|-damage|p2b: Scream Tail|67/100\n|-boost|p1b: Diancie|def|2\n|\n|upkeep\n|turn|4\n|\n|t:|1771204871\n|move|p2b: Scream Tail|Encore|p1b: Diancie\n|-start|p1b: Diancie|Encore\n|move|p1a: Cresselia|Lunar Blessing|p1a: Cresselia|[spread] p1a,p1b\n|-heal|p1b: Diancie|100/100 par\n|-curestatus|p1b: Diancie|par|[msg]\n|move|p2a: Amoonguss|Pollen Puff|p2b: Scream Tail\n|-heal|p2b: Scream Tail|100/100\n|move|p1b: Diancie|Diamond Storm|p2a: Amoonguss|[spread] p2a,p2b\n|-damage|p2a: Amoonguss|62/100\n|-damage|p2b: Scream Tail|82/100\n|\n|upkeep\n|turn|5\n|\n|t:|1771204890\n|switch|p1a: Incineroar|Incineroar, M|100/100\n|-ability|p1a: Incineroar|Intimidate|boost\n|-unboost|p2a: Amoonguss|atk|1\n|-unboost|p2b: Scream Tail|atk|1\n|switch|p2a: Kyurem|Kyurem|100/100\n|-ability|p2a: Kyurem|Pressure\n|move|p2b: Scream Tail|Disable|p1b: Diancie\n|-start|p1b: Diancie|Disable|Diamond Storm\n|cant|p1b: Diancie|Disable|Diamond Storm\n|\n|upkeep\n|turn|6\n|\n|t:|1771204905\n|switch|p2a: Arcanine|Arcanine-Hisui, M|100/100\n|-ability|p2a: Arcanine|Intimidate|boost\n|-unboost|p1a: Incineroar|atk|1\n|-fail|p1b: Diancie|unboost|[from] ability: Clear Body|[of] p1b: Diancie\n|switch|p1b: Cresselia|Cresselia, F|100/100\n|move|p2b: Scream Tail|Thunder Wave|p1a: Incineroar\n|-status|p1a: Incineroar|par\n|move|p1a: Incineroar|Flare Blitz|p2a: Arcanine\n|-resisted|p2a: Arcanine\n|-damage|p2a: Arcanine|89/100\n|-damage|p1a: Incineroar|97/100 par|[from] Recoil\n|\n|upkeep\n|turn|7\n|\n|t:|1771204933\n|switch|p1a: Diancie|Diancie|100/100\n|move|p1b: Cresselia|Protect|p1b: Cresselia\n|-singleturn|p1b: Cresselia|Protect\n|move|p2b: Scream Tail|Thunder Wave|p1b: Cresselia\n|-activate|p1b: Cresselia|move: Protect\n|move|p2a: Arcanine|Head Smash|p1b: Cresselia\n|-activate|p1b: Cresselia|move: Protect\n|\n|upkeep\n|turn|8\n|\n|t:|1771204951\n|switch|p1b: Incineroar|Incineroar, M|97/100 par\n|-ability|p1b: Incineroar|Intimidate|boost\n|-unboost|p2a: Arcanine|atk|1\n|-unboost|p2b: Scream Tail|atk|1\n|move|p2b: Scream Tail|Thunder Wave|p1a: Diancie\n|-status|p1a: Diancie|par\n|move|p2a: Arcanine|Head Smash|p1a: Diancie|[miss]\n|-miss|p2a: Arcanine|p1a: Diancie\n|cant|p1a: Diancie|par\n|\n|upkeep\n|turn|9\n|\n|t:|1771204965\n|-end|p2b: Scream Tail|Protosynthesis|[silent]\n|switch|p2b: Raging Bolt|Raging Bolt|100/100\n|switch|p1b: Ursaluna|Ursaluna, M|100/100\n|move|p2a: Arcanine|Head Smash|p1b: Ursaluna\n|-resisted|p1b: Ursaluna\n|-damage|p1b: Ursaluna|81/100\n|-damage|p2a: Arcanine|75/100|[from] Recoil\n|cant|p1a: Diancie|par\n|\n|-status|p1b: Ursaluna|brn|[from] item: Flame Orb\n|upkeep\n|turn|10\n|inactive|ultimathrash has 120 seconds left.\n|\n|t:|1771205009\n|-end|p2b: Raging Bolt|Protosynthesis|[silent]\n|switch|p2b: Moltres|Moltres-Galar|100/100\n|move|p1b: Ursaluna|Protect|p1b: Ursaluna\n|-singleturn|p1b: Ursaluna|Protect\n|move|p2a: Arcanine|Head Smash|p1a: Diancie\n|-damage|p1a: Diancie|61/100 par\n|-damage|p2a: Arcanine|58/100|[from] Recoil\n|cant|p1a: Diancie|par\n|\n|-damage|p1b: Ursaluna|75/100 brn|[from] brn\n|upkeep\n|turn|11\n|\n|t:|1771205021\n|switch|p1b: Cresselia|Cresselia, F|100/100\n|move|p2a: Arcanine|Head Smash|p1a: Diancie\n|-damage|p1a: Diancie|22/100 par\n|-damage|p2a: Arcanine|40/100|[from] Recoil\n|move|p2b: Moltres|Fiery Wrath|p1b: Cresselia|[spread] p1a,p1b\n|-resisted|p1a: Diancie\n|-supereffective|p1b: Cresselia\n|-damage|p1a: Diancie|10/100 par\n|-damage|p1b: Cresselia|37/100\n|cant|p1a: Diancie|flinch\n|\n|upkeep\n|turn|12\n|\n|t:|1771205043\n|switch|p2a: Kyurem|Kyurem|100/100\n|-ability|p2a: Kyurem|Pressure\n|move|p1b: Cresselia|Protect|p1b: Cresselia\n|-singleturn|p1b: Cresselia|Protect\n|move|p2b: Moltres|Fiery Wrath|p1b: Cresselia|[spread] p1a\n|-activate|p1b: Cresselia|move: Protect\n|-resisted|p1a: Diancie\n|-damage|p1a: Diancie|0 fnt\n|faint|p1a: Diancie\n|\n|upkeep\n|\n|t:|1771205047\n|switch|p1a: Incineroar|Incineroar, M|97/100 par\n|-ability|p1a: Incineroar|Intimidate|boost\n|-unboost|p2a: Kyurem|atk|1\n|-unboost|p2b: Moltres|atk|1\n|turn|13\n|\n|t:|1771205063\n|cant|p1a: Incineroar|par\n|move|p2a: Kyurem|Earth Power|p1a: Incineroar\n|-supereffective|p1a: Incineroar\n|-damage|p1a: Incineroar|57/100 par\n|move|p2b: Moltres|Fiery Wrath|p1b: Cresselia|[spread] p1a,p1b\n|-resisted|p1a: Incineroar\n|-supereffective|p1b: Cresselia\n|-damage|p1a: Incineroar|42/100 par\n|-damage|p1b: Cresselia|0 fnt\n|faint|p1b: Cresselia\n|\n|upkeep\n|\n|t:|1771205079\n|switch|p1b: Chien-Pao|Chien-Pao|23/100\n|-ability|p1b: Chien-Pao|Sword of Ruin\n|turn|14\n|inactive|ultimathrash has 120 seconds left.\n|\n|t:|1771205110\n|switch|p2a: Arcanine|Arcanine-Hisui, M|40/100\n|-ability|p2a: Arcanine|Intimidate|boost\n|-unboost|p1a: Incineroar|atk|1\n|-unboost|p1b: Chien-Pao|atk|1\n|move|p1b: Chien-Pao|Ice Spinner|p2b: Moltres\n|-supereffective|p2b: Moltres\n|-damage|p2b: Moltres|34/100\n|-ability|p2b: Moltres|Berserk|boost\n|-boost|p2b: Moltres|spa|1\n|move|p2b: Moltres|Fiery Wrath|p1b: Chien-Pao|[spread] p1a,p1b\n|-resisted|p1a: Incineroar\n|-resisted|p1b: Chien-Pao\n|-damage|p1a: Incineroar|20/100 par\n|-damage|p1b: Chien-Pao|0 fnt\n|faint|p1b: Chien-Pao\n|cant|p1a: Incineroar|par\n|\n|upkeep\n|\n|t:|1771205124\n|switch|p1b: Raging Bolt|Raging Bolt|100/100\n|-enditem|p1b: Raging Bolt|Booster Energy\n|-activate|p1b: Raging Bolt|ability: Protosynthesis|[fromitem]\n|-start|p1b: Raging Bolt|protosynthesisspa\n|turn|15\n|\n|t:|1771205133\n|move|p1b: Raging Bolt|Thunderclap|p2a: Arcanine\n|-damage|p2a: Arcanine|0 fnt\n|faint|p2a: Arcanine\n|move|p2b: Moltres|Fiery Wrath|p1a: Incineroar|[spread] p1a,p1b\n|-resisted|p1a: Incineroar\n|-damage|p1a: Incineroar|0 fnt\n|-damage|p1b: Raging Bolt|42/100\n|faint|p1a: Incineroar\n|\n|upkeep\n|\n|t:|1771205141\n|switch|p2a: Amoonguss|Amoonguss, F|95/100\n|switch|p1a: Ursaluna|Ursaluna, M|75/100 brn\n|turn|16\n|\n|t:|1771205150\n|-terastallize|p1a: Ursaluna|Fighting\n|move|p2a: Amoonguss|Rage Powder|p2a: Amoonguss\n|-singleturn|p2a: Amoonguss|move: Rage Powder\n|move|p1b: Raging Bolt|Thunderclap||[still]\n|-fail|p1b: Raging Bolt\n|move|p2b: Moltres|Fiery Wrath|p1a: Ursaluna|[spread] p1a,p1b\n|-resisted|p1a: Ursaluna\n|-damage|p1a: Ursaluna|45/100 brn\n|-damage|p1b: Raging Bolt|0 fnt\n|faint|p1b: Raging Bolt\n|-end|p1b: Raging Bolt|Protosynthesis|[silent]\n|move|p1a: Ursaluna|Facade|p2a: Amoonguss\n|-damage|p2a: Amoonguss|6/100\n|\n|-damage|p1a: Ursaluna|39/100 brn|[from] brn\n|upkeep\n|turn|17\n|-message|commonblue forfeited.\n|\n|win|ultimathrash\n|raw|commonblue's rating: 1608 &rarr; <strong>1590</strong><br />(-18 for losing)\n|raw|ultimathrash's rating: 1647 &rarr; <strong>1665</strong><br />(+18 for winning)\n|l|☆commonblue\n|player|p1|\n|l|☆ultimathrash\n|player|p2|\n|l| traceyscetchit\n", "uploadtime": 1771205506, "views": 13, "formatid": "gen9doublesou", "rating": 1590, "private": 0, "password": null}