{"id": "gen9doublesou-2539977702", "format": "[Gen 9] Doubles OU", "players": ["yedhu186", "el cien"], "log": "|j|☆yedhu186\n|j|‽el cien\n|t:|1771137108\n|gametype|doubles\n|player|p1|yedhu186|ghetsis-gen5bw|1521\n|player|p2|el cien|baker|1675\n|gen|9\n|tier|[Gen 9] Doubles OU\n|rated|\n|rule|HP Percentage Mod: HP is shown in percentages\n|rule|Endless Battle Clause: Forcing endless battles is banned\n|rule|Species Clause: Limit one of each Pokémon\n|rule|OHKO Clause: OHKO moves are banned\n|rule|Evasion Moves Clause: Evasion moves are banned\n|rule|Gravity Sleep Clause: The combination of sleep-inducing moves with imperfect accuracy and Gravity or Gigantamax Orbeetle are banned\n|rule|Evasion Abilities Clause: Evasion abilities are banned\n|clearpoke\n|poke|p1|Torkoal, M|\n|poke|p1|Walking Wake|\n|poke|p1|Chi-Yu|\n|poke|p1|Raging Bolt|\n|poke|p1|Pecharunt|\n|poke|p1|Jumpluff, F|\n|poke|p2|Spectrier|\n|poke|p2|Chi-Yu|\n|poke|p2|Landorus-Therian, M|\n|poke|p2|Ogerpon-Wellspring, F|\n|poke|p2|Whimsicott, M|\n|poke|p2|Iron Hands|\n|teampreview\n|l|☆yedhu186\n|player|p1|\n|inactive|Battle timer is ON: inactive players will automatically lose when time's up. (requested by el cien)\n|inactive|yedhu186 has 30 seconds to reconnect!\n|inactive|yedhu186 has 20 seconds to reconnect!\n|j|☆yedhu186\n|inactive|yedhu186 reconnected and has 110 seconds left.\n|player|p1|yedhu186|ghetsis-gen5bw|\n|inactive|yedhu186 also wants the timer to be on.\n|\n|t:|1771137172\n|teamsize|p1|6\n|teamsize|p2|6\n|start\n|switch|p1a: Torkoal|Torkoal, M, shiny|100/100\n|switch|p1b: Walking Wake|Walking Wake|100/100\n|switch|p2a: Landorus|Landorus-Therian, M|100/100\n|switch|p2b: Iron Hands|Iron Hands|100/100\n|-ability|p2a: Landorus|Intimidate|boost\n|-unboost|p1a: Torkoal|atk|1\n|-unboost|p1b: Walking Wake|atk|1\n|-weather|SunnyDay|[from] ability: Drought|[of] p1a: Torkoal\n|-activate|p1b: Walking Wake|ability: Protosynthesis\n|-start|p1b: Walking Wake|protosynthesisspa\n|-enditem|p1a: Torkoal|Eject Pack\n|\n|t:|1771137178\n|switch|p1a: Chi-Yu|Chi-Yu, shiny|100/100\n|-ability|p1a: Chi-Yu|Beads of Ruin\n|turn|1\n|\n|t:|1771137193\n|-terastallize|p1a: Chi-Yu|Fire\n|move|p2b: Iron Hands|Fake Out|p1a: Chi-Yu\n|-damage|p1a: Chi-Yu|77/100\n|cant|p1a: Chi-Yu|flinch\n|move|p2a: Landorus|Stomping Tantrum|p1a: Chi-Yu\n|-supereffective|p1a: Chi-Yu\n|-damage|p1a: Chi-Yu|0 fnt\n|faint|p1a: Chi-Yu\n|move|p1b: Walking Wake|Hydro Steam|p2a: Landorus\n|-supereffective|p2a: Landorus\n|-damage|p2a: Landorus|0 fnt\n|faint|p2a: Landorus\n|\n|-weather|SunnyDay|[upkeep]\n|upkeep\n|\n|t:|1771137209\n|switch|p1a: Jumpluff|Jumpluff, F, shiny|100/100\n|switch|p2a: Whimsicott|Whimsicott, M|100/100\n|turn|2\n|\n|t:|1771137217\n|move|p1a: Jumpluff|Tailwind|p1a: Jumpluff\n|-sidestart|p1: yedhu186|move: Tailwind\n|move|p1b: Walking Wake|Hydro Steam|p2b: Iron Hands\n|-damage|p2b: Iron Hands|60/100\n|move|p2a: Whimsicott|Moonblast|p1b: Walking Wake\n|-supereffective|p1b: Walking Wake\n|-damage|p1b: Walking Wake|17/100\n|move|p2b: Iron Hands|Wild Charge|p1a: Jumpluff\n|-damage|p1a: Jumpluff|43/100\n|-damage|p2b: Iron Hands|49/100|[from] Recoil\n|\n|-weather|SunnyDay|[upkeep]\n|upkeep\n|turn|3\n|\n|t:|1771137236\n|move|p2a: Whimsicott|Encore|p1a: Jumpluff\n|-start|p1a: Jumpluff|Encore\n|move|p1a: Jumpluff|Tailwind||[still]\n|-fail|p1a: Jumpluff\n|move|p1b: Walking Wake|Weather Ball|p2a: Whimsicott\n|-supereffective|p2a: Whimsicott\n|-enditem|p2a: Whimsicott|Focus Sash\n|-damage|p2a: Whimsicott|1/100\n|move|p2b: Iron Hands|Wild Charge|p1b: Walking Wake\n|-damage|p1b: Walking Wake|0 fnt\n|faint|p1b: Walking Wake\n|-end|p1b: Walking Wake|Protosynthesis|[silent]\n|-damage|p2b: Iron Hands|46/100|[from] Recoil\n|\n|-weather|SunnyDay|[upkeep]\n|upkeep\n|\n|t:|1771137247\n|switch|p1b: Pecharunt|Pecharunt|100/100\n|turn|4\n|\n|t:|1771137262\n|switch|p1a: Raging Bolt|Raging Bolt|100/100\n|-activate|p1a: Raging Bolt|ability: Protosynthesis\n|-start|p1a: Raging Bolt|protosynthesisspa\n|move|p2a: Whimsicott|Tailwind|p2a: Whimsicott\n|-sidestart|p2: el cien|move: Tailwind\n|move|p1b: Pecharunt|Malignant Chain|p2a: Whimsicott\n|-supereffective|p2a: Whimsicott\n|-damage|p2a: Whimsicott|0 fnt\n|faint|p2a: Whimsicott\n|move|p2b: Iron Hands|Wild Charge|p1b: Pecharunt\n|-damage|p1b: Pecharunt|71/100\n|-damage|p2b: Iron Hands|40/100|[from] Recoil\n|\n|-weather|SunnyDay|[upkeep]\n|upkeep\n|\n|t:|1771137272\n|switch|p2a: Spectrier|Spectrier|100/100\n|turn|5\n|\n|t:|1771137283\n|move|p1a: Raging Bolt|Thunderclap|p2a: Spectrier\n|-damage|p2a: Spectrier|39/100\n|move|p2a: Spectrier|Snarl|p1b: Pecharunt|[spread] p1a,p1b\n|-supereffective|p1b: Pecharunt\n|-damage|p1a: Raging Bolt|79/100\n|-damage|p1b: Pecharunt|34/100\n|-unboost|p1a: Raging Bolt|spa|1\n|-unboost|p1b: Pecharunt|spa|1\n|move|p1b: Pecharunt|Poison Gas|p2b: Iron Hands|[spread] p2a,p2b\n|-status|p2a: Spectrier|psn\n|-start|p2a: Spectrier|confusion|[from] ability: Poison Puppeteer|[of] p1b: Pecharunt\n|-status|p2b: Iron Hands|psn\n|-start|p2b: Iron Hands|confusion|[from] ability: Poison Puppeteer|[of] p1b: Pecharunt\n|-activate|p2b: Iron Hands|confusion\n|move|p2b: Iron Hands|Close Combat|p1a: Raging Bolt\n|-damage|p1a: Raging Bolt|28/100\n|-unboost|p2b: Iron Hands|def|1\n|-unboost|p2b: Iron Hands|spd|1\n|\n|-weather|none\n|-end|p1a: Raging Bolt|Protosynthesis\n|-damage|p2a: Spectrier|27/100 psn|[from] psn\n|-damage|p2b: Iron Hands|28/100 psn|[from] psn\n|-sideend|p1: yedhu186|move: Tailwind\n|upkeep\n|turn|6\n|inactive|yedhu186 has 120 seconds left.\n|\n|t:|1771137315\n|switch|p2a: Ogerpon|Ogerpon-Wellspring, F|100/100\n|move|p1a: Raging Bolt|Thunderclap||[still]\n|-fail|p1a: Raging Bolt\n|-activate|p2b: Iron Hands|confusion\n|move|p2b: Iron Hands|Close Combat|p1a: Raging Bolt\n|-damage|p1a: Raging Bolt|0 fnt\n|-unboost|p2b: Iron Hands|def|1\n|-unboost|p2b: Iron Hands|spd|1\n|faint|p1a: Raging Bolt\n|-end|p1a: Raging Bolt|Protosynthesis|[silent]\n|move|p1b: Pecharunt|Parting Shot|p2b: Iron Hands\n|-unboost|p2b: Iron Hands|atk|1\n|-unboost|p2b: Iron Hands|spa|1\n|inactive|yedhu186 has 120 seconds left.\n|\n|t:|1771137320\n|switch|p1b: Torkoal|Torkoal, M, shiny|100/100|[from] Parting Shot\n|-weather|SunnyDay|[from] ability: Drought|[of] p1b: Torkoal\n|\n|-weather|SunnyDay|[upkeep]\n|-damage|p2b: Iron Hands|15/100 psn|[from] psn\n|upkeep\n|\n|t:|1771137324\n|switch|p1a: Jumpluff|Jumpluff, F, shiny|43/100\n|turn|7\n|\n|t:|1771137339\n|move|p1a: Jumpluff|Leaf Storm|p2b: Iron Hands\n|-damage|p2b: Iron Hands|0 fnt\n|-unboost|p1a: Jumpluff|spa|2\n|faint|p2b: Iron Hands\n|-end|p2b: Iron Hands|Quark Drive|[silent]\n|move|p2a: Ogerpon|Ivy Cudgel|p1b: Torkoal|[anim] Ivy Cudgel Water\n|-supereffective|p1b: Torkoal\n|-damage|p1b: Torkoal|72/100\n|move|p1b: Torkoal|Overheat|p2a: Ogerpon\n|-damage|p2a: Ogerpon|43/100\n|-unboost|p1b: Torkoal|spa|2\n|\n|-weather|SunnyDay|[upkeep]\n|-sideend|p2: el cien|move: Tailwind\n|upkeep\n|-message|yedhu186 forfeited.\n|\n|win|el cien\n|raw|yedhu186's rating: 1521 &rarr; <strong>1509</strong><br />(-12 for losing)\n|raw|el cien's rating: 1675 &rarr; <strong>1687</strong><br />(+12 for winning)\n|l|☆yedhu186\n|player|p1|\n|l|‽el cien\n|player|p2|\n", "uploadtime": 1771137642, "views": 16, "formatid": "gen9doublesou", "rating": 1509, "private": 0, "password": null}