{"id": "gen9doublesou-2540403393", "format": "[Gen 9] Doubles OU", "players": ["inakunana", "Jaiper_Showdown"], "log": "|badge|p1|bronze|gen9doublesou|100-8\n|uhtml|medal-msg|<div class=\"broadcast-blue\">Curious what those medals under the avatar are? PS now has Ladder Seasons! For more information, check out the <a href=\"https://www.smogon.com/forums/threads/3740067/\">thread on Smogon.</a></div>\n|badge|p2|bronze|gen9doublesou|100-8\n|uhtml|medal-msg|<div class=\"broadcast-blue\">Curious what those medals under the avatar are? PS now has Ladder Seasons! For more information, check out the <a href=\"https://www.smogon.com/forums/threads/3740067/\">thread on Smogon.</a></div>\n|j|☆inakunana\n|j|☆Jaiper_Showdown\n|t:|1771197785\n|gametype|doubles\n|player|p1|inakunana|erika|1764\n|player|p2|Jaiper_Showdown|nate|1732\n|gen|9\n|tier|[Gen 9] Doubles OU\n|rated|\n|rule|HP Percentage Mod: HP is shown in percentages\n|rule|Endless Battle Clause: Forcing endless battles is banned\n|rule|Species Clause: Limit one of each Pokémon\n|rule|OHKO Clause: OHKO moves are banned\n|rule|Evasion Moves Clause: Evasion moves are banned\n|rule|Gravity Sleep Clause: The combination of sleep-inducing moves with imperfect accuracy and Gravity or Gigantamax Orbeetle are banned\n|rule|Evasion Abilities Clause: Evasion abilities are banned\n|clearpoke\n|poke|p1|Gholdengo|\n|poke|p1|Glimmora, M|\n|poke|p1|Incineroar, F|\n|poke|p1|Ogerpon-Hearthflame, F|\n|poke|p1|Rillaboom, F|\n|poke|p1|Tornadus, M|\n|poke|p2|Ninetales-Alola, M|\n|poke|p2|Ogerpon-Wellspring, F|\n|poke|p2|Gengar, M|\n|poke|p2|Ting-Lu|\n|poke|p2|Incineroar, M|\n|poke|p2|Kommo-o, M|\n|teampreview\n|inactive|Battle timer is ON: inactive players will automatically lose when time's up. (requested by inakunana)\n|inactive|Jaiper_Showdown has 120 seconds left.\n|\n|t:|1771197837\n|teamsize|p1|6\n|teamsize|p2|6\n|start\n|switch|p1a: high tide|Tornadus, M|100/100\n|switch|p1b: predefined evil|Incineroar, F|100/100\n|switch|p2a: Ogerpon|Ogerpon-Wellspring, F|100/100\n|switch|p2b: Incineroar|Incineroar, M|100/100\n|-ability|p1b: predefined evil|Intimidate|boost\n|-unboost|p2a: Ogerpon|atk|1\n|-unboost|p2b: Incineroar|atk|1\n|-ability|p2b: Incineroar|Intimidate|boost\n|-unboost|p1a: high tide|atk|1\n|-unboost|p1b: predefined evil|atk|1\n|turn|1\n|inactive|Jaiper_Showdown has 120 seconds left.\n|\n|t:|1771197884\n|switch|p1b: when it snapped|Rillaboom, F|100/100\n|-fieldstart|move: Grassy Terrain|[from] ability: Grassy Surge|[of] p1b: when it snapped\n|move|p1a: high tide|Protect|p1a: high tide\n|-singleturn|p1a: high tide|Protect\n|move|p2a: Ogerpon|Spiky Shield|p2a: Ogerpon\n|-singleturn|p2a: Ogerpon|move: Protect\n|move|p2b: Incineroar|Parting Shot|p1a: high tide\n|-activate|p1a: high tide|move: Protect\n|\n|upkeep\n|turn|2\n|inactive|Jaiper_Showdown has 120 seconds left.\n|\n|t:|1771197900\n|switch|p2a: Gengar|Gengar, M, shiny|100/100\n|move|p1b: when it snapped|Fake Out|p2a: Gengar\n|-immune|p2a: Gengar\n|move|p1a: high tide|Bleakwind Storm|p2b: Incineroar|[spread] p2a,p2b\n|-damage|p2a: Gengar|38/100\n|-damage|p2b: Incineroar|62/100\n|-unboost|p2b: Incineroar|spe|1\n|-start|p1a: high tide|Disable|Bleakwind Storm|[from] ability: Cursed Body|[of] p2a: Gengar\n|move|p2b: Incineroar|Will-O-Wisp|p1b: when it snapped\n|-status|p1b: when it snapped|brn\n|\n|-heal|p2a: Gengar|44/100|[from] Grassy Terrain\n|-heal|p2b: Incineroar|69/100|[from] Grassy Terrain\n|-damage|p1b: when it snapped|94/100 brn|[from] brn\n|upkeep\n|turn|3\n|\n|t:|1771197916\n|move|p1a: high tide|Tailwind|p1a: high tide\n|-sidestart|p1: inakunana|move: Tailwind\n|move|p1b: when it snapped|High Horsepower|p2a: Gengar\n|-supereffective|p2a: Gengar\n|-damage|p2a: Gengar|0 fnt\n|faint|p2a: Gengar\n|move|p2b: Incineroar|Knock Off|p1a: high tide\n|-damage|p1a: high tide|65/100\n|-enditem|p1a: high tide|Focus Sash|[from] move: Knock Off|[of] p2b: Incineroar\n|\n|-heal|p1b: when it snapped|100/100 brn|[from] Grassy Terrain\n|-heal|p2b: Incineroar|75/100|[from] Grassy Terrain\n|-damage|p1b: when it snapped|94/100 brn|[from] brn\n|upkeep\n|\n|t:|1771197927\n|switch|p2a: Ting-Lu|Ting-Lu|100/100\n|-ability|p2a: Ting-Lu|Vessel of Ruin\n|turn|4\n|\n|t:|1771197932\n|switch|p1a: low tide|Glimmora, M|100/100\n|move|p1b: when it snapped|Wood Hammer|p2a: Ting-Lu\n|-supereffective|p2a: Ting-Lu\n|-damage|p2a: Ting-Lu|57/100\n|-damage|p1b: when it snapped|76/100 brn|[from] Recoil\n|move|p2a: Ting-Lu|Stealth Rock|p1b: when it snapped\n|-sidestart|p1: inakunana|move: Stealth Rock\n|move|p2b: Incineroar|Parting Shot|p1b: when it snapped\n|-unboost|p1b: when it snapped|atk|1\n|-unboost|p1b: when it snapped|spa|1\n|\n|t:|1771197951\n|switch|p2b: Ninetales|Ninetales-Alola, M|100/100|[from] Parting Shot\n|-weather|Snowscape|[from] ability: Snow Warning|[of] p2b: Ninetales\n|\n|-weather|Snowscape|[upkeep]\n|-heal|p1b: when it snapped|82/100 brn|[from] Grassy Terrain\n|-heal|p2a: Ting-Lu|63/100|[from] Grassy Terrain\n|-heal|p2a: Ting-Lu|70/100|[from] item: Leftovers\n|-damage|p1b: when it snapped|76/100 brn|[from] brn\n|upkeep\n|turn|5\n|\n|t:|1771197964\n|move|p2a: Ting-Lu|Protect|p2a: Ting-Lu\n|-singleturn|p2a: Ting-Lu|Protect\n|move|p1a: low tide|Mortal Spin|p2b: Ninetales|[spread] p2b\n|-activate|p2a: Ting-Lu|move: Protect\n|-supereffective|p2b: Ninetales\n|-damage|p2b: Ninetales|93/100\n|-status|p2b: Ninetales|psn\n|-sideend|p1: inakunana|Stealth Rock|[from] move: Mortal Spin|[of] p1a: low tide\n|move|p1b: when it snapped|Wood Hammer|p2a: Ting-Lu\n|-activate|p2a: Ting-Lu|move: Protect\n|move|p2b: Ninetales|Aurora Veil|p2b: Ninetales\n|-sidestart|p2: Jaiper_Showdown|move: Aurora Veil\n|\n|-weather|Snowscape|[upkeep]\n|-heal|p1b: when it snapped|82/100 brn|[from] Grassy Terrain\n|-heal|p2b: Ninetales|99/100 psn|[from] Grassy Terrain\n|-heal|p2a: Ting-Lu|76/100|[from] Grassy Terrain\n|-heal|p2a: Ting-Lu|82/100|[from] item: Leftovers\n|-damage|p2b: Ninetales|87/100 psn|[from] psn\n|-damage|p1b: when it snapped|76/100 brn|[from] brn\n|-fieldend|move: Grassy Terrain\n|upkeep\n|turn|6\n|\n|t:|1771197973\n|move|p1a: low tide|Mortal Spin|p2b: Ninetales|[spread] p2a,p2b\n|-resisted|p2a: Ting-Lu\n|-supereffective|p2b: Ninetales\n|-damage|p2a: Ting-Lu|81/100\n|-damage|p2b: Ninetales|82/100 psn\n|-status|p2a: Ting-Lu|psn\n|move|p1b: when it snapped|Wood Hammer|p2a: Ting-Lu\n|-supereffective|p2a: Ting-Lu\n|-damage|p2a: Ting-Lu|66/100 psn\n|-damage|p1b: when it snapped|70/100 brn|[from] Recoil\n|move|p2b: Ninetales|Freeze-Dry|p1a: low tide\n|-damage|p1a: low tide|80/100\n|-status|p1a: low tide|frz\n|move|p2a: Ting-Lu|Stealth Rock|p1a: low tide\n|-sidestart|p1: inakunana|move: Stealth Rock\n|\n|-weather|Snowscape|[upkeep]\n|-heal|p2a: Ting-Lu|72/100 psn|[from] item: Leftovers\n|-damage|p2b: Ninetales|70/100 psn|[from] psn\n|-damage|p2a: Ting-Lu|60/100 psn|[from] psn\n|-damage|p1b: when it snapped|64/100 brn|[from] brn\n|-sideend|p1: inakunana|move: Tailwind\n|upkeep\n|turn|7\n|\n|t:|1771197991\n|switch|p2a: Ogerpon|Ogerpon-Wellspring, F|100/100\n|move|p2b: Ninetales|Freeze-Dry|p1a: low tide\n|-damage|p1a: low tide|52/100 frz\n|cant|p1a: low tide|frz\n|move|p1b: when it snapped|Wood Hammer|p2a: Ogerpon\n|-damage|p2a: Ogerpon|83/100\n|-damage|p1b: when it snapped|59/100 brn|[from] Recoil\n|\n|-weather|Snowscape|[upkeep]\n|-damage|p2b: Ninetales|57/100 psn|[from] psn\n|-damage|p1b: when it snapped|53/100 brn|[from] brn\n|upkeep\n|turn|8\n|\n|t:|1771198006\n|switch|p2b: Kommo-o|Kommo-o, M|100/100\n|move|p2a: Ogerpon|Ivy Cudgel|p1a: low tide|[anim] Ivy Cudgel Water\n|-supereffective|p1a: low tide\n|-damage|p1a: low tide|0 fnt\n|-activate|p1a: low tide|ability: Toxic Debris\n|-sidestart|p2: Jaiper_Showdown|move: Toxic Spikes\n|faint|p1a: low tide\n|move|p1b: when it snapped|Wood Hammer|p2a: Ogerpon\n|-damage|p2a: Ogerpon|65/100\n|-damage|p1b: when it snapped|49/100 brn|[from] Recoil\n|\n|-weather|none\n|-damage|p1b: when it snapped|43/100 brn|[from] brn\n|upkeep\n|\n|t:|1771198012\n|switch|p1a: high tide|Tornadus, M|65/100\n|-damage|p1a: high tide|41/100|[from] Stealth Rock\n|turn|9\n|\n|t:|1771198018\n|switch|p1b: bon voyage|Gholdengo|100/100\n|-damage|p1b: bon voyage|94/100|[from] Stealth Rock\n|move|p1a: high tide|Protect|p1a: high tide\n|-singleturn|p1a: high tide|Protect\n|move|p2a: Ogerpon|Ivy Cudgel|p1a: high tide|[anim] Ivy Cudgel Water\n|-activate|p1a: high tide|move: Protect\n|move|p2b: Kommo-o|Iron Defense|p2b: Kommo-o\n|-boost|p2b: Kommo-o|def|2\n|\n|upkeep\n|turn|10\n|j| apfr\n|\n|t:|1771198031\n|switch|p1a: when it snapped|Rillaboom, F|43/100 brn\n|-damage|p1a: when it snapped|30/100 brn|[from] Stealth Rock\n|-fieldstart|move: Grassy Terrain|[from] ability: Grassy Surge|[of] p1a: when it snapped\n|-enditem|p1b: bon voyage|Grassy Seed\n|-boost|p1b: bon voyage|def|1|[from] item: Grassy Seed\n|-terastallize|p2a: Ogerpon|Water\n|detailschange|p2a: Ogerpon|Ogerpon-Wellspring-Tera, F, tera:Water\n|-ability|p2a: Ogerpon|Embody Aspect (Wellspring)|boost\n|-boost|p2a: Ogerpon|spd|1\n|move|p2a: Ogerpon|Ivy Cudgel|p1b: bon voyage|[anim] Ivy Cudgel Water\n|-damage|p1b: bon voyage|38/100\n|move|p1b: bon voyage|Nasty Plot|p1b: bon voyage\n|-boost|p1b: bon voyage|spa|2\n|move|p2b: Kommo-o|Iron Defense|p2b: Kommo-o\n|-boost|p2b: Kommo-o|def|2\n|\n|-heal|p2a: Ogerpon|71/100|[from] Grassy Terrain\n|-heal|p1b: bon voyage|44/100|[from] Grassy Terrain\n|-heal|p1a: when it snapped|37/100 brn|[from] Grassy Terrain\n|-damage|p1a: when it snapped|30/100 brn|[from] brn\n|upkeep\n|turn|11\n|l| apfr\n|j| apfr\n|\n|t:|1771198056\n|move|p2a: Ogerpon|Spiky Shield|p2a: Ogerpon\n|-singleturn|p2a: Ogerpon|move: Protect\n|move|p1b: bon voyage|Protect|p1b: bon voyage\n|-singleturn|p1b: bon voyage|Protect\n|move|p1a: when it snapped|Wood Hammer|p2a: Ogerpon\n|-activate|p2a: Ogerpon|move: Protect\n|-damage|p1a: when it snapped|18/100 brn|[from] Spiky Shield|[of] p2a: Ogerpon\n|move|p2b: Kommo-o|Body Press|p1a: when it snapped\n|-damage|p1a: when it snapped|0 fnt\n|faint|p1a: when it snapped\n|\n|-heal|p2a: Ogerpon|77/100|[from] Grassy Terrain\n|-heal|p1b: bon voyage|50/100|[from] Grassy Terrain\n|upkeep\n|\n|t:|1771198061\n|switch|p1a: wanted blood|Ogerpon-Hearthflame, F|100/100\n|-damage|p1a: wanted blood|76/100|[from] Stealth Rock\n|-ability|p1a: wanted blood|Mold Breaker\n|turn|12\n|\n|t:|1771198069\n|switch|p2a: Incineroar|Incineroar, M|75/100\n|-status|p2a: Incineroar|psn\n|-ability|p2a: Incineroar|Intimidate|boost\n|-unboost|p1a: wanted blood|atk|1\n|-unboost|p1b: bon voyage|atk|1\n|-terastallize|p1a: wanted blood|Fire\n|detailschange|p1a: wanted blood|Ogerpon-Hearthflame-Tera, F, tera:Fire\n|-ability|p1a: wanted blood|Embody Aspect (Hearthflame)|boost\n|-boost|p1a: wanted blood|atk|1\n|move|p1a: wanted blood|Grassy Glide|p2a: Incineroar\n|-resisted|p2a: Incineroar\n|-damage|p2a: Incineroar|66/100 psn\n|move|p1b: bon voyage|Make It Rain|p2a: Incineroar|[spread] p2a,p2b\n|-resisted|p2a: Incineroar\n|-damage|p2a: Incineroar|40/100 psn\n|-damage|p2b: Kommo-o|63/100\n|-unboost|p1b: bon voyage|spa|1\n|-enditem|p2a: Incineroar|Sitrus Berry|[eat]\n|-heal|p2a: Incineroar|64/100 psn|[from] item: Sitrus Berry\n|move|p2b: Kommo-o|Body Press|p1a: wanted blood\n|-damage|p1a: wanted blood|0 fnt\n|faint|p1a: wanted blood\n|detailschange|p1: wanted blood|Ogerpon-Hearthflame, F|[silent]\n|\n|-heal|p1b: bon voyage|56/100|[from] Grassy Terrain\n|-heal|p2b: Kommo-o|69/100|[from] Grassy Terrain\n|-heal|p2b: Kommo-o|75/100|[from] item: Leftovers\n|-heal|p2a: Incineroar|71/100 psn|[from] Grassy Terrain\n|-damage|p2a: Incineroar|58/100 psn|[from] psn\n|-sideend|p2: Jaiper_Showdown|move: Aurora Veil\n|upkeep\n|\n|t:|1771198073\n|switch|p1a: high tide|Tornadus, M|41/100\n|-damage|p1a: high tide|16/100|[from] Stealth Rock\n|turn|13\n|\n|t:|1771198098\n|switch|p2a: Ting-Lu|Ting-Lu|60/100 psn\n|-ability|p2a: Ting-Lu|Vessel of Ruin\n|move|p1a: high tide|Protect|p1a: high tide\n|-singleturn|p1a: high tide|Protect\n|move|p1b: bon voyage|Nasty Plot|p1b: bon voyage\n|-boost|p1b: bon voyage|spa|2\n|move|p2b: Kommo-o|Iron Head|p1a: high tide\n|-activate|p1a: high tide|move: Protect\n|\n|-heal|p1b: bon voyage|62/100|[from] Grassy Terrain\n|-heal|p2b: Kommo-o|82/100|[from] Grassy Terrain\n|-heal|p2b: Kommo-o|88/100|[from] item: Leftovers\n|-heal|p2a: Ting-Lu|66/100 psn|[from] Grassy Terrain\n|-heal|p2a: Ting-Lu|72/100 psn|[from] item: Leftovers\n|-damage|p2a: Ting-Lu|60/100 psn|[from] psn\n|upkeep\n|turn|14\n|\n|t:|1771198118\n|move|p2b: Kommo-o|Protect|p2b: Kommo-o\n|-singleturn|p2b: Kommo-o|Protect\n|move|p1a: high tide|Bleakwind Storm|p2b: Kommo-o|[spread] p2a\n|-activate|p2b: Kommo-o|move: Protect\n|-damage|p2a: Ting-Lu|42/100 psn\n|move|p1b: bon voyage|Make It Rain|p2b: Kommo-o|[spread] p2a\n|-activate|p2b: Kommo-o|move: Protect\n|-crit|p2a: Ting-Lu\n|-damage|p2a: Ting-Lu|0 fnt\n|-unboost|p1b: bon voyage|spa|1\n|faint|p2a: Ting-Lu\n|\n|-heal|p1b: bon voyage|68/100|[from] Grassy Terrain\n|-heal|p2b: Kommo-o|94/100|[from] Grassy Terrain\n|-heal|p2b: Kommo-o|99/100|[from] item: Leftovers\n|-fieldend|move: Grassy Terrain\n|upkeep\n|\n|t:|1771198126\n|switch|p2a: Ninetales|Ninetales-Alola, M|57/100 psn\n|-weather|Snowscape|[from] ability: Snow Warning|[of] p2a: Ninetales\n|turn|15\n|\n|t:|1771198134\n|switch|p2a: Incineroar|Incineroar, M|58/100 psn\n|-ability|p2a: Incineroar|Intimidate|boost\n|-unboost|p1a: high tide|atk|1\n|-unboost|p1b: bon voyage|atk|1\n|move|p1a: high tide|Protect|p1a: high tide\n|-singleturn|p1a: high tide|Protect\n|move|p1b: bon voyage|Make It Rain|p2a: Incineroar|[spread] p2a,p2b\n|-resisted|p2a: Incineroar\n|-damage|p2a: Incineroar|20/100 psn\n|-damage|p2b: Kommo-o|37/100\n|-unboost|p1b: bon voyage|spa|1\n|move|p2b: Kommo-o|Iron Head|p1a: high tide\n|-activate|p1a: high tide|move: Protect\n|\n|-weather|Snowscape|[upkeep]\n|-heal|p2b: Kommo-o|43/100|[from] item: Leftovers\n|-damage|p2a: Incineroar|8/100 psn|[from] psn\n|upkeep\n|turn|16\n|\n|t:|1771198150\n|move|p2b: Kommo-o|Protect|p2b: Kommo-o\n|-singleturn|p2b: Kommo-o|Protect\n|move|p2a: Incineroar|Fake Out|p1a: high tide\n|-damage|p1a: high tide|1/100\n|cant|p1a: high tide|flinch\n|move|p1b: bon voyage|Make It Rain|p2b: Kommo-o|[spread] p2a\n|-activate|p2b: Kommo-o|move: Protect\n|-resisted|p2a: Incineroar\n|-damage|p2a: Incineroar|0 fnt\n|-unboost|p1b: bon voyage|spa|1\n|faint|p2a: Incineroar\n|\n|-weather|Snowscape|[upkeep]\n|-heal|p2b: Kommo-o|49/100|[from] item: Leftovers\n|upkeep\n|\n|t:|1771198160\n|switch|p2a: Ogerpon|Ogerpon-Wellspring-Tera, F, tera:Water|77/100\n|-status|p2a: Ogerpon|psn\n|-ability|p2a: Ogerpon|Embody Aspect (Wellspring)|boost\n|-boost|p2a: Ogerpon|spd|1\n|turn|17\n|\n|t:|1771198167\n|move|p1a: high tide|Icy Wind|p2a: Ogerpon|[spread] p2a,p2b\n|-resisted|p2a: Ogerpon\n|-supereffective|p2b: Kommo-o\n|-damage|p2a: Ogerpon|72/100 psn\n|-damage|p2b: Kommo-o|29/100\n|-unboost|p2a: Ogerpon|spe|1\n|-unboost|p2b: Kommo-o|spe|1\n|move|p1b: bon voyage|Nasty Plot|p1b: bon voyage\n|-boost|p1b: bon voyage|spa|2\n|move|p2a: Ogerpon|Ivy Cudgel|p1b: bon voyage|[anim] Ivy Cudgel Water\n|-damage|p1b: bon voyage|10/100\n|move|p2b: Kommo-o|Body Press|p1a: high tide\n|-resisted|p1a: high tide\n|-damage|p1a: high tide|0 fnt\n|faint|p1a: high tide\n|\n|-weather|Snowscape|[upkeep]\n|-heal|p2b: Kommo-o|35/100|[from] item: Leftovers\n|-damage|p2a: Ogerpon|59/100 psn|[from] psn\n|upkeep\n|\n|t:|1771198170\n|switch|p1a: predefined evil|Incineroar, F|100/100\n|-ability|p1a: predefined evil|Intimidate|boost\n|-unboost|p2a: Ogerpon|atk|1\n|-unboost|p2b: Kommo-o|atk|1\n|turn|18\n|\n|t:|1771198183\n|switch|p2a: Ninetales|Ninetales-Alola, M|57/100 psn\n|move|p2b: Kommo-o|Protect|p2b: Kommo-o\n|-singleturn|p2b: Kommo-o|Protect\n|move|p1a: predefined evil|Fake Out|p2b: Kommo-o\n|-activate|p2b: Kommo-o|move: Protect\n|move|p1b: bon voyage|Shadow Ball|p2a: Ninetales\n|-damage|p2a: Ninetales|0 fnt\n|faint|p2a: Ninetales\n|\n|-weather|Snowscape|[upkeep]\n|-heal|p2b: Kommo-o|41/100|[from] item: Leftovers\n|upkeep\n|\n|t:|1771198193\n|switch|p2a: Ogerpon|Ogerpon-Wellspring-Tera, F, tera:Water|59/100 psn\n|-ability|p2a: Ogerpon|Embody Aspect (Wellspring)|boost\n|-boost|p2a: Ogerpon|spd|1\n|turn|19\n|\n|t:|1771198200\n|move|p1b: bon voyage|Protect|p1b: bon voyage\n|-singleturn|p1b: bon voyage|Protect\n|move|p2a: Ogerpon|Ivy Cudgel|p1b: bon voyage|[anim] Ivy Cudgel Water\n|-activate|p1b: bon voyage|move: Protect\n|move|p1a: predefined evil|Flare Blitz|p2a: Ogerpon\n|-resisted|p2a: Ogerpon\n|-damage|p2a: Ogerpon|27/100 psn\n|-damage|p1a: predefined evil|92/100|[from] Recoil\n|move|p2b: Kommo-o|Body Press|p1a: predefined evil\n|-supereffective|p1a: predefined evil\n|-crit|p1a: predefined evil\n|-damage|p1a: predefined evil|0 fnt\n|faint|p1a: predefined evil\n|\n|-weather|none\n|-heal|p2b: Kommo-o|47/100|[from] item: Leftovers\n|-damage|p2a: Ogerpon|15/100 psn|[from] psn\n|upkeep\n|turn|20\n|\n|t:|1771198212\n|move|p2a: Ogerpon|Ivy Cudgel|p1b: bon voyage|[anim] Ivy Cudgel Water\n|-damage|p1b: bon voyage|0 fnt\n|faint|p1b: bon voyage\n|\n|win|Jaiper_Showdown\n|raw|inakunana's rating: 1764 &rarr; <strong>1742</strong><br />(-22 for losing)\n|raw|Jaiper_Showdown's rating: 1732 &rarr; <strong>1754</strong><br />(+22 for winning)\n|l|☆Jaiper_Showdown\n|player|p2|\n|l| apfr\n", "uploadtime": 1771198466, "views": 16, "formatid": "gen9doublesou", "rating": 1742, "private": 0, "password": null}