{"id": "gen9doublesou-2540593811", "format": "[Gen 9] Doubles OU", "players": ["Rayred30", "Lemecano"], "log": "|j|☆Rayred30\n|j|☆Lemecano\n|t:|1771223683\n|gametype|doubles\n|player|p1|Rayred30|ghetsis-gen5bw|1629\n|player|p2|Lemecano|265|1543\n|gen|9\n|tier|[Gen 9] Doubles OU\n|rated|\n|rule|HP Percentage Mod: HP is shown in percentages\n|rule|Endless Battle Clause: Forcing endless battles is banned\n|rule|Species Clause: Limit one of each Pokémon\n|rule|OHKO Clause: OHKO moves are banned\n|rule|Evasion Moves Clause: Evasion moves are banned\n|rule|Gravity Sleep Clause: The combination of sleep-inducing moves with imperfect accuracy and Gravity or Gigantamax Orbeetle are banned\n|rule|Evasion Abilities Clause: Evasion abilities are banned\n|clearpoke\n|poke|p1|Kingambit, M|\n|poke|p1|Incineroar, M|\n|poke|p1|Farigiraf, F|\n|poke|p1|Sinistcha-Masterpiece|\n|poke|p1|Rhyperior, M|\n|poke|p1|Volcanion|\n|poke|p2|Regidrago|\n|poke|p2|Incineroar, F|\n|poke|p2|Clefable, F|\n|poke|p2|Ogerpon-Wellspring, F|\n|poke|p2|Raging Bolt|\n|poke|p2|Sneasler, M|\n|teampreview\n|inactive|Battle timer is ON: inactive players will automatically lose when time's up. (requested by Lemecano)\n|\n|t:|1771223699\n|teamsize|p1|6\n|teamsize|p2|6\n|start\n|switch|p1a: Farigiraf|Farigiraf, F, shiny|100/100\n|switch|p1b: Volcanion|Volcanion|100/100\n|switch|p2a: Sneasler|Sneasler, M|100/100\n|switch|p2b: Ogerpon|Ogerpon-Wellspring, F|100/100\n|turn|1\n|\n|t:|1771223721\n|move|p1a: Farigiraf|Protect|p1a: Farigiraf\n|-singleturn|p1a: Farigiraf|Protect\n|move|p2a: Sneasler|Close Combat|p1a: Farigiraf\n|-activate|p1a: Farigiraf|move: Protect\n|move|p2b: Ogerpon|Ivy Cudgel|p1a: Farigiraf|[anim] Ivy Cudgel Water\n|-activate|p1a: Farigiraf|move: Protect\n|move|p1b: Volcanion|Earth Power|p2a: Sneasler\n|-supereffective|p2a: Sneasler\n|-damage|p2a: Sneasler|4/100\n|\n|upkeep\n|turn|2\n|\n|t:|1771223735\n|-terastallize|p1a: Farigiraf|Fairy\n|move|p2a: Sneasler|Close Combat|p1a: Farigiraf\n|-resisted|p1a: Farigiraf\n|-damage|p1a: Farigiraf|58/100\n|-unboost|p2a: Sneasler|def|1\n|-unboost|p2a: Sneasler|spd|1\n|-damage|p2a: Sneasler|0 fnt|[from] item: Life Orb\n|faint|p2a: Sneasler\n|move|p2b: Ogerpon|Ivy Cudgel|p1a: Farigiraf|[anim] Ivy Cudgel Water\n|-damage|p1a: Farigiraf|4/100\n|move|p1b: Volcanion|Heat Wave|p2b: Ogerpon\n|-damage|p2b: Ogerpon|49/100\n|move|p1a: Farigiraf|Trick Room|p1a: Farigiraf\n|-fieldstart|move: Trick Room|[of] p1a: Farigiraf\n|\n|upkeep\n|c|☆Rayred30|uh ohhhhhhhhh\n|\n|t:|1771223756\n|switch|p2a: Incineroar|Incineroar, F|100/100\n|-ability|p2a: Incineroar|Intimidate|boost\n|-unboost|p1a: Farigiraf|atk|1\n|-unboost|p1b: Volcanion|atk|1\n|turn|3\n|\n|t:|1771223769\n|move|p2b: Ogerpon|Follow Me|p2b: Ogerpon\n|-singleturn|p2b: Ogerpon|move: Follow Me\n|move|p1a: Farigiraf|Hyper Voice|p2a: Incineroar|[spread] p2a,p2b\n|-damage|p2a: Incineroar|82/100\n|-damage|p2b: Ogerpon|22/100\n|-enditem|p1a: Farigiraf|Throat Spray\n|-boost|p1a: Farigiraf|spa|1|[from] item: Throat Spray\n|move|p1b: Volcanion|Steam Eruption|p2b: Ogerpon\n|-heal|p2b: Ogerpon|47/100|[from] ability: Water Absorb|[of] p1b: Volcanion\n|move|p2a: Incineroar|Flare Blitz|p1a: Farigiraf\n|-damage|p1a: Farigiraf|0 fnt\n|faint|p1a: Farigiraf\n|-damage|p2a: Incineroar|81/100|[from] Recoil\n|\n|upkeep\n|\n|t:|1771223786\n|switch|p1a: Rhyperior|Rhyperior, M, shiny|100/100\n|turn|4\n|\n|t:|1771223802\n|move|p2b: Ogerpon|Spiky Shield|p2b: Ogerpon\n|-singleturn|p2b: Ogerpon|move: Protect\n|move|p1a: Rhyperior|Rock Slide|p2b: Ogerpon|[spread] p2a\n|-activate|p2b: Ogerpon|move: Protect\n|-supereffective|p2a: Incineroar\n|-damage|p2a: Incineroar|21/100\n|move|p1b: Volcanion|Sludge Bomb|p2b: Ogerpon\n|-activate|p2b: Ogerpon|move: Protect\n|move|p2a: Incineroar|Parting Shot|p1a: Rhyperior\n|-unboost|p1a: Rhyperior|atk|1\n|-unboost|p1a: Rhyperior|spa|1\n|inactive|Lemecano has 120 seconds left.\n|\n|t:|1771223835\n|switch|p2a: Raging Bolt|Raging Bolt|100/100|[from] Parting Shot\n|-enditem|p2a: Raging Bolt|Booster Energy\n|-activate|p2a: Raging Bolt|ability: Protosynthesis|[fromitem]\n|-start|p2a: Raging Bolt|protosynthesisspa\n|\n|upkeep\n|turn|5\n|\n|t:|1771223856\n|switch|p1a: Incineroar|Incineroar, M, shiny|100/100\n|-ability|p1a: Incineroar|Intimidate|boost\n|-unboost|p2a: Raging Bolt|atk|1\n|-unboost|p2b: Ogerpon|atk|1\n|move|p2b: Ogerpon|Follow Me|p2b: Ogerpon\n|-singleturn|p2b: Ogerpon|move: Follow Me\n|move|p1b: Volcanion|Sludge Bomb|p2b: Ogerpon\n|-supereffective|p2b: Ogerpon\n|-damage|p2b: Ogerpon|0 fnt\n|faint|p2b: Ogerpon\n|move|p2a: Raging Bolt|Draco Meteor|p1a: Incineroar\n|-damage|p1a: Incineroar|9/100\n|-unboost|p2a: Raging Bolt|spa|2\n|-enditem|p1a: Incineroar|Sitrus Berry|[eat]\n|-heal|p1a: Incineroar|34/100|[from] item: Sitrus Berry\n|\n|upkeep\n|inactive|Lemecano has 120 seconds left.\n|\n|t:|1771223875\n|switch|p2b: Clefable|Clefable, F|100/100\n|turn|6\n|\n|t:|1771223887\n|-end|p2a: Raging Bolt|Protosynthesis|[silent]\n|switch|p2a: Regidrago|Regidrago|100/100\n|move|p1a: Incineroar|Fake Out|p2b: Clefable\n|-damage|p2b: Clefable|89/100\n|cant|p2b: Clefable|flinch\n|move|p1b: Volcanion|Sludge Bomb|p2b: Clefable\n|-supereffective|p2b: Clefable\n|-damage|p2b: Clefable|36/100\n|-status|p2b: Clefable|psn\n|-enditem|p2b: Clefable|Sitrus Berry|[eat]\n|-heal|p2b: Clefable|61/100 psn|[from] item: Sitrus Berry\n|\n|-damage|p2b: Clefable|49/100 psn|[from] psn\n|-fieldend|move: Trick Room\n|upkeep\n|turn|7\n|\n|t:|1771223904\n|-terastallize|p2a: Regidrago|Dragon\n|move|p2a: Regidrago|Dragon Energy|p1b: Volcanion|[spread] p1a,p1b\n|-damage|p1a: Incineroar|0 fnt\n|-damage|p1b: Volcanion|9/100\n|faint|p1a: Incineroar\n|move|p2b: Clefable|Life Dew||[still]|[spread] p2a,p2b\n|-fail|p2a: Regidrago|heal\n|-heal|p2b: Clefable|74/100 psn\n|move|p1b: Volcanion|Heat Wave|p2b: Clefable|[spread] p2a,p2b\n|-resisted|p2a: Regidrago\n|-damage|p2a: Regidrago|79/100\n|-damage|p2b: Clefable|45/100 psn\n|\n|-damage|p2b: Clefable|32/100 psn|[from] psn\n|upkeep\n|\n|t:|1771223912\n|switch|p1a: Kingambit|Kingambit, M|100/100\n|turn|8\n|\n|t:|1771223931\n|switch|p1b: Sinistcha|Sinistcha-Masterpiece, shiny|100/100\n|move|p2a: Regidrago|Protect|p2a: Regidrago\n|-singleturn|p2a: Regidrago|Protect\n|move|p1a: Kingambit|Sucker Punch||[still]\n|-fail|p1a: Kingambit\n|move|p2b: Clefable|Moonblast|p1b: Sinistcha\n|-damage|p1b: Sinistcha|62/100\n|-unboost|p1b: Sinistcha|spa|1\n|\n|-heal|p1b: Sinistcha|68/100|[from] item: Leftovers\n|-damage|p2b: Clefable|20/100 psn|[from] psn\n|upkeep\n|turn|9\n|\n|t:|1771223944\n|move|p2b: Clefable|Follow Me|p2b: Clefable\n|-singleturn|p2b: Clefable|move: Follow Me\n|move|p1a: Kingambit|Sucker Punch||[still]\n|-fail|p1a: Kingambit\n|move|p2a: Regidrago|Dragon Energy|p1a: Kingambit|[spread] p1a,p1b\n|-resisted|p1a: Kingambit\n|-crit|p1a: Kingambit\n|-damage|p1a: Kingambit|22/100\n|-damage|p1b: Sinistcha|0 fnt\n|faint|p1b: Sinistcha\n|\n|-damage|p2b: Clefable|7/100 psn|[from] psn\n|upkeep\n|\n|t:|1771223956\n|switch|p1b: Rhyperior|Rhyperior, M, shiny|100/100\n|turn|10\n|\n|t:|1771223963\n|switch|p1a: Volcanion|Volcanion|9/100\n|move|p1b: Rhyperior|Protect|p1b: Rhyperior\n|-singleturn|p1b: Rhyperior|Protect\n|move|p2b: Clefable|Follow Me|p2b: Clefable\n|-singleturn|p2b: Clefable|move: Follow Me\n|move|p2a: Regidrago|Dragon Energy|p1b: Rhyperior|[spread] p1a\n|-activate|p1b: Rhyperior|move: Protect\n|-damage|p1a: Volcanion|0 fnt\n|faint|p1a: Volcanion\n|\n|-damage|p2b: Clefable|0 fnt|[from] psn\n|faint|p2b: Clefable\n|upkeep\n|\n|t:|1771223970\n|switch|p2b: Incineroar|Incineroar, F|21/100\n|switch|p1a: Kingambit|Kingambit, M|22/100\n|-ability|p2b: Incineroar|Intimidate|boost\n|-unboost|p1a: Kingambit|atk|1\n|-ability|p1a: Kingambit|Defiant|boost\n|-boost|p1a: Kingambit|atk|2\n|-unboost|p1b: Rhyperior|atk|1\n|turn|11\n|\n|t:|1771223980\n|move|p2b: Incineroar|Fake Out|p1a: Kingambit\n|-resisted|p1a: Kingambit\n|-damage|p1a: Kingambit|18/100\n|cant|p1a: Kingambit|flinch\n|move|p2a: Regidrago|Dragon Energy|p1b: Rhyperior|[spread] p1a,p1b\n|-resisted|p1a: Kingambit\n|-damage|p1a: Kingambit|0 fnt\n|-damage|p1b: Rhyperior|0 fnt\n|faint|p1a: Kingambit\n|faint|p1b: Rhyperior\n|\n|win|Lemecano\n|raw|Rayred30's rating: 1629 &rarr; <strong>1604</strong><br />(-25 for losing)\n|raw|Lemecano's rating: 1543 &rarr; <strong>1568</strong><br />(+25 for winning)\n|l|☆Lemecano\n|player|p2|\n|l|☆Rayred30\n|player|p1|\n", "uploadtime": 1771224339, "views": 13, "formatid": "gen9doublesou", "rating": 1568, "private": 0, "password": null}