{"id": "gen9doublesou-2540595413", "format": "[Gen 9] Doubles OU", "players": ["Ralph-Dexter", "Poly love"], "log": "|badge|p2|silver|gen9doublesou|30-8\n|uhtml|medal-msg|<div class=\"broadcast-blue\">Curious what those medals under the avatar are? PS now has Ladder Seasons! For more information, check out the <a href=\"https://www.smogon.com/forums/threads/3740067/\">thread on Smogon.</a></div>\n|j|☆Ralph-Dexter\n|j|☆Poly love\n|t:|1771223976\n|gametype|doubles\n|player|p1|Ralph-Dexter|wattson|1717\n|player|p2|Poly love|marnie-masters2|1813\n|gen|9\n|tier|[Gen 9] Doubles OU\n|rated|\n|rule|HP Percentage Mod: HP is shown in percentages\n|rule|Endless Battle Clause: Forcing endless battles is banned\n|rule|Species Clause: Limit one of each Pokémon\n|rule|OHKO Clause: OHKO moves are banned\n|rule|Evasion Moves Clause: Evasion moves are banned\n|rule|Gravity Sleep Clause: The combination of sleep-inducing moves with imperfect accuracy and Gravity or Gigantamax Orbeetle are banned\n|rule|Evasion Abilities Clause: Evasion abilities are banned\n|clearpoke\n|poke|p1|Diancie|\n|poke|p1|Volcanion|\n|poke|p1|Rillaboom, M|\n|poke|p1|Farigiraf, F|\n|poke|p1|Pelipper, F|\n|poke|p1|Grimmsnarl, M|\n|poke|p2|Tyranitar, F|\n|poke|p2|Ting-Lu|\n|poke|p2|Orthworm, F|\n|poke|p2|Houndstone, M|\n|poke|p2|Chien-Pao|\n|poke|p2|Glimmora, F|\n|teampreview\n|\n|t:|1771224001\n|teamsize|p1|6\n|teamsize|p2|6\n|start\n|switch|p1a: Volcanion|Volcanion|100/100\n|switch|p1b: Grimmsnarl|Grimmsnarl, M|100/100\n|switch|p2a: Spinner ball|Glimmora, F|100/100\n|switch|p2b: Godzilla|Tyranitar, F|100/100\n|-weather|Sandstorm|[from] ability: Sand Stream|[of] p2b: Godzilla\n|turn|1\n|\n|t:|1771224019\n|-terastallize|p1a: Volcanion|Ground\n|move|p1b: Grimmsnarl|Parting Shot|p2a: Spinner ball\n|-unboost|p2a: Spinner ball|atk|1\n|-unboost|p2a: Spinner ball|spa|1\n|\n|t:|1771224023\n|switch|p1b: Pelipper|Pelipper, F|100/100|[from] Parting Shot\n|-weather|RainDance|[from] ability: Drizzle|[of] p1b: Pelipper\n|move|p2a: Spinner ball|Stealth Rock|p1b: Pelipper\n|-sidestart|p1: Ralph-Dexter|move: Stealth Rock\n|move|p2b: Godzilla|Rock Slide|p1b: Pelipper|[spread] p1a,p1b\n|-resisted|p1a: Volcanion\n|-crit|p1a: Volcanion\n|-supereffective|p1b: Pelipper\n|-crit|p1b: Pelipper\n|-damage|p1a: Volcanion|83/100\n|-damage|p1b: Pelipper|9/100\n|-enditem|p1b: Pelipper|Eject Button\n|\n|t:|1771224041\n|switch|p1b: Diancie|Diancie|100/100\n|-damage|p1b: Diancie|88/100|[from] Stealth Rock\n|move|p1a: Volcanion|Earth Power|p2a: Spinner ball\n|-supereffective|p2a: Spinner ball\n|-enditem|p2a: Spinner ball|Focus Sash\n|-damage|p2a: Spinner ball|1/100\n|\n|-weather|RainDance|[upkeep]\n|-heal|p1a: Volcanion|89/100|[from] item: Leftovers\n|upkeep\n|turn|2\n|\n|t:|1771224061\n|move|p2b: Godzilla|Protect|p2b: Godzilla\n|-singleturn|p2b: Godzilla|Protect\n|move|p2a: Spinner ball|Mortal Spin|p1b: Diancie|[spread] p1a,p1b\n|-resisted|p1a: Volcanion\n|-damage|p1a: Volcanion|88/100\n|-damage|p1b: Diancie|86/100\n|-status|p1a: Volcanion|psn\n|-status|p1b: Diancie|psn\n|move|p1a: Volcanion|Steam Eruption|p2b: Godzilla\n|-activate|p2b: Godzilla|move: Protect\n|move|p1b: Diancie|Trick Room|p1b: Diancie\n|-fieldstart|move: Trick Room|[of] p1b: Diancie\n|\n|-weather|RainDance|[upkeep]\n|-heal|p1a: Volcanion|94/100 psn|[from] item: Leftovers\n|-damage|p1b: Diancie|73/100 psn|[from] psn\n|-damage|p1a: Volcanion|82/100 psn|[from] psn\n|upkeep\n|turn|3\n|\n|t:|1771224081\n|switch|p1a: Rillaboom|Rillaboom, M|100/100\n|-damage|p1a: Rillaboom|88/100|[from] Stealth Rock\n|-fieldstart|move: Grassy Terrain|[from] ability: Grassy Surge|[of] p1a: Rillaboom\n|-terastallize|p2b: Godzilla|Ghost\n|move|p1b: Diancie|Diamond Storm|p2a: Spinner ball|[spread] p2a,p2b\n|-damage|p2a: Spinner ball|0 fnt\n|-damage|p2b: Godzilla|73/100\n|-boost|p1b: Diancie|def|2\n|-activate|p2a: Spinner ball|ability: Toxic Debris\n|-sidestart|p1: Ralph-Dexter|move: Toxic Spikes\n|faint|p2a: Spinner ball\n|-enditem|p2b: Godzilla|Eject Button\n|\n|t:|1771224099\n|switch|p2b: Bite ice|Chien-Pao|100/100\n|-ability|p2b: Bite ice|Sword of Ruin\n|\n|-weather|RainDance|[upkeep]\n|-heal|p1b: Diancie|79/100 psn|[from] Grassy Terrain\n|-heal|p1a: Rillaboom|94/100|[from] Grassy Terrain\n|-damage|p1b: Diancie|67/100 psn|[from] psn\n|upkeep\n|\n|t:|1771224102\n|switch|p2a: Migajas|Orthworm, F|100/100\n|turn|4\n|\n|t:|1771224115\n|move|p2b: Bite ice|Protect|p2b: Bite ice\n|-singleturn|p2b: Bite ice|Protect\n|move|p1b: Diancie|Body Press|p2a: Migajas\n|-supereffective|p2a: Migajas\n|-damage|p2a: Migajas|0 fnt\n|faint|p2a: Migajas\n|move|p1a: Rillaboom|Wood Hammer|p2b: Bite ice\n|-activate|p2b: Bite ice|move: Protect\n|\n|-weather|RainDance|[upkeep]\n|-heal|p1b: Diancie|73/100 psn|[from] Grassy Terrain\n|-heal|p1a: Rillaboom|100/100|[from] Grassy Terrain\n|-damage|p1b: Diancie|61/100 psn|[from] psn\n|upkeep\n|\n|t:|1771224127\n|switch|p2a: Stalling power|Ting-Lu|100/100\n|-ability|p2a: Stalling power|Vessel of Ruin\n|turn|5\n|\n|t:|1771224140\n|move|p1b: Diancie|Diamond Storm|p2b: Bite ice|[spread] p2a,p2b\n|-resisted|p2a: Stalling power\n|-supereffective|p2b: Bite ice\n|-damage|p2a: Stalling power|89/100\n|-damage|p2b: Bite ice|5/100\n|-boost|p1b: Diancie|def|2\n|move|p1a: Rillaboom|U-turn|p2b: Bite ice\n|-supereffective|p2b: Bite ice\n|-damage|p2b: Bite ice|0 fnt\n|faint|p2b: Bite ice\n|\n|t:|1771224158\n|switch|p1a: Grimmsnarl|Grimmsnarl, M|100/100|[from] U-turn\n|-damage|p1a: Grimmsnarl|88/100|[from] Stealth Rock\n|-status|p1a: Grimmsnarl|psn\n|move|p2a: Stalling power|Whirlwind|p1b: Diancie\n|drag|p1b: Pelipper|Pelipper, F|9/100\n|-damage|p1b: Pelipper|0 fnt|[from] Stealth Rock\n|faint|p1b: Pelipper\n|\n|-weather|none\n|-heal|p2a: Stalling power|96/100|[from] Grassy Terrain\n|-heal|p2a: Stalling power|100/100|[from] item: Leftovers\n|-heal|p1a: Grimmsnarl|94/100 psn|[from] Grassy Terrain\n|-damage|p1a: Grimmsnarl|82/100 psn|[from] psn\n|upkeep\n|\n|t:|1771224177\n|switch|p1b: Volcanion|Volcanion, tera:Ground|82/100 psn\n|switch|p2b: Godzilla|Tyranitar, F, tera:Ghost|73/100\n|-damage|p1b: Volcanion|76/100 psn|[from] Stealth Rock\n|-weather|Sandstorm|[from] ability: Sand Stream|[of] p2b: Godzilla\n|turn|6\n|\n|t:|1771224199\n|move|p2a: Stalling power|Throat Chop|p1b: Volcanion\n|-damage|p1b: Volcanion|48/100 psn\n|-start|p1b: Volcanion|Throat Chop|[silent]\n|move|p1a: Grimmsnarl|Spirit Break|p2a: Stalling power\n|-supereffective|p2a: Stalling power\n|-damage|p2a: Stalling power|67/100\n|-unboost|p2a: Stalling power|spa|1\n|move|p1b: Volcanion|Steam Eruption|p2a: Stalling power\n|-supereffective|p2a: Stalling power\n|-damage|p2a: Stalling power|8/100\n|move|p2b: Godzilla|Knock Off|p1b: Volcanion\n|-damage|p1b: Volcanion|3/100 psn\n|-enditem|p1b: Volcanion|Leftovers|[from] move: Knock Off|[of] p2b: Godzilla\n|\n|-weather|Sandstorm|[upkeep]\n|-damage|p1a: Grimmsnarl|76/100 psn|[from] Sandstorm\n|-damage|p2b: Godzilla|67/100|[from] Sandstorm\n|-heal|p2a: Stalling power|14/100|[from] Grassy Terrain\n|-heal|p2a: Stalling power|20/100|[from] item: Leftovers\n|-heal|p1a: Grimmsnarl|82/100 psn|[from] Grassy Terrain\n|-heal|p1b: Volcanion|9/100 psn|[from] Grassy Terrain\n|-heal|p2b: Godzilla|73/100|[from] Grassy Terrain\n|-damage|p1a: Grimmsnarl|69/100 psn|[from] psn\n|-damage|p1b: Volcanion|0 fnt|[from] psn\n|faint|p1b: Volcanion\n|-fieldend|move: Trick Room\n|upkeep\n|\n|t:|1771224227\n|switch|p1b: Diancie|Diancie|61/100 psn\n|-damage|p1b: Diancie|48/100 psn|[from] Stealth Rock\n|turn|7\n|\n|t:|1771224235\n|move|p2b: Godzilla|Rock Slide|p1a: Grimmsnarl|[spread] p1a,p1b\n|-damage|p1a: Grimmsnarl|39/100 psn\n|-damage|p1b: Diancie|22/100 psn\n|move|p1a: Grimmsnarl|Spirit Break|p2a: Stalling power\n|-supereffective|p2a: Stalling power\n|-crit|p2a: Stalling power\n|-damage|p2a: Stalling power|0 fnt\n|faint|p2a: Stalling power\n|move|p1b: Diancie|Trick Room|p1b: Diancie\n|-fieldstart|move: Trick Room|[of] p1b: Diancie\n|\n|-weather|Sandstorm|[upkeep]\n|-damage|p1a: Grimmsnarl|32/100 psn|[from] Sandstorm\n|-damage|p2b: Godzilla|67/100|[from] Sandstorm\n|-heal|p1b: Diancie|28/100 psn|[from] Grassy Terrain\n|-heal|p1a: Grimmsnarl|39/100 psn|[from] Grassy Terrain\n|-heal|p2b: Godzilla|73/100|[from] Grassy Terrain\n|-damage|p1b: Diancie|16/100 psn|[from] psn\n|-damage|p1a: Grimmsnarl|26/100 psn|[from] psn\n|-fieldend|move: Grassy Terrain\n|upkeep\n|\n|t:|1771224250\n|switch|p2a: Doggy attack|Houndstone, M|100/100\n|turn|8\n|\n|t:|1771224258\n|move|p2a: Doggy attack|Protect|p2a: Doggy attack\n|-singleturn|p2a: Doggy attack|Protect\n|move|p1a: Grimmsnarl|Reflect|p1a: Grimmsnarl\n|-sidestart|p1: Ralph-Dexter|Reflect\n|move|p1b: Diancie|Diamond Storm|p2b: Godzilla|[spread] p2b\n|-activate|p2a: Doggy attack|move: Protect\n|-damage|p2b: Godzilla|45/100\n|move|p2b: Godzilla|Rock Slide|p1a: Grimmsnarl|[spread] p1a,p1b\n|-crit|p1b: Diancie\n|-damage|p1a: Grimmsnarl|4/100 psn\n|-damage|p1b: Diancie|0 fnt\n|faint|p1b: Diancie\n|\n|-weather|Sandstorm|[upkeep]\n|-damage|p1a: Grimmsnarl|0 fnt|[from] Sandstorm\n|-damage|p2b: Godzilla|39/100|[from] Sandstorm\n|faint|p1a: Grimmsnarl\n|upkeep\n|\n|t:|1771224275\n|switch|p1b: Rillaboom|Rillaboom, M|100/100\n|switch|p1a: Farigiraf|Farigiraf, F|100/100\n|-damage|p1a: Farigiraf|88/100|[from] Stealth Rock\n|-status|p1a: Farigiraf|psn\n|-damage|p1b: Rillaboom|88/100|[from] Stealth Rock\n|-status|p1b: Rillaboom|psn\n|-fieldstart|move: Grassy Terrain|[from] ability: Grassy Surge|[of] p1b: Rillaboom\n|turn|9\n|\n|t:|1771224296\n|move|p1a: Farigiraf|Psychic|p2a: Doggy attack\n|-damage|p2a: Doggy attack|41/100\n|move|p1b: Rillaboom|Wood Hammer|p2a: Doggy attack\n|-damage|p2a: Doggy attack|0 fnt\n|faint|p2a: Doggy attack\n|-damage|p1b: Rillaboom|79/100 psn|[from] Recoil\n|move|p2b: Godzilla|Knock Off|p1a: Farigiraf\n|-supereffective|p1a: Farigiraf\n|-damage|p1a: Farigiraf|12/100 psn\n|-enditem|p1a: Farigiraf|Safety Goggles|[from] move: Knock Off|[of] p2b: Godzilla\n|\n|-weather|Sandstorm|[upkeep]\n|-damage|p1a: Farigiraf|6/100 psn|[from] Sandstorm\n|-damage|p1b: Rillaboom|73/100 psn|[from] Sandstorm\n|-damage|p2b: Godzilla|33/100|[from] Sandstorm\n|-heal|p1a: Farigiraf|12/100 psn|[from] Grassy Terrain\n|-heal|p1b: Rillaboom|79/100 psn|[from] Grassy Terrain\n|-heal|p2b: Godzilla|39/100|[from] Grassy Terrain\n|-damage|p1a: Farigiraf|0 fnt|[from] psn\n|faint|p1a: Farigiraf\n|-damage|p1b: Rillaboom|66/100 psn|[from] psn\n|upkeep\n|turn|10\n|\n|t:|1771224316\n|move|p2b: Godzilla|Protect|p2b: Godzilla\n|-singleturn|p2b: Godzilla|Protect\n|move|p1b: Rillaboom|Wood Hammer|p2b: Godzilla\n|-activate|p2b: Godzilla|move: Protect\n|\n|-weather|none\n|-heal|p1b: Rillaboom|73/100 psn|[from] Grassy Terrain\n|-heal|p2b: Godzilla|45/100|[from] Grassy Terrain\n|-damage|p1b: Rillaboom|60/100 psn|[from] psn\n|upkeep\n|turn|11\n|\n|t:|1771224326\n|move|p2b: Godzilla|Protect||[still]\n|-fail|p2b: Godzilla\n|move|p1b: Rillaboom|Wood Hammer|p2b: Godzilla\n|-damage|p2b: Godzilla|0 fnt\n|faint|p2b: Godzilla\n|-damage|p1b: Rillaboom|47/100 psn|[from] Recoil\n|\n|win|Ralph-Dexter\n|raw|Ralph-Dexter's rating: 1717 &rarr; <strong>1742</strong><br />(+25 for winning)\n|raw|Poly love's rating: 1813 &rarr; <strong>1788</strong><br />(-25 for losing)\n|l|☆Poly love\n|player|p2|\n|l|☆Ralph-Dexter\n|player|p1|\n", "uploadtime": 1771224476, "views": 14, "formatid": "gen9doublesou", "rating": 1742, "private": 0, "password": null}