{"id": "gen9doublesou-2640027010", "format": "[Gen 9] Doubles OU", "players": ["mobtitan", "hakoryu"], "log": "|j|☆mobtitan\n|j|☆hakoryu\n|t:|1782566194\n|gametype|doubles\n|player|p1|mobtitan|170|1578\n|player|p2|hakoryu|valerie|1659\n|gen|9\n|tier|[Gen 9] Doubles OU\n|rated|\n|rule|HP Percentage Mod: HP is shown in percentages\n|rule|Endless Battle Clause: Forcing endless battles is banned\n|rule|Species Clause: Limit one of each Pokémon\n|rule|OHKO Clause: OHKO moves are banned\n|rule|Evasion Moves Clause: Evasion moves are banned\n|rule|Gravity Sleep Clause: The combination of sleep-inducing moves with imperfect accuracy and Gravity or Gigantamax Orbeetle are banned\n|rule|Evasion Abilities Clause: Evasion abilities are banned\n|clearpoke\n|poke|p1|Farigiraf, F|\n|poke|p1|Whimsicott, F|\n|poke|p1|Gholdengo|\n|poke|p1|Hoopa-Unbound|\n|poke|p1|Regidrago|\n|poke|p1|Torkoal, L99, F|\n|poke|p2|Moltres-Galar|\n|poke|p2|Ninetales-Alola, M|\n|poke|p2|Sinistcha|\n|poke|p2|Rillaboom, F|\n|poke|p2|Raging Bolt|\n|poke|p2|Iron Hands|\n|teampreview\n|inactive|Battle timer is ON: inactive players will automatically lose when time's up. (requested by mobtitan)\n|\n|t:|1782566221\n|teamsize|p1|6\n|teamsize|p2|6\n|start\n|switch|p1a: Regidrago|Regidrago|100/100\n|switch|p1b: Farigiraf|Farigiraf, F|100/100\n|switch|p2a: Moltres|Moltres-Galar|100/100\n|switch|p2b: Ninetales|Ninetales-Alola, M, shiny|100/100\n|-weather|Snowscape|[from] ability: Snow Warning|[of] p2b: Ninetales\n|turn|1\n|\n|t:|1782566240\n|switch|p1a: Torkoal|Torkoal, L99, F|100/100\n|-weather|SunnyDay|[from] ability: Drought|[of] p1a: Torkoal\n|-terastallize|p2a: Moltres|Fairy\n|-terastallize|p1b: Farigiraf|Normal\n|move|p2b: Ninetales|Aurora Veil||[still]\n|-fail|p2b: Ninetales\n|move|p2a: Moltres|Nasty Plot|p2a: Moltres\n|-boost|p2a: Moltres|spa|2\n|move|p1b: Farigiraf|Trick Room|p1b: Farigiraf\n|-fieldstart|move: Trick Room|[of] p1b: Farigiraf\n|\n|-weather|SunnyDay|[upkeep]\n|upkeep\n|turn|2\n|\n|t:|1782566263\n|switch|p2b: Raging Bolt|Raging Bolt|100/100\n|-activate|p2b: Raging Bolt|ability: Protosynthesis\n|-start|p2b: Raging Bolt|protosynthesisspa\n|move|p2a: Moltres|Protect|p2a: Moltres\n|-singleturn|p2a: Moltres|Protect\n|move|p1a: Torkoal|Eruption|p2b: Raging Bolt|[spread] p2b\n|-activate|p2a: Moltres|move: Protect\n|-resisted|p2b: Raging Bolt\n|-damage|p2b: Raging Bolt|60/100\n|move|p1b: Farigiraf|Hyper Voice|p2a: Moltres|[spread] p2b\n|-activate|p2a: Moltres|move: Protect\n|-damage|p2b: Raging Bolt|30/100\n|\n|-weather|SunnyDay|[upkeep]\n|-heal|p2b: Raging Bolt|36/100|[from] item: Leftovers\n|upkeep\n|turn|3\n|\n|t:|1782566281\n|switch|p2a: Ninetales|Ninetales-Alola, M, shiny|100/100\n|-weather|Snowscape|[from] ability: Snow Warning|[of] p2a: Ninetales\n|-end|p2b: Raging Bolt|Protosynthesis\n|move|p1a: Torkoal|Eruption|p2a: Ninetales|[spread] p2a,p2b\n|-supereffective|p2a: Ninetales\n|-resisted|p2b: Raging Bolt\n|-damage|p2a: Ninetales|0 fnt\n|-damage|p2b: Raging Bolt|10/100\n|faint|p2a: Ninetales\n|move|p1b: Farigiraf|Hyper Voice|p2b: Raging Bolt\n|-damage|p2b: Raging Bolt|0 fnt\n|faint|p2b: Raging Bolt\n|-end|p2b: Raging Bolt|Protosynthesis|[silent]\n|\n|-weather|Snowscape|[upkeep]\n|upkeep\n|\n|t:|1782566299\n|switch|p2b: Moltres|Moltres-Galar, tera:Fairy|100/100\n|switch|p2a: Iron Hands|Iron Hands|100/100\n|turn|4\n|\n|t:|1782566313\n|switch|p1a: Whimsicott|Whimsicott, F|100/100\n|move|p1b: Farigiraf|Hyper Voice|p2b: Moltres|[spread] p2a,p2b\n|-damage|p2a: Iron Hands|72/100\n|-damage|p2b: Moltres|75/100\n|move|p2a: Iron Hands|Drain Punch|p1a: Whimsicott\n|-resisted|p1a: Whimsicott\n|-crit|p1a: Whimsicott\n|-damage|p1a: Whimsicott|44/100\n|-heal|p2a: Iron Hands|87/100|[from] drain|[of] p1a: Whimsicott\n|move|p2b: Moltres|Fiery Wrath|p1a: Whimsicott|[spread] p1a,p1b\n|-resisted|p1a: Whimsicott\n|-damage|p1a: Whimsicott|21/100\n|-damage|p1b: Farigiraf|73/100\n|\n|-weather|Snowscape|[upkeep]\n|upkeep\n|turn|5\n|\n|t:|1782566329\n|move|p1a: Whimsicott|Light Screen|p1a: Whimsicott\n|-sidestart|p1: mobtitan|move: Light Screen\n|move|p1b: Farigiraf|Hyper Voice|p2b: Moltres|[spread] p2a,p2b\n|-damage|p2a: Iron Hands|58/100\n|-damage|p2b: Moltres|50/100\n|-ability|p2b: Moltres|Berserk|boost\n|-boost|p2b: Moltres|spa|1\n|-enditem|p2b: Moltres|Sitrus Berry|[eat]\n|-heal|p2b: Moltres|75/100|[from] item: Sitrus Berry\n|move|p2a: Iron Hands|Drain Punch|p1b: Farigiraf\n|-supereffective|p1b: Farigiraf\n|-damage|p1b: Farigiraf|0 fnt\n|-heal|p2a: Iron Hands|87/100|[from] drain|[of] p1b: Farigiraf\n|faint|p1b: Farigiraf\n|move|p2b: Moltres|Fiery Wrath|p1a: Whimsicott\n|-resisted|p1a: Whimsicott\n|-damage|p1a: Whimsicott|0 fnt\n|faint|p1a: Whimsicott\n|\n|-weather|Snowscape|[upkeep]\n|-fieldend|move: Trick Room\n|upkeep\n|\n|t:|1782566344\n|switch|p1a: Hoopa|Hoopa-Unbound|100/100\n|switch|p1b: Gholdengo|Gholdengo|100/100\n|turn|6\n|\n|t:|1782566355\n|move|p1b: Gholdengo|Protect|p1b: Gholdengo\n|-singleturn|p1b: Gholdengo|Protect\n|move|p2b: Moltres|Fiery Wrath|p1a: Hoopa|[spread] p1a\n|-activate|p1b: Gholdengo|move: Protect\n|-damage|p1a: Hoopa|79/100\n|move|p2a: Iron Hands|Drain Punch|p1a: Hoopa\n|-damage|p1a: Hoopa|31/100\n|-heal|p2a: Iron Hands|100/100|[from] drain|[of] p1a: Hoopa\n|move|p1a: Hoopa|Trick Room|p1a: Hoopa\n|-fieldstart|move: Trick Room|[of] p1a: Hoopa\n|\n|-weather|Snowscape|[upkeep]\n|upkeep\n|turn|7\n|\n|t:|1782566372\n|move|p2b: Moltres|Protect|p2b: Moltres\n|-singleturn|p2b: Moltres|Protect\n|move|p2a: Iron Hands|Drain Punch|p1a: Hoopa\n|-damage|p1a: Hoopa|0 fnt\n|faint|p1a: Hoopa\n|move|p1b: Gholdengo|Make It Rain|p2a: Iron Hands|[spread] p2a\n|-activate|p2b: Moltres|move: Protect\n|-resisted|p2a: Iron Hands\n|-damage|p2a: Iron Hands|74/100\n|-unboost|p1b: Gholdengo|spa|1\n|-damage|p1b: Gholdengo|91/100|[from] item: Life Orb\n|\n|-weather|none\n|upkeep\n|\n|t:|1782566378\n|switch|p1a: Torkoal|Torkoal, L99, F|100/100\n|-weather|SunnyDay|[from] ability: Drought|[of] p1a: Torkoal\n|turn|8\n|\n|t:|1782566398\n|switch|p1b: Regidrago|Regidrago|100/100\n|switch|p2b: Rillaboom|Rillaboom, F|100/100\n|-fieldstart|move: Grassy Terrain|[from] ability: Grassy Surge|[of] p2b: Rillaboom\n|move|p1a: Torkoal|Eruption|p2a: Iron Hands|[spread] p2a,p2b\n|-supereffective|p2b: Rillaboom\n|-damage|p2a: Iron Hands|0 fnt\n|-damage|p2b: Rillaboom|0 fnt\n|faint|p2a: Iron Hands\n|-end|p2a: Iron Hands|Quark Drive|[silent]\n|faint|p2b: Rillaboom\n|\n|-weather|SunnyDay|[upkeep]\n|upkeep\n|\n|t:|1782566409\n|switch|p2a: Sinistcha|Sinistcha|100/100\n|switch|p2b: Moltres|Moltres-Galar, tera:Fairy|75/100\n|-heal|p2b: Moltres|99/100|[from] ability: Hospitality|[of] p2a: Sinistcha\n|turn|9\n|\n|t:|1782566417\n|switch|p1b: Gholdengo|Gholdengo|91/100\n|move|p1a: Torkoal|Eruption|p2b: Moltres|[spread] p2a,p2b\n|-supereffective|p2a: Sinistcha\n|-damage|p2a: Sinistcha|0 fnt\n|-damage|p2b: Moltres|20/100\n|faint|p2a: Sinistcha\n|-ability|p2b: Moltres|Berserk|boost\n|-boost|p2b: Moltres|spa|1\n|move|p2b: Moltres|Fiery Wrath|p1b: Gholdengo|[spread] p1a,p1b\n|-supereffective|p1b: Gholdengo\n|-damage|p1a: Torkoal|64/100\n|-damage|p1b: Gholdengo|31/100\n|\n|-weather|SunnyDay|[upkeep]\n|-heal|p1a: Torkoal|70/100|[from] Grassy Terrain\n|-heal|p1b: Gholdengo|37/100|[from] Grassy Terrain\n|-heal|p2b: Moltres|27/100|[from] Grassy Terrain\n|-sideend|p1: mobtitan|move: Light Screen\n|upkeep\n|turn|10\n|-message|hakoryu forfeited.\n|\n|win|mobtitan\n|raw|mobtitan's rating: 1578 &rarr; <strong>1603</strong><br />(+25 for winning)\n|raw|hakoryu's rating: 1659 &rarr; <strong>1634</strong><br />(-25 for losing)\n|l|☆mobtitan\n|player|p1|\n|l|☆hakoryu\n|player|p2|\n|j|☆hakoryu\n|player|p2|hakoryu|valerie|\n", "uploadtime": 1782566626, "views": 5, "formatid": "gen9doublesou", "rating": 1603, "private": 0, "password": null}