{"id": "gen9doublesou-2540949243", "format": "[Gen 9] Doubles OU", "players": ["Lemecano", "Ruby4"], "log": "|j|☆Lemecano\n|j|☆Ruby4\n|t:|1771270013\n|gametype|doubles\n|player|p1|Lemecano|265|1556\n|player|p2|Ruby4|caitlin|1606\n|gen|9\n|tier|[Gen 9] Doubles OU\n|rated|\n|rule|HP Percentage Mod: HP is shown in percentages\n|rule|Endless Battle Clause: Forcing endless battles is banned\n|rule|Species Clause: Limit one of each Pokémon\n|rule|OHKO Clause: OHKO moves are banned\n|rule|Evasion Moves Clause: Evasion moves are banned\n|rule|Gravity Sleep Clause: The combination of sleep-inducing moves with imperfect accuracy and Gravity or Gigantamax Orbeetle are banned\n|rule|Evasion Abilities Clause: Evasion abilities are banned\n|clearpoke\n|poke|p1|Regidrago|\n|poke|p1|Incineroar, M|\n|poke|p1|Clefable, M|\n|poke|p1|Ogerpon-Wellspring, F|\n|poke|p1|Raging Bolt|\n|poke|p1|Sneasler, M|\n|poke|p2|Moltres-Galar|\n|poke|p2|Ogerpon-Cornerstone, F|\n|poke|p2|Sinistcha|\n|poke|p2|Iron Hands|\n|poke|p2|Roaring Moon|\n|poke|p2|Gholdengo|\n|teampreview\n|inactive|Battle timer is ON: inactive players will automatically lose when time's up. (requested by Lemecano)\n|inactive|Ruby4 has 120 seconds left.\n|\n|t:|1771270049\n|teamsize|p1|6\n|teamsize|p2|6\n|start\n|switch|p1a: Sneasler|Sneasler, M|100/100\n|switch|p1b: Ogerpon|Ogerpon-Wellspring, F|100/100\n|switch|p2a: Iron Hands|Iron Hands|100/100\n|switch|p2b: Roaring Moon|Roaring Moon|100/100\n|-enditem|p2b: Roaring Moon|Booster Energy\n|-activate|p2b: Roaring Moon|ability: Protosynthesis|[fromitem]\n|-start|p2b: Roaring Moon|protosynthesisspe\n|turn|1\n|\n|t:|1771270068\n|move|p2b: Roaring Moon|Protect|p2b: Roaring Moon\n|-singleturn|p2b: Roaring Moon|Protect\n|move|p1b: Ogerpon|Follow Me|p1b: Ogerpon\n|-singleturn|p1b: Ogerpon|move: Follow Me\n|move|p1a: Sneasler|Close Combat|p2b: Roaring Moon\n|-activate|p2b: Roaring Moon|move: Protect\n|move|p2a: Iron Hands|Wild Charge|p1b: Ogerpon\n|-damage|p1b: Ogerpon|40/100\n|-damage|p2a: Iron Hands|89/100|[from] Recoil\n|\n|upkeep\n|turn|2\n|\n|t:|1771270090\n|-end|p2b: Roaring Moon|Protosynthesis|[silent]\n|switch|p2b: Gholdengo|Gholdengo|100/100\n|move|p1b: Ogerpon|Follow Me|p1b: Ogerpon\n|-singleturn|p1b: Ogerpon|move: Follow Me\n|move|p1a: Sneasler|Close Combat|p2a: Iron Hands\n|-damage|p2a: Iron Hands|32/100\n|-unboost|p1a: Sneasler|def|1\n|-unboost|p1a: Sneasler|spd|1\n|-status|p2a: Iron Hands|psn|[from] ability: Poison Touch|[of] p1a: Sneasler\n|-damage|p1a: Sneasler|91/100|[from] item: Life Orb\n|move|p2a: Iron Hands|Wild Charge|p1b: Ogerpon\n|-damage|p1b: Ogerpon|0 fnt\n|faint|p1b: Ogerpon\n|-damage|p2a: Iron Hands|25/100 psn|[from] Recoil\n|\n|-damage|p2a: Iron Hands|12/100 psn|[from] psn\n|upkeep\n|\n|t:|1771270106\n|switch|p1b: Incineroar|Incineroar, M|100/100\n|-ability|p1b: Incineroar|Intimidate|boost\n|-unboost|p2a: Iron Hands|atk|1\n|-unboost|p2b: Gholdengo|atk|1\n|turn|3\n|inactive|Ruby4 has 120 seconds left.\n|\n|t:|1771270143\n|switch|p2b: Roaring Moon|Roaring Moon|100/100\n|move|p1a: Sneasler|Dire Claw|p2a: Iron Hands\n|-damage|p2a: Iron Hands|0 fnt\n|faint|p2a: Iron Hands\n|-end|p2a: Iron Hands|Quark Drive|[silent]\n|-damage|p1a: Sneasler|81/100|[from] item: Life Orb\n|move|p1b: Incineroar|Flare Blitz|p2b: Roaring Moon\n|-resisted|p2b: Roaring Moon\n|-damage|p2b: Roaring Moon|73/100\n|-damage|p1b: Incineroar|92/100|[from] Recoil\n|\n|upkeep\n|\n|t:|1771270151\n|switch|p2a: Sinistcha|Sinistcha|100/100\n|-heal|p2b: Roaring Moon|98/100|[from] ability: Hospitality|[of] p2a: Sinistcha\n|turn|4\n|\n|t:|1771270161\n|move|p2a: Sinistcha|Rage Powder|p2a: Sinistcha\n|-singleturn|p2a: Sinistcha|move: Rage Powder\n|move|p1a: Sneasler|Close Combat|p2a: Sinistcha\n|-immune|p2a: Sinistcha\n|move|p2b: Roaring Moon|Tailwind|p2b: Roaring Moon\n|-sidestart|p2: Ruby4|move: Tailwind\n|move|p1b: Incineroar|Flare Blitz|p2a: Sinistcha\n|-supereffective|p2a: Sinistcha\n|-damage|p2a: Sinistcha|25/100\n|-enditem|p2a: Sinistcha|Sitrus Berry|[eat]\n|-heal|p2a: Sinistcha|50/100|[from] item: Sitrus Berry\n|-damage|p1b: Incineroar|70/100|[from] Recoil\n|\n|upkeep\n|turn|5\n|inactive|Ruby4 has 120 seconds left.\n|\n|t:|1771270209\n|-end|p2b: Roaring Moon|Protosynthesis|[silent]\n|switch|p2b: Gholdengo|Gholdengo|100/100\n|switch|p1a: Clefable|Clefable, M|100/100\n|switch|p2a: Ogerpon|Ogerpon-Cornerstone, F|100/100\n|move|p1b: Incineroar|Flare Blitz|p2a: Ogerpon\n|-damage|p2a: Ogerpon|46/100\n|-damage|p1b: Incineroar|55/100|[from] Recoil\n|\n|upkeep\n|turn|6\n|\n|t:|1771270228\n|move|p1a: Clefable|Follow Me|p1a: Clefable\n|-singleturn|p1a: Clefable|move: Follow Me\n|move|p2a: Ogerpon|Ivy Cudgel|p1a: Clefable|[anim] Ivy Cudgel Rock\n|-crit|p1a: Clefable\n|-damage|p1a: Clefable|21/100\n|-enditem|p1a: Clefable|Sitrus Berry|[eat]\n|-heal|p1a: Clefable|45/100|[from] item: Sitrus Berry\n|move|p2b: Gholdengo|Nasty Plot|p2b: Gholdengo\n|-boost|p2b: Gholdengo|spa|2\n|move|p1b: Incineroar|Flare Blitz|p2b: Gholdengo\n|-supereffective|p2b: Gholdengo\n|-damage|p2b: Gholdengo|12/100\n|-damage|p1b: Incineroar|27/100|[from] Recoil\n|\n|-heal|p2b: Gholdengo|19/100|[from] item: Leftovers\n|upkeep\n|turn|7\n|inactive|Lemecano has 120 seconds left.\n|\n|t:|1771270269\n|switch|p2a: Sinistcha|Sinistcha|50/100\n|-heal|p2b: Gholdengo|43/100|[from] ability: Hospitality|[of] p2a: Sinistcha\n|move|p1a: Clefable|Protect|p1a: Clefable\n|-singleturn|p1a: Clefable|Protect\n|move|p2b: Gholdengo|Make It Rain|p1b: Incineroar|[spread] p1b\n|-activate|p1a: Clefable|move: Protect\n|-resisted|p1b: Incineroar\n|-damage|p1b: Incineroar|0 fnt\n|-unboost|p2b: Gholdengo|spa|1\n|faint|p1b: Incineroar\n|\n|-heal|p2b: Gholdengo|50/100|[from] item: Leftovers\n|-sideend|p2: Ruby4|move: Tailwind\n|upkeep\n|\n|t:|1771270280\n|switch|p1b: Raging Bolt|Raging Bolt|100/100\n|-enditem|p1b: Raging Bolt|Booster Energy\n|-activate|p1b: Raging Bolt|ability: Protosynthesis|[fromitem]\n|-start|p1b: Raging Bolt|protosynthesisspa\n|turn|8\n|inactive|Lemecano has 120 seconds left.\n|\n|t:|1771270301\n|-terastallize|p1a: Clefable|Water\n|move|p2a: Sinistcha|Rage Powder|p2a: Sinistcha\n|-singleturn|p2a: Sinistcha|move: Rage Powder\n|move|p2b: Gholdengo|Shadow Ball|p1b: Raging Bolt\n|-damage|p1b: Raging Bolt|52/100\n|move|p1b: Raging Bolt|Thunderbolt|p2a: Sinistcha\n|-resisted|p2a: Sinistcha\n|-damage|p2a: Sinistcha|19/100\n|move|p1a: Clefable|Life Dew|p1a: Clefable|[spread] p1a,p1b\n|-heal|p1a: Clefable|71/100\n|-heal|p1b: Raging Bolt|77/100\n|\n|-heal|p2b: Gholdengo|56/100|[from] item: Leftovers\n|upkeep\n|turn|9\n|\n|t:|1771270325\n|move|p2a: Sinistcha|Rage Powder|p2a: Sinistcha\n|-singleturn|p2a: Sinistcha|move: Rage Powder\n|move|p2b: Gholdengo|Shadow Ball|p1a: Clefable\n|-damage|p1a: Clefable|40/100\n|move|p1b: Raging Bolt|Thunderbolt|p2a: Sinistcha\n|-resisted|p2a: Sinistcha\n|-damage|p2a: Sinistcha|0 fnt\n|faint|p2a: Sinistcha\n|move|p1a: Clefable|Moonblast|p2b: Gholdengo\n|-resisted|p2b: Gholdengo\n|-damage|p2b: Gholdengo|42/100\n|\n|-heal|p2b: Gholdengo|48/100|[from] item: Leftovers\n|upkeep\n|\n|t:|1771270344\n|switch|p2a: Roaring Moon|Roaring Moon|98/100\n|turn|10\n|\n|t:|1771270367\n|move|p2a: Roaring Moon|Protect|p2a: Roaring Moon\n|-singleturn|p2a: Roaring Moon|Protect\n|move|p2b: Gholdengo|Protect|p2b: Gholdengo\n|-singleturn|p2b: Gholdengo|Protect\n|move|p1a: Clefable|Follow Me|p1a: Clefable\n|-singleturn|p1a: Clefable|move: Follow Me\n|move|p1b: Raging Bolt|Thunderbolt|p2b: Gholdengo\n|-activate|p2b: Gholdengo|move: Protect\n|\n|-heal|p2b: Gholdengo|54/100|[from] item: Leftovers\n|upkeep\n|turn|11\n|inactive|Ruby4 has 120 seconds left.\n|\n|t:|1771270427\n|switch|p2b: Ogerpon|Ogerpon-Cornerstone, F|46/100\n|-terastallize|p2a: Roaring Moon|Dark\n|move|p2a: Roaring Moon|Knock Off|p1a: Clefable\n|-damage|p1a: Clefable|0 fnt\n|faint|p1a: Clefable\n|move|p1b: Raging Bolt|Thunderbolt|p2b: Ogerpon\n|-resisted|p2b: Ogerpon\n|-damage|p2b: Ogerpon|10/100\n|\n|upkeep\n|\n|t:|1771270438\n|switch|p1a: Sneasler|Sneasler, M|81/100\n|turn|12\n|inactive|Ruby4 has 120 seconds left.\n|\n|t:|1771270453\n|move|p2a: Roaring Moon|Protect|p2a: Roaring Moon\n|-singleturn|p2a: Roaring Moon|Protect\n|move|p2b: Ogerpon|Spiky Shield|p2b: Ogerpon\n|-singleturn|p2b: Ogerpon|move: Protect\n|move|p1b: Raging Bolt|Thunderclap||[still]\n|-fail|p1b: Raging Bolt\n|move|p1a: Sneasler|Close Combat|p2a: Roaring Moon\n|-activate|p2a: Roaring Moon|move: Protect\n|\n|upkeep\n|turn|13\n|\n|t:|1771270480\n|move|p2b: Ogerpon|Follow Me|p2b: Ogerpon\n|-singleturn|p2b: Ogerpon|move: Follow Me\n|move|p1b: Raging Bolt|Thunderclap||[still]\n|-fail|p1b: Raging Bolt\n|move|p1a: Sneasler|Close Combat|p2b: Ogerpon\n|-supereffective|p2b: Ogerpon\n|-damage|p2b: Ogerpon|0 fnt\n|-unboost|p1a: Sneasler|def|1\n|-unboost|p1a: Sneasler|spd|1\n|faint|p2b: Ogerpon\n|-damage|p1a: Sneasler|71/100|[from] item: Life Orb\n|move|p2a: Roaring Moon|Tailwind|p2a: Roaring Moon\n|-sidestart|p2: Ruby4|move: Tailwind\n|\n|upkeep\n|inactive|Ruby4 has 120 seconds left.\n|\n|t:|1771270494\n|switch|p2b: Gholdengo|Gholdengo|54/100\n|turn|14\n|inactive|Lemecano has 120 seconds left.\n|\n|t:|1771270536\n|move|p2a: Roaring Moon|Protect|p2a: Roaring Moon\n|-singleturn|p2a: Roaring Moon|Protect\n|move|p2b: Gholdengo|Shadow Ball|p1a: Sneasler\n|-damage|p1a: Sneasler|0 fnt\n|faint|p1a: Sneasler\n|move|p1b: Raging Bolt|Thunderbolt|p2b: Gholdengo\n|-crit|p2b: Gholdengo\n|-damage|p2b: Gholdengo|0 fnt\n|faint|p2b: Gholdengo\n|\n|upkeep\n|\n|t:|1771270543\n|switch|p1a: Regidrago|Regidrago|100/100\n|switch|p2b: Moltres|Moltres-Galar|100/100\n|turn|15\n|inactive|Lemecano has 120 seconds left.\n|\n|t:|1771270568\n|move|p1a: Regidrago|Protect|p1a: Regidrago\n|-singleturn|p1a: Regidrago|Protect\n|move|p1b: Raging Bolt|Thunderclap|p2a: Roaring Moon\n|-damage|p2a: Roaring Moon|46/100\n|move|p2a: Roaring Moon|Breaking Swipe|p1b: Raging Bolt|[spread] p1b\n|-activate|p1a: Regidrago|move: Protect\n|-supereffective|p1b: Raging Bolt\n|-damage|p1b: Raging Bolt|35/100\n|-unboost|p1b: Raging Bolt|atk|1\n|move|p2b: Moltres|Fiery Wrath|p1b: Raging Bolt|[spread] p1b\n|-activate|p1a: Regidrago|move: Protect\n|-damage|p1b: Raging Bolt|11/100\n|\n|upkeep\n|turn|16\n|inactive|Lemecano has 120 seconds left.\n|inactive|Ruby4 has 120 seconds left.\n|\n|t:|1771270602\n|move|p2a: Roaring Moon|Protect|p2a: Roaring Moon\n|-singleturn|p2a: Roaring Moon|Protect\n|move|p2b: Moltres|Protect|p2b: Moltres\n|-singleturn|p2b: Moltres|Protect\n|move|p1b: Raging Bolt|Thunderclap||[still]\n|-fail|p1b: Raging Bolt\n|move|p1a: Regidrago|Dragon Energy|p2a: Roaring Moon|[spread] \n|-activate|p2a: Roaring Moon|move: Protect\n|-activate|p2b: Moltres|move: Protect\n|\n|-sideend|p2: Ruby4|move: Tailwind\n|upkeep\n|turn|17\n|\n|t:|1771270611\n|move|p1b: Raging Bolt|Thunderclap||[still]\n|-fail|p1b: Raging Bolt\n|move|p2a: Roaring Moon|Tailwind|p2a: Roaring Moon\n|-sidestart|p2: Ruby4|move: Tailwind\n|move|p2b: Moltres|Fiery Wrath|p1a: Regidrago|[spread] p1a,p1b\n|-damage|p1a: Regidrago|65/100\n|-damage|p1b: Raging Bolt|0 fnt\n|faint|p1b: Raging Bolt\n|-end|p1b: Raging Bolt|Protosynthesis|[silent]\n|move|p1a: Regidrago|Dragon Energy|p2a: Roaring Moon|[spread] p2a,p2b\n|-damage|p2a: Roaring Moon|0 fnt\n|-damage|p2b: Moltres|56/100\n|faint|p2a: Roaring Moon\n|-end|p2a: Roaring Moon|Protosynthesis|[silent]\n|\n|upkeep\n|turn|18\n|\n|t:|1771270631\n|move|p1a: Regidrago|Protect|p1a: Regidrago\n|-singleturn|p1a: Regidrago|Protect\n|move|p2b: Moltres|Air Slash|p1a: Regidrago\n|-activate|p1a: Regidrago|move: Protect\n|\n|upkeep\n|turn|19\n|\n|t:|1771270637\n|move|p2b: Moltres|Air Slash|p1a: Regidrago\n|-damage|p1a: Regidrago|29/100\n|move|p1a: Regidrago|Dragon Energy|p2b: Moltres\n|-damage|p2b: Moltres|28/100\n|-ability|p2b: Moltres|Berserk|boost\n|-boost|p2b: Moltres|spa|1\n|-enditem|p2b: Moltres|Sitrus Berry|[eat]\n|-heal|p2b: Moltres|53/100|[from] item: Sitrus Berry\n|\n|upkeep\n|turn|20\n|\n|t:|1771270643\n|move|p2b: Moltres|Fiery Wrath|p1a: Regidrago\n|-damage|p1a: Regidrago|0 fnt\n|faint|p1a: Regidrago\n|\n|win|Ruby4\n|raw|Lemecano's rating: 1556 &rarr; <strong>1539</strong><br />(-17 for losing)\n|raw|Ruby4's rating: 1606 &rarr; <strong>1623</strong><br />(+17 for winning)\n|l|☆Lemecano\n|player|p1|\n|l|☆Ruby4\n|player|p2|\n", "uploadtime": 1771270985, "views": 0, "formatid": "gen9doublesou", "rating": 1539, "private": 0, "password": null}