{"id": "gen9doublesou-2539980768", "format": "[Gen 9] Doubles OU", "players": ["xyyyyyz", "nesrook"], "log": "|j|☆xyyyyyz\n|j|☆nesrook\n|t:|1771137693\n|gametype|doubles\n|player|p1|xyyyyyz|miku-fire|1627\n|player|p2|nesrook|hilbert|1674\n|gen|9\n|tier|[Gen 9] Doubles OU\n|rated|\n|rule|HP Percentage Mod: HP is shown in percentages\n|rule|Endless Battle Clause: Forcing endless battles is banned\n|rule|Species Clause: Limit one of each Pokémon\n|rule|OHKO Clause: OHKO moves are banned\n|rule|Evasion Moves Clause: Evasion moves are banned\n|rule|Gravity Sleep Clause: The combination of sleep-inducing moves with imperfect accuracy and Gravity or Gigantamax Orbeetle are banned\n|rule|Evasion Abilities Clause: Evasion abilities are banned\n|clearpoke\n|poke|p1|Moltres-Galar|\n|poke|p1|Grimmsnarl, M|\n|poke|p1|Iron Hands|\n|poke|p1|Sinistcha|\n|poke|p1|Ursaluna-Bloodmoon, M|\n|poke|p1|Incineroar, M|\n|poke|p2|Incineroar, F|\n|poke|p2|Diancie|\n|poke|p2|Cresselia, F|\n|poke|p2|Landorus, M|\n|poke|p2|Ogerpon-Hearthflame, F|\n|poke|p2|Rillaboom, M|\n|teampreview\n|inactive|Battle timer is ON: inactive players will automatically lose when time's up. (requested by nesrook)\n|inactive|xyyyyyz also wants the timer to be on.\n|\n|t:|1771137716\n|teamsize|p1|6\n|teamsize|p2|6\n|start\n|switch|p1a: Incineroar|Incineroar, M|100/100\n|switch|p1b: Iron Hands|Iron Hands|100/100\n|switch|p2a: Landorus|Landorus, M|100/100\n|switch|p2b: Incineroar|Incineroar, F|100/100\n|-ability|p2b: Incineroar|Intimidate|boost\n|-unboost|p1a: Incineroar|atk|1\n|-fail|p1b: Iron Hands|unboost|[from] item: Clear Amulet|[of] p1b: Iron Hands\n|-ability|p1a: Incineroar|Intimidate|boost\n|-unboost|p2a: Landorus|atk|1\n|-unboost|p2b: Incineroar|atk|1\n|turn|1\n|\n|t:|1771137729\n|switch|p1a: Grimmsnarl|Grimmsnarl, M|100/100\n|move|p2a: Landorus|Protect|p2a: Landorus\n|-singleturn|p2a: Landorus|Protect\n|move|p1b: Iron Hands|Protect|p1b: Iron Hands\n|-singleturn|p1b: Iron Hands|Protect\n|move|p2b: Incineroar|Fake Out|p1b: Iron Hands\n|-activate|p1b: Iron Hands|move: Protect\n|\n|upkeep\n|turn|2\n|\n|t:|1771137745\n|move|p1a: Grimmsnarl|Light Screen|p1a: Grimmsnarl\n|-sidestart|p1: xyyyyyz|move: Light Screen\n|move|p2a: Landorus|Earth Power|p1b: Iron Hands\n|-supereffective|p1b: Iron Hands\n|-damage|p1b: Iron Hands|20/100\n|move|p2b: Incineroar|Parting Shot|p1a: Grimmsnarl\n|-unboost|p1a: Grimmsnarl|atk|1\n|-unboost|p1a: Grimmsnarl|spa|1\n|\n|t:|1771137757\n|switch|p2b: Cresselia|Cresselia, F, shiny|100/100|[from] Parting Shot\n|move|p1b: Iron Hands|Ice Punch|p2a: Landorus\n|-supereffective|p2a: Landorus\n|-damage|p2a: Landorus|0 fnt\n|faint|p2a: Landorus\n|\n|upkeep\n|\n|t:|1771137765\n|switch|p2a: Diancie|Diancie|100/100\n|turn|3\n|\n|t:|1771137772\n|move|p1a: Grimmsnarl|Reflect|p1a: Grimmsnarl\n|-sidestart|p1: xyyyyyz|Reflect\n|move|p2b: Cresselia|Psychic|p1b: Iron Hands\n|-supereffective|p1b: Iron Hands\n|-damage|p1b: Iron Hands|0 fnt\n|faint|p1b: Iron Hands\n|-end|p1b: Iron Hands|Quark Drive|[silent]\n|move|p2a: Diancie|Diamond Storm|p1a: Grimmsnarl\n|-damage|p1a: Grimmsnarl|82/100\n|\n|upkeep\n|\n|t:|1771137781\n|switch|p1b: Moltres|Moltres-Galar|100/100\n|turn|4\n|\n|t:|1771137789\n|-terastallize|p1b: Moltres|Water\n|move|p1b: Moltres|Nasty Plot|p1b: Moltres\n|-boost|p1b: Moltres|spa|2\n|move|p2b: Cresselia|Thunder Wave|p1b: Moltres|[miss]\n|-miss|p2b: Cresselia|p1b: Moltres\n|move|p1a: Grimmsnarl|Spirit Break|p2b: Cresselia\n|-damage|p2b: Cresselia|89/100\n|-unboost|p2b: Cresselia|spa|1\n|move|p2a: Diancie|Diamond Storm|p1a: Grimmsnarl|[spread] p1a,p1b\n|-damage|p1a: Grimmsnarl|67/100\n|-damage|p1b: Moltres|85/100\n|\n|upkeep\n|turn|5\n|\n|t:|1771137806\n|move|p1b: Moltres|Fiery Wrath|p2b: Cresselia|[spread] p2a,p2b\n|-resisted|p2a: Diancie\n|-supereffective|p2b: Cresselia\n|-damage|p2a: Diancie|80/100\n|-damage|p2b: Cresselia|13/100\n|move|p2b: Cresselia|Thunder Wave|p1b: Moltres\n|-status|p1b: Moltres|par\n|move|p1a: Grimmsnarl|Spirit Break|p2a: Diancie\n|-damage|p2a: Diancie|64/100\n|move|p2a: Diancie|Diamond Storm|p1b: Moltres|[spread] p1a,p1b\n|-damage|p1a: Grimmsnarl|54/100\n|-damage|p1b: Moltres|67/100 par\n|\n|-heal|p2a: Diancie|70/100|[from] item: Leftovers\n|upkeep\n|turn|6\n|\n|t:|1771137825\n|switch|p1a: Sinistcha|Sinistcha|100/100\n|-heal|p1b: Moltres|92/100 par|[from] ability: Hospitality|[of] p1a: Sinistcha\n|switch|p2a: Incineroar|Incineroar, F|100/100\n|-ability|p2a: Incineroar|Intimidate|boost\n|-unboost|p1a: Sinistcha|atk|1\n|-unboost|p1b: Moltres|atk|1\n|move|p2b: Cresselia|Thunder Wave|p1a: Sinistcha\n|-status|p1a: Sinistcha|par\n|move|p1b: Moltres|Nasty Plot|p1b: Moltres\n|-boost|p1b: Moltres|spa|2\n|\n|upkeep\n|turn|7\n|\n|t:|1771137844\n|move|p2b: Cresselia|Psychic|p1b: Moltres\n|-damage|p1b: Moltres|84/100 par\n|move|p2a: Incineroar|Snarl|p1b: Moltres|[spread] p1a,p1b\n|-supereffective|p1a: Sinistcha\n|-damage|p1a: Sinistcha|88/100 par\n|-damage|p1b: Moltres|78/100 par\n|-unboost|p1a: Sinistcha|spa|1\n|-unboost|p1b: Moltres|spa|1\n|move|p1b: Moltres|Air Slash|p2a: Incineroar\n|-damage|p2a: Incineroar|39/100\n|-enditem|p2a: Incineroar|Sitrus Berry|[eat]\n|-heal|p2a: Incineroar|64/100|[from] item: Sitrus Berry\n|move|p1a: Sinistcha|Trick Room|p1a: Sinistcha\n|-fieldstart|move: Trick Room|[of] p1a: Sinistcha\n|\n|upkeep\n|turn|8\n|\n|t:|1771137861\n|switch|p1a: Ursaluna|Ursaluna-Bloodmoon, M|100/100\n|move|p1b: Moltres|Air Slash|p2a: Incineroar\n|-damage|p2a: Incineroar|1/100\n|move|p2a: Incineroar|Snarl|p1b: Moltres|[spread] p1a,p1b\n|-damage|p1a: Ursaluna|96/100\n|-damage|p1b: Moltres|73/100 par\n|-unboost|p1a: Ursaluna|spa|1\n|-unboost|p1b: Moltres|spa|1\n|move|p2b: Cresselia|Lunar Blessing|p2b: Cresselia|[spread] p2a,p2b\n|-heal|p2a: Incineroar|26/100\n|-heal|p2b: Cresselia|38/100\n|\n|upkeep\n|turn|9\n|\n|t:|1771137878\n|move|p2b: Cresselia|Ally Switch|p2b: Cresselia\n|swap|p2b: Cresselia|0|[from] move: Ally Switch\n|move|p1a: Ursaluna|Hyper Voice|p2b: Incineroar|[spread] p2a,p2b\n|-damage|p2a: Cresselia|23/100\n|-damage|p2b: Incineroar|6/100\n|cant|p1b: Moltres|par\n|move|p2b: Incineroar|Snarl|p1a: Ursaluna|[spread] p1a,p1b\n|-damage|p1a: Ursaluna|90/100\n|-damage|p1b: Moltres|68/100 par\n|-unboost|p1a: Ursaluna|spa|1\n|-unboost|p1b: Moltres|spa|1\n|\n|-sideend|p1: xyyyyyz|move: Light Screen\n|upkeep\n|turn|10\n|\n|t:|1771137891\n|switch|p1a: Grimmsnarl|Grimmsnarl, M|54/100\n|move|p1b: Moltres|Fiery Wrath|p2a: Cresselia|[spread] p2a,p2b\n|-supereffective|p2a: Cresselia\n|-resisted|p2b: Incineroar\n|-damage|p2a: Cresselia|0 fnt\n|-damage|p2b: Incineroar|0 fnt\n|faint|p2a: Cresselia\n|faint|p2b: Incineroar\n|\n|-sideend|p1: xyyyyyz|Reflect\n|upkeep\n|\n|t:|1771137896\n|switch|p2b: Rillaboom|Rillaboom, M|100/100\n|switch|p2a: Ogerpon|Ogerpon-Hearthflame, F|100/100\n|-fieldstart|move: Grassy Terrain|[from] ability: Grassy Surge|[of] p2b: Rillaboom\n|-ability|p2a: Ogerpon|Mold Breaker\n|turn|11\n|\n|t:|1771137903\n|move|p2b: Rillaboom|Fake Out|p1b: Moltres\n|-damage|p1b: Moltres|56/100 par\n|move|p1a: Grimmsnarl|Reflect|p1a: Grimmsnarl\n|-sidestart|p1: xyyyyyz|Reflect\n|cant|p1b: Moltres|flinch\n|move|p2a: Ogerpon|Swords Dance|p2a: Ogerpon\n|-boost|p2a: Ogerpon|atk|2\n|\n|-heal|p1b: Moltres|63/100 par|[from] Grassy Terrain\n|-heal|p1a: Grimmsnarl|60/100|[from] Grassy Terrain\n|-fieldend|move: Trick Room\n|upkeep\n|turn|12\n|\n|t:|1771137916\n|-terastallize|p2a: Ogerpon|Fire\n|detailschange|p2a: Ogerpon|Ogerpon-Hearthflame-Tera, F, tera:Fire\n|-ability|p2a: Ogerpon|Embody Aspect (Hearthflame)|boost\n|-boost|p2a: Ogerpon|atk|1\n|move|p2a: Ogerpon|Grassy Glide|p1b: Moltres\n|-supereffective|p1b: Moltres\n|-damage|p1b: Moltres|0 fnt\n|faint|p1b: Moltres\n|move|p2b: Rillaboom|Grassy Glide|p1a: Grimmsnarl\n|-damage|p1a: Grimmsnarl|44/100\n|move|p1a: Grimmsnarl|Fake Tears|p2a: Ogerpon\n|-unboost|p2a: Ogerpon|spd|2\n|\n|-heal|p1a: Grimmsnarl|50/100|[from] Grassy Terrain\n|upkeep\n|\n|t:|1771137923\n|switch|p1b: Incineroar|Incineroar, M|100/100\n|-ability|p1b: Incineroar|Intimidate|boost\n|-unboost|p2a: Ogerpon|atk|1\n|-unboost|p2b: Rillaboom|atk|1\n|turn|13\n|\n|t:|1771137933\n|switch|p2b: Diancie|Diancie|70/100\n|switch|p1a: Sinistcha|Sinistcha|88/100 par\n|move|p2a: Ogerpon|Spiky Shield|p2a: Ogerpon\n|-singleturn|p2a: Ogerpon|move: Protect\n|move|p1b: Incineroar|Fake Out|p2a: Ogerpon\n|-activate|p2a: Ogerpon|move: Protect\n|-damage|p1b: Incineroar|88/100|[from] Spiky Shield|[of] p2a: Ogerpon\n|\n|-heal|p1b: Incineroar|94/100|[from] Grassy Terrain\n|-heal|p2b: Diancie|76/100|[from] Grassy Terrain\n|-heal|p2b: Diancie|83/100|[from] item: Leftovers\n|-heal|p1a: Sinistcha|94/100 par|[from] Grassy Terrain\n|upkeep\n|turn|14\n|\n|t:|1771137955\n|switch|p1a: Grimmsnarl|Grimmsnarl, M|50/100\n|move|p2a: Ogerpon|Ivy Cudgel|p1a: Grimmsnarl|[anim] Ivy Cudgel Fire\n|-damage|p1a: Grimmsnarl|0 fnt\n|faint|p1a: Grimmsnarl\n|move|p1b: Incineroar|Parting Shot|p2a: Ogerpon\n|-unboost|p2a: Ogerpon|atk|1\n|-unboost|p2a: Ogerpon|spa|1\n|\n|t:|1771137961\n|switch|p1b: Sinistcha|Sinistcha|94/100 par|[from] Parting Shot\n|move|p2b: Diancie|Diamond Storm|p1b: Sinistcha\n|-damage|p1b: Sinistcha|73/100 par\n|\n|-heal|p2b: Diancie|89/100|[from] Grassy Terrain\n|-heal|p2b: Diancie|95/100|[from] item: Leftovers\n|-heal|p1b: Sinistcha|79/100 par|[from] Grassy Terrain\n|upkeep\n|\n|t:|1771137962\n|switch|p1a: Incineroar|Incineroar, M|94/100\n|-ability|p1a: Incineroar|Intimidate|boost\n|-unboost|p2a: Ogerpon|atk|1\n|-fail|p2b: Diancie|unboost|[from] ability: Clear Body|[of] p2b: Diancie\n|turn|15\n|\n|t:|1771137971\n|move|p2a: Ogerpon|Spiky Shield|p2a: Ogerpon\n|-singleturn|p2a: Ogerpon|move: Protect\n|move|p1a: Incineroar|Fake Out|p2a: Ogerpon\n|-activate|p2a: Ogerpon|move: Protect\n|-damage|p1a: Incineroar|82/100|[from] Spiky Shield|[of] p2a: Ogerpon\n|move|p2b: Diancie|Diamond Storm|p1b: Sinistcha|[spread] p1a,p1b\n|-supereffective|p1a: Incineroar\n|-damage|p1a: Incineroar|53/100\n|-damage|p1b: Sinistcha|62/100 par\n|move|p1b: Sinistcha|Trick Room|p1b: Sinistcha\n|-fieldstart|move: Trick Room|[of] p1b: Sinistcha\n|\n|-heal|p1b: Sinistcha|68/100 par|[from] Grassy Terrain\n|-heal|p2b: Diancie|100/100|[from] Grassy Terrain\n|-heal|p1a: Incineroar|59/100|[from] Grassy Terrain\n|-fieldend|move: Grassy Terrain\n|upkeep\n|turn|16\n|\n|t:|1771137983\n|switch|p2a: Rillaboom|Rillaboom, M|100/100\n|-fieldstart|move: Grassy Terrain|[from] ability: Grassy Surge|[of] p2a: Rillaboom\n|cant|p1b: Sinistcha|par\n|move|p2b: Diancie|Diamond Storm|p1a: Incineroar|[spread] p1a,p1b\n|-supereffective|p1a: Incineroar\n|-damage|p1a: Incineroar|28/100\n|-damage|p1b: Sinistcha|51/100 par\n|-boost|p2b: Diancie|def|2\n|move|p1a: Incineroar|Parting Shot|p2a: Rillaboom\n|-unboost|p2a: Rillaboom|atk|1\n|-unboost|p2a: Rillaboom|spa|1\n|\n|t:|1771137986\n|switch|p1a: Ursaluna|Ursaluna-Bloodmoon, M|90/100|[from] Parting Shot\n|\n|-heal|p1b: Sinistcha|57/100 par|[from] Grassy Terrain\n|-heal|p1a: Ursaluna|96/100|[from] Grassy Terrain\n|upkeep\n|turn|17\n|\n|t:|1771137999\n|switch|p1b: Incineroar|Incineroar, M|28/100\n|-ability|p1b: Incineroar|Intimidate|boost\n|-unboost|p2a: Rillaboom|atk|1\n|-fail|p2b: Diancie|unboost|[from] ability: Clear Body|[of] p2b: Diancie\n|move|p2a: Rillaboom|Fake Out|p1a: Ursaluna\n|-damage|p1a: Ursaluna|94/100\n|cant|p1a: Ursaluna|flinch\n|move|p2b: Diancie|Diamond Storm|p1a: Ursaluna|[spread] p1a,p1b\n|-resisted|p1a: Ursaluna\n|-supereffective|p1b: Incineroar\n|-damage|p1a: Ursaluna|88/100\n|-damage|p1b: Incineroar|0 fnt\n|faint|p1b: Incineroar\n|\n|-heal|p1a: Ursaluna|94/100|[from] Grassy Terrain\n|upkeep\n|\n|t:|1771138008\n|switch|p1b: Sinistcha|Sinistcha|57/100 par\n|-heal|p1a: Ursaluna|100/100|[from] ability: Hospitality|[of] p1b: Sinistcha\n|turn|18\n|\n|t:|1771138017\n|move|p2a: Rillaboom|Grassy Glide|p1a: Ursaluna\n|-supereffective|p1a: Ursaluna\n|-damage|p1a: Ursaluna|85/100\n|move|p1b: Sinistcha|Matcha Gotcha|p2a: Rillaboom|[spread] p2a\n|-miss|p1b: Sinistcha|p2b: Diancie\n|-resisted|p2a: Rillaboom\n|-damage|p2a: Rillaboom|92/100\n|-heal|p1b: Sinistcha|62/100 par|[from] drain|[of] p2a: Rillaboom\n|-status|p2a: Rillaboom|brn\n|move|p1a: Ursaluna|Blood Moon|p2a: Rillaboom\n|-damage|p2a: Rillaboom|51/100 brn\n|move|p2b: Diancie|Body Press|p1a: Ursaluna\n|-supereffective|p1a: Ursaluna\n|-damage|p1a: Ursaluna|42/100\n|\n|-heal|p1b: Sinistcha|68/100 par|[from] Grassy Terrain\n|-heal|p1a: Ursaluna|48/100|[from] Grassy Terrain\n|-heal|p2a: Rillaboom|58/100 brn|[from] Grassy Terrain\n|-damage|p2a: Rillaboom|51/100 brn|[from] brn\n|-sideend|p1: xyyyyyz|Reflect\n|upkeep\n|turn|19\n|\n|t:|1771138040\n|move|p1b: Sinistcha|Life Dew|p1b: Sinistcha|[spread] p1a,p1b\n|-heal|p1a: Ursaluna|73/100\n|-heal|p1b: Sinistcha|93/100 par\n|move|p1a: Ursaluna|Earth Power|p2b: Diancie\n|-supereffective|p2b: Diancie\n|-damage|p2b: Diancie|39/100\n|move|p2b: Diancie|Body Press|p1a: Ursaluna\n|-supereffective|p1a: Ursaluna\n|-damage|p1a: Ursaluna|2/100\n|move|p2a: Rillaboom|U-turn|p1b: Sinistcha\n|-damage|p1b: Sinistcha|88/100 par\n|\n|t:|1771138048\n|switch|p2a: Ogerpon|Ogerpon-Hearthflame-Tera, F, tera:Fire|100/100|[from] U-turn\n|-ability|p2a: Ogerpon|Embody Aspect (Hearthflame)|boost\n|-boost|p2a: Ogerpon|atk|1\n|\n|-heal|p1b: Sinistcha|94/100 par|[from] Grassy Terrain\n|-heal|p1a: Ursaluna|8/100|[from] Grassy Terrain\n|-heal|p2b: Diancie|45/100|[from] Grassy Terrain\n|-heal|p2b: Diancie|51/100|[from] item: Leftovers\n|-fieldend|move: Trick Room\n|upkeep\n|turn|20\n|\n|t:|1771138060\n|move|p2a: Ogerpon|Spiky Shield|p2a: Ogerpon\n|-singleturn|p2a: Ogerpon|move: Protect\n|move|p2b: Diancie|Body Press|p1a: Ursaluna\n|-supereffective|p1a: Ursaluna\n|-damage|p1a: Ursaluna|0 fnt\n|faint|p1a: Ursaluna\n|move|p1b: Sinistcha|Trick Room|p1b: Sinistcha\n|-fieldstart|move: Trick Room|[of] p1b: Sinistcha\n|\n|-heal|p1b: Sinistcha|100/100 par|[from] Grassy Terrain\n|-heal|p2b: Diancie|57/100|[from] Grassy Terrain\n|-heal|p2b: Diancie|64/100|[from] item: Leftovers\n|-fieldend|move: Grassy Terrain\n|upkeep\n|turn|21\n|-message|xyyyyyz forfeited.\n|\n|win|nesrook\n|raw|xyyyyyz's rating: 1627 &rarr; <strong>1610</strong><br />(-17 for losing)\n|raw|nesrook's rating: 1674 &rarr; <strong>1691</strong><br />(+17 for winning)\n|l|☆xyyyyyz\n|player|p1|\n|l|☆nesrook\n|player|p2|\n", "uploadtime": 1771138485, "views": 16, "formatid": "gen9doublesou", "rating": 1610, "private": 0, "password": null}