{"id": "gen9doublesou-2540469998", "format": "[Gen 9] Doubles OU", "players": ["Ralsei Hatty", "freezingfrostblizz"], "log": "|j|☆Ralsei Hatty\n|j|☆freezingfrostblizz\n|t:|1771205984\n|gametype|doubles\n|player|p1|Ralsei Hatty|bea-masters|1661\n|player|p2|freezingfrostblizz|candice|1568\n|gen|9\n|tier|[Gen 9] Doubles OU\n|rated|\n|rule|HP Percentage Mod: HP is shown in percentages\n|rule|Endless Battle Clause: Forcing endless battles is banned\n|rule|Species Clause: Limit one of each Pokémon\n|rule|OHKO Clause: OHKO moves are banned\n|rule|Evasion Moves Clause: Evasion moves are banned\n|rule|Gravity Sleep Clause: The combination of sleep-inducing moves with imperfect accuracy and Gravity or Gigantamax Orbeetle are banned\n|rule|Evasion Abilities Clause: Evasion abilities are banned\n|clearpoke\n|poke|p1|Sylveon, F|\n|poke|p1|Ogerpon-Wellspring, F|\n|poke|p1|Farigiraf, F|\n|poke|p1|Landorus, M|\n|poke|p1|Roaring Moon|\n|poke|p1|Incineroar, M|\n|poke|p2|Iron Bundle|\n|poke|p2|Baxcalibur, M|\n|poke|p2|Articuno|\n|poke|p2|Avalugg-Hisui, F|\n|poke|p2|Suicune|\n|poke|p2|Ninetales-Alola, F|\n|teampreview\n|inactive|Battle timer is ON: inactive players will automatically lose when time's up. (requested by Ralsei Hatty)\n|c|☆Ralsei Hatty|Theres an imposter among us\n|c|☆Ralsei Hatty|Suicune thinking hes on the team\n|inactive|Ralsei Hatty has 120 seconds left.\n|inactive|freezingfrostblizz has 120 seconds left.\n|c|☆freezingfrostblizz|hes still a cold wintery pokemon\n|j| inakunana\n|c|☆freezingfrostblizz|so it kinda counts lol\n|c|☆Ralsei Hatty|Not an ice type so hes not that cool\n|\n|t:|1771206043\n|teamsize|p1|6\n|teamsize|p2|6\n|start\n|switch|p1a: Beto Cachos|Incineroar, M|100/100\n|switch|p1b: Eu|Sylveon, F, shiny|100/100\n|switch|p2a: Baxcalibur|Baxcalibur, M|100/100\n|switch|p2b: Ninetales|Ninetales-Alola, F|100/100\n|-weather|Snowscape|[from] ability: Snow Warning|[of] p2b: Ninetales\n|-ability|p1a: Beto Cachos|Intimidate|boost\n|-fail|p2a: Baxcalibur|unboost|[from] item: Clear Amulet|[of] p2a: Baxcalibur\n|-unboost|p2b: Ninetales|atk|1\n|turn|1\n|c|☆freezingfrostblizz|hahaha\n|inactive|freezingfrostblizz has 120 seconds left.\n|\n|t:|1771206078\n|move|p2b: Ninetales|Helping Hand|p2a: Baxcalibur\n|-singleturn|p2a: Baxcalibur|Helping Hand|[of] p2b: Ninetales\n|move|p1a: Beto Cachos|Fake Out|p2b: Ninetales\n|-damage|p2b: Ninetales|87/100\n|move|p2a: Baxcalibur|Iron Head|p1b: Eu\n|-supereffective|p1b: Eu\n|-damage|p1b: Eu|0 fnt\n|faint|p1b: Eu\n|\n|-weather|Snowscape|[upkeep]\n|upkeep\n|inactive|Ralsei Hatty has 120 seconds left.\n|\n|t:|1771206115\n|switch|p1b: Naoki|Roaring Moon|100/100\n|-enditem|p1b: Naoki|Booster Energy\n|-activate|p1b: Naoki|ability: Protosynthesis|[fromitem]\n|-start|p1b: Naoki|protosynthesisspe\n|turn|2\n|\n|t:|1771206135\n|-terastallize|p2a: Baxcalibur|Fire\n|move|p1b: Naoki|Protect|p1b: Naoki\n|-singleturn|p1b: Naoki|Protect\n|move|p2b: Ninetales|Aurora Veil|p2b: Ninetales\n|-sidestart|p2: freezingfrostblizz|move: Aurora Veil\n|move|p2a: Baxcalibur|Glaive Rush|p1b: Naoki\n|-activate|p1b: Naoki|move: Protect\n|move|p1a: Beto Cachos|Knock Off|p2a: Baxcalibur\n|-damage|p2a: Baxcalibur|77/100\n|-enditem|p2a: Baxcalibur|Clear Amulet|[from] move: Knock Off|[of] p1a: Beto Cachos\n|\n|-weather|Snowscape|[upkeep]\n|upkeep\n|turn|3\n|\n|t:|1771206156\n|move|p1b: Naoki|Breaking Swipe|p2a: Baxcalibur|[spread] p2a\n|-immune|p2b: Ninetales\n|-damage|p2a: Baxcalibur|62/100\n|-unboost|p2a: Baxcalibur|atk|1\n|move|p2b: Ninetales|Blizzard|p1a: Beto Cachos|[spread] p1a,p1b\n|-resisted|p1a: Beto Cachos\n|-supereffective|p1b: Naoki\n|-damage|p1a: Beto Cachos|91/100\n|-damage|p1b: Naoki|40/100\n|move|p2a: Baxcalibur|Glaive Rush|p1a: Beto Cachos\n|-damage|p1a: Beto Cachos|52/100\n|-singlemove|p2a: Baxcalibur|Glaive Rush|[silent]\n|move|p1a: Beto Cachos|Flare Blitz|p2b: Ninetales\n|-supereffective|p2b: Ninetales\n|-damage|p2b: Ninetales|12/100\n|-damage|p1a: Beto Cachos|33/100|[from] Recoil\n|\n|-weather|Snowscape|[upkeep]\n|upkeep\n|turn|4\n|\n|t:|1771206175\n|move|p1b: Naoki|Tailwind|p1b: Naoki\n|-sidestart|p1: Ralsei Hatty|move: Tailwind\n|move|p1a: Beto Cachos|Flare Blitz|p2b: Ninetales\n|-supereffective|p2b: Ninetales\n|-damage|p2b: Ninetales|0 fnt\n|faint|p2b: Ninetales\n|-damage|p1a: Beto Cachos|30/100|[from] Recoil\n|move|p2a: Baxcalibur|Dragon Dance|p2a: Baxcalibur\n|-boost|p2a: Baxcalibur|atk|1\n|-boost|p2a: Baxcalibur|spe|1\n|\n|-weather|Snowscape|[upkeep]\n|upkeep\n|\n|t:|1771206188\n|switch|p2b: Suicune|Suicune, shiny|100/100\n|-ability|p2b: Suicune|Pressure\n|turn|5\n|\n|t:|1771206195\n|move|p2a: Baxcalibur|Ice Shard|p1b: Naoki\n|-supereffective|p1b: Naoki\n|-crit|p1b: Naoki\n|-damage|p1b: Naoki|0 fnt\n|faint|p1b: Naoki\n|-end|p1b: Naoki|Protosynthesis|[silent]\n|move|p1a: Beto Cachos|Knock Off|p2b: Suicune\n|-damage|p2b: Suicune|75/100\n|-enditem|p2b: Suicune|Leftovers|[from] move: Knock Off|[of] p1a: Beto Cachos\n|move|p2b: Suicune|Scald|p1a: Beto Cachos\n|-supereffective|p1a: Beto Cachos\n|-damage|p1a: Beto Cachos|0 fnt\n|faint|p1a: Beto Cachos\n|\n|-weather|none\n|upkeep\n|\n|t:|1771206199\n|switch|p1b: Notlena|Farigiraf, F, shiny|100/100\n|switch|p1a: Cartulo|Landorus, M|100/100\n|turn|6\n|\n|t:|1771206212\n|switch|p2a: Articuno|Articuno, shiny|100/100\n|-ability|p2a: Articuno|Pressure\n|move|p1b: Notlena|Helping Hand|p1a: Cartulo\n|-singleturn|p1a: Cartulo|Helping Hand|[of] p1b: Notlena\n|move|p1a: Cartulo|Sandsear Storm|p2a: Articuno|[spread] \n|-immune|p2a: Articuno\n|-miss|p1a: Cartulo|p2b: Suicune\n|move|p2b: Suicune|Ice Beam|p1a: Cartulo\n|-supereffective|p1a: Cartulo\n|-damage|p1a: Cartulo|0 fnt\n|faint|p1a: Cartulo\n|\n|upkeep\n|-message|Ralsei Hatty forfeited.\n|\n|win|freezingfrostblizz\n|raw|Ralsei Hatty's rating: 1661 &rarr; <strong>1636</strong><br />(-25 for losing)\n|raw|freezingfrostblizz's rating: 1568 &rarr; <strong>1593</strong><br />(+25 for winning)\n|l|☆Ralsei Hatty\n|player|p1|\n|l| inakunana\n", "uploadtime": 1771206588, "views": 14, "formatid": "gen9doublesou", "rating": 1593, "private": 0, "password": null}