{"id": "gen9doublesou-2540655790", "format": "[Gen 9] Doubles OU", "players": ["vabrice", "morolltach"], "log": "|j|☆vabrice\n|j|‽morolltach\n|t:|1771235091\n|gametype|doubles\n|player|p1|vabrice|tate|1578\n|player|p2|morolltach|101|1578\n|gen|9\n|tier|[Gen 9] Doubles OU\n|rated|\n|rule|HP Percentage Mod: HP is shown in percentages\n|rule|Endless Battle Clause: Forcing endless battles is banned\n|rule|Species Clause: Limit one of each Pokémon\n|rule|OHKO Clause: OHKO moves are banned\n|rule|Evasion Moves Clause: Evasion moves are banned\n|rule|Gravity Sleep Clause: The combination of sleep-inducing moves with imperfect accuracy and Gravity or Gigantamax Orbeetle are banned\n|rule|Evasion Abilities Clause: Evasion abilities are banned\n|clearpoke\n|poke|p1|Farigiraf, M|\n|poke|p1|Hatterene, F|\n|poke|p1|Incineroar, F|\n|poke|p1|Iron Hands|\n|poke|p1|Indeedee-F, F|\n|poke|p1|Diancie|\n|poke|p2|Mew|\n|poke|p2|Dragonite, F|\n|poke|p2|Chien-Pao|\n|poke|p2|Okidogi, M|\n|poke|p2|Gholdengo|\n|poke|p2|Ogerpon-Wellspring, F|\n|teampreview\n|inactive|Battle timer is ON: inactive players will automatically lose when time's up. (requested by vabrice)\n|\n|t:|1771235122\n|teamsize|p1|6\n|teamsize|p2|6\n|start\n|switch|p1a: Farigiraf|Farigiraf, M|100/100\n|switch|p1b: Incineroar|Incineroar, F|100/100\n|switch|p2a: Gholdengo|Gholdengo|100/100\n|switch|p2b: Chien-Pao|Chien-Pao|100/100\n|-ability|p2b: Chien-Pao|Sword of Ruin\n|-ability|p1b: Incineroar|Intimidate|boost\n|-unboost|p2a: Gholdengo|atk|1\n|-unboost|p2b: Chien-Pao|atk|1\n|turn|1\n|inactive|morolltach has 120 seconds left.\n|\n|t:|1771235155\n|switch|p2a: Ogerpon|Ogerpon-Wellspring, F|100/100\n|move|p1b: Incineroar|Fake Out|p2b: Chien-Pao\n|-damage|p2b: Chien-Pao|86/100\n|cant|p2b: Chien-Pao|flinch\n|move|p1a: Farigiraf|Trick Room|p1a: Farigiraf\n|-fieldstart|move: Trick Room|[of] p1a: Farigiraf\n|\n|upkeep\n|turn|2\n|\n|t:|1771235171\n|switch|p1a: Diancie|Diancie|100/100\n|switch|p2b: Gholdengo|Gholdengo|100/100\n|move|p2a: Ogerpon|Spiky Shield|p2a: Ogerpon\n|-singleturn|p2a: Ogerpon|move: Protect\n|move|p1b: Incineroar|Parting Shot|p2a: Ogerpon\n|-activate|p2a: Ogerpon|move: Protect\n|\n|upkeep\n|turn|3\n|\n|t:|1771235190\n|-terastallize|p1a: Diancie|Steel\n|move|p1a: Diancie|Earth Power|p2b: Gholdengo\n|-supereffective|p2b: Gholdengo\n|-damage|p2b: Gholdengo|47/100\n|move|p1b: Incineroar|Knock Off|p2b: Gholdengo\n|-supereffective|p2b: Gholdengo\n|-damage|p2b: Gholdengo|0 fnt\n|-enditem|p2b: Gholdengo|Leftovers|[from] move: Knock Off|[of] p1b: Incineroar\n|faint|p2b: Gholdengo\n|move|p2a: Ogerpon|Ivy Cudgel|p1b: Incineroar|[anim] Ivy Cudgel Water\n|-supereffective|p1b: Incineroar\n|-damage|p1b: Incineroar|0 fnt\n|faint|p1b: Incineroar\n|\n|upkeep\n|inactive|morolltach has 120 seconds left.\n|\n|t:|1771235216\n|switch|p1b: Hatterene|Hatterene, F, shiny|100/100\n|switch|p2b: Mew|Mew|100/100\n|turn|4\n|\n|t:|1771235225\n|move|p2a: Ogerpon|Spiky Shield|p2a: Ogerpon\n|-singleturn|p2a: Ogerpon|move: Protect\n|move|p1b: Hatterene|Dazzling Gleam|p2b: Mew|[spread] p2b\n|-activate|p2a: Ogerpon|move: Protect\n|-damage|p2b: Mew|59/100\n|move|p1a: Diancie|Diamond Storm|p2b: Mew|[spread] p2b\n|-activate|p2a: Ogerpon|move: Protect\n|-damage|p2b: Mew|37/100\n|-boost|p1a: Diancie|def|2\n|move|p2b: Mew|Coaching|p2a: Ogerpon\n|-boost|p2a: Ogerpon|atk|1\n|-boost|p2a: Ogerpon|def|1\n|\n|upkeep\n|turn|5\n|\n|t:|1771235245\n|-terastallize|p2a: Ogerpon|Water\n|detailschange|p2a: Ogerpon|Ogerpon-Wellspring-Tera, F, tera:Water\n|-ability|p2a: Ogerpon|Embody Aspect (Wellspring)|boost\n|-boost|p2a: Ogerpon|spd|1\n|move|p1b: Hatterene|Dazzling Gleam|p2b: Mew|[spread] p2a,p2b\n|-damage|p2a: Ogerpon|64/100\n|-damage|p2b: Mew|0 fnt\n|faint|p2b: Mew\n|move|p1a: Diancie|Diamond Storm|p2a: Ogerpon\n|-damage|p2a: Ogerpon|38/100\n|move|p2a: Ogerpon|Ivy Cudgel|p1a: Diancie|[anim] Ivy Cudgel Water\n|-crit|p1a: Diancie\n|-damage|p1a: Diancie|0 fnt\n|faint|p1a: Diancie\n|\n|-fieldend|move: Trick Room\n|upkeep\n|inactive|morolltach has 120 seconds left.\n|\n|t:|1771235272\n|switch|p2b: Okidogi|Okidogi, M|100/100\n|switch|p1a: Indeedee|Indeedee-F, F|100/100\n|-fieldstart|move: Psychic Terrain|[from] ability: Psychic Surge|[of] p1a: Indeedee\n|turn|6\n|inactive|morolltach has 120 seconds left.\n|\n|t:|1771235302\n|switch|p1b: Iron Hands|Iron Hands|100/100\n|-enditem|p1b: Iron Hands|Booster Energy\n|-activate|p1b: Iron Hands|ability: Quark Drive|[fromitem]\n|-start|p1b: Iron Hands|quarkdriveatk\n|move|p2a: Ogerpon|Ivy Cudgel|p1b: Iron Hands|[anim] Ivy Cudgel Water\n|-damage|p1b: Iron Hands|36/100\n|move|p2b: Okidogi|Knock Off|p1a: Indeedee\n|-supereffective|p1a: Indeedee\n|-damage|p1a: Indeedee|37/100\n|-enditem|p1a: Indeedee|Light Clay|[from] move: Knock Off|[of] p2b: Okidogi\n|move|p1a: Indeedee|Trick Room|p1a: Indeedee\n|-fieldstart|move: Trick Room|[of] p1a: Indeedee\n|\n|upkeep\n|turn|7\n|inactive|morolltach has 120 seconds left.\n|\n|t:|1771235319\n|switch|p2b: Chien-Pao|Chien-Pao|86/100\n|-ability|p2b: Chien-Pao|Sword of Ruin\n|move|p2a: Ogerpon|Spiky Shield|p2a: Ogerpon\n|-singleturn|p2a: Ogerpon|move: Protect\n|move|p1b: Iron Hands|Thunder Punch|p2a: Ogerpon\n|-activate|p2a: Ogerpon|move: Protect\n|-damage|p1b: Iron Hands|24/100|[from] Spiky Shield|[of] p2a: Ogerpon\n|move|p1a: Indeedee|Reflect|p1a: Indeedee\n|-sidestart|p1: vabrice|Reflect\n|\n|upkeep\n|turn|8\n|inactive|morolltach has 120 seconds left.\n|\n|t:|1771235344\n|switch|p1a: Hatterene|Hatterene, F, shiny|100/100\n|switch|p2a: Okidogi|Okidogi, M|100/100\n|move|p2b: Chien-Pao|Protect|p2b: Chien-Pao\n|-singleturn|p2b: Chien-Pao|Protect\n|move|p1b: Iron Hands|Thunder Punch|p2a: Okidogi\n|-damage|p2a: Okidogi|42/100\n|\n|upkeep\n|turn|9\n|\n|t:|1771235367\n|switch|p2b: Dragonite|Dragonite, F|100/100\n|move|p2a: Okidogi|Protect|p2a: Okidogi\n|-singleturn|p2a: Okidogi|Protect\n|move|p1a: Hatterene|Dazzling Gleam|p2b: Dragonite|[spread] p2b\n|-activate|p2a: Okidogi|move: Protect\n|-supereffective|p2b: Dragonite\n|-damage|p2b: Dragonite|47/100\n|move|p1b: Iron Hands|Drain Punch|p2b: Dragonite\n|-resisted|p2b: Dragonite\n|-damage|p2b: Dragonite|15/100\n|-heal|p1b: Iron Hands|34/100|[from] drain|[of] p2b: Dragonite\n|\n|upkeep\n|turn|10\n|\n|t:|1771235389\n|-end|p1b: Iron Hands|Quark Drive|[silent]\n|switch|p1b: Farigiraf|Farigiraf, M|100/100\n|move|p2b: Dragonite|Protect|p2b: Dragonite\n|-singleturn|p2b: Dragonite|Protect\n|move|p1a: Hatterene|Dazzling Gleam|p2b: Dragonite|[spread] p2a\n|-activate|p2b: Dragonite|move: Protect\n|-damage|p2a: Okidogi|0 fnt\n|faint|p2a: Okidogi\n|\n|-fieldend|move: Trick Room\n|-fieldend|move: Psychic Terrain\n|upkeep\n|inactive|morolltach has 120 seconds left.\n|\n|t:|1771235406\n|switch|p2a: Ogerpon|Ogerpon-Wellspring-Tera, F, tera:Water|38/100\n|-ability|p2a: Ogerpon|Embody Aspect (Wellspring)|boost\n|-boost|p2a: Ogerpon|spd|1\n|turn|11\n|\n|t:|1771235423\n|move|p2a: Ogerpon|Ivy Cudgel|p1a: Hatterene|[anim] Ivy Cudgel Water\n|-damage|p1a: Hatterene|48/100\n|move|p1a: Hatterene|Dazzling Gleam|p2a: Ogerpon|[spread] p2a,p2b\n|-supereffective|p2b: Dragonite\n|-damage|p2a: Ogerpon|1/100\n|-damage|p2b: Dragonite|0 fnt\n|faint|p2b: Dragonite\n|move|p1b: Farigiraf|Trick Room|p1b: Farigiraf\n|-fieldstart|move: Trick Room|[of] p1b: Farigiraf\n|\n|-sideend|p1: vabrice|Reflect\n|upkeep\n|\n|t:|1771235431\n|switch|p2b: Chien-Pao|Chien-Pao|86/100\n|-ability|p2b: Chien-Pao|Sword of Ruin\n|turn|12\n|\n|t:|1771235446\n|move|p1a: Hatterene|Dazzling Gleam|p2a: Ogerpon|[spread] p2a,p2b\n|-supereffective|p2b: Chien-Pao\n|-damage|p2a: Ogerpon|0 fnt\n|-damage|p2b: Chien-Pao|0 fnt\n|faint|p2a: Ogerpon\n|detailschange|p2: Ogerpon|Ogerpon-Wellspring, F|[silent]\n|faint|p2b: Chien-Pao\n|\n|win|vabrice\n|raw|vabrice's rating: 1578 &rarr; <strong>1598</strong><br />(+20 for winning)\n|raw|morolltach's rating: 1578 &rarr; <strong>1558</strong><br />(-20 for losing)\n|l|☆vabrice\n|player|p1|\n|l|‽morolltach\n|player|p2|\n", "uploadtime": 1771235816, "views": 12, "formatid": "gen9doublesou", "rating": 1558, "private": 0, "password": null}