{"id": "gen9doublesou-2540880217", "format": "[Gen 9] Doubles OU", "players": ["AwesomeBD1909", "Natana6l"], "log": "|j|☆AwesomeBD1909\n|j|☆Natana6l\n|t:|1771263385\n|gametype|doubles\n|player|p1|AwesomeBD1909|n|1607\n|player|p2|Natana6l|flannery|1526\n|gen|9\n|tier|[Gen 9] Doubles OU\n|rated|\n|rule|HP Percentage Mod: HP is shown in percentages\n|rule|Endless Battle Clause: Forcing endless battles is banned\n|rule|Species Clause: Limit one of each Pokémon\n|rule|OHKO Clause: OHKO moves are banned\n|rule|Evasion Moves Clause: Evasion moves are banned\n|rule|Gravity Sleep Clause: The combination of sleep-inducing moves with imperfect accuracy and Gravity or Gigantamax Orbeetle are banned\n|rule|Evasion Abilities Clause: Evasion abilities are banned\n|clearpoke\n|poke|p1|Ting-Lu|\n|poke|p1|Glimmora, F|\n|poke|p1|Dragonite, F|\n|poke|p1|Gouging Fire|\n|poke|p1|Ogerpon-Wellspring, F|\n|poke|p1|Chien-Pao|\n|poke|p2|Latios, M|\n|poke|p2|Sneasler, F|\n|poke|p2|Cinderace, F|\n|poke|p2|Serperior, F|\n|poke|p2|Tyranitar, M|\n|poke|p2|Dragapult, M|\n|teampreview\n|inactive|Battle timer is ON: inactive players will automatically lose when time's up. (requested by Natana6l)\n|inactive|AwesomeBD1909 also wants the timer to be on.\n|\n|t:|1771263400\n|teamsize|p1|6\n|teamsize|p2|6\n|start\n|switch|p1a: Glimmora|Glimmora, F|100/100\n|switch|p1b: Ting-Lu|Ting-Lu|100/100\n|switch|p2a: Sneasler|Sneasler, F, shiny|100/100\n|switch|p2b: Latios|Latios, M|100/100\n|-ability|p1b: Ting-Lu|Vessel of Ruin\n|turn|1\n|\n|t:|1771263415\n|move|p2a: Sneasler|Fake Out|p1b: Ting-Lu\n|-damage|p1b: Ting-Lu|91/100\n|-damage|p2a: Sneasler|91/100|[from] item: Life Orb\n|move|p2b: Latios|Luster Purge|p1a: Glimmora\n|-supereffective|p1a: Glimmora\n|-enditem|p1a: Glimmora|Focus Sash\n|-damage|p1a: Glimmora|1/100\n|move|p1a: Glimmora|Stealth Rock|p2b: Latios\n|-sidestart|p2: Natana6l|move: Stealth Rock\n|cant|p1b: Ting-Lu|flinch\n|\n|-heal|p1b: Ting-Lu|97/100|[from] item: Leftovers\n|upkeep\n|turn|2\n|\n|t:|1771263433\n|move|p1a: Glimmora|Spiky Shield|p1a: Glimmora\n|-singleturn|p1a: Glimmora|move: Protect\n|move|p2a: Sneasler|U-turn|p1b: Ting-Lu\n|-supereffective|p1b: Ting-Lu\n|-damage|p1b: Ting-Lu|64/100\n|-damage|p2a: Sneasler|81/100|[from] item: Life Orb\n|\n|t:|1771263439\n|switch|p2a: Serperior|Serperior, F|100/100|[from] U-turn\n|-damage|p2a: Serperior|88/100|[from] Stealth Rock\n|move|p2b: Latios|Luster Purge|p1a: Glimmora\n|-activate|p1a: Glimmora|move: Protect\n|move|p1b: Ting-Lu|Stomping Tantrum|p2a: Serperior\n|-resisted|p2a: Serperior\n|-damage|p2a: Serperior|55/100\n|\n|-heal|p1b: Ting-Lu|71/100|[from] item: Leftovers\n|upkeep\n|turn|3\n|\n|t:|1771263453\n|move|p2b: Latios|Luster Purge|p1a: Glimmora\n|-supereffective|p1a: Glimmora\n|-damage|p1a: Glimmora|0 fnt\n|faint|p1a: Glimmora\n|move|p2a: Serperior|Leaf Storm|p1b: Ting-Lu\n|-supereffective|p1b: Ting-Lu\n|-damage|p1b: Ting-Lu|19/100\n|-boost|p2a: Serperior|spa|2\n|move|p1b: Ting-Lu|Throat Chop|p2b: Latios\n|-supereffective|p2b: Latios\n|-damage|p2b: Latios|7/100\n|-start|p2b: Latios|Throat Chop|[silent]\n|\n|-heal|p1b: Ting-Lu|25/100|[from] item: Leftovers\n|upkeep\n|\n|t:|1771263468\n|switch|p1a: Chien-Pao|Chien-Pao|100/100\n|-ability|p1a: Chien-Pao|Sword of Ruin\n|turn|4\n|\n|t:|1771263477\n|move|p2b: Latios|Ally Switch|p2b: Latios\n|swap|p2b: Latios|0|[from] move: Ally Switch\n|move|p1a: Chien-Pao|Ice Spinner|p2a: Latios\n|-supereffective|p2a: Latios\n|-damage|p2a: Latios|0 fnt\n|faint|p2a: Latios\n|move|p2b: Serperior|Leaf Storm|p1a: Chien-Pao\n|-enditem|p1a: Chien-Pao|Focus Sash\n|-damage|p1a: Chien-Pao|1/100\n|-boost|p2b: Serperior|spa|2\n|move|p1b: Ting-Lu|Whirlwind|p2b: Serperior\n|drag|p2b: Sneasler|Sneasler, F, shiny|81/100\n|-damage|p2b: Sneasler|75/100|[from] Stealth Rock\n|\n|-heal|p1b: Ting-Lu|31/100|[from] item: Leftovers\n|upkeep\n|\n|t:|1771263493\n|switch|p2a: Serperior|Serperior, F|55/100\n|-damage|p2a: Serperior|43/100|[from] Stealth Rock\n|-enditem|p2a: Serperior|Sitrus Berry|[eat]\n|-heal|p2a: Serperior|68/100|[from] item: Sitrus Berry\n|turn|5\n|\n|t:|1771263507\n|move|p1a: Chien-Pao|Protect|p1a: Chien-Pao\n|-singleturn|p1a: Chien-Pao|Protect\n|move|p2b: Sneasler|Fake Out|p1a: Chien-Pao\n|-activate|p1a: Chien-Pao|move: Protect\n|move|p2a: Serperior|Leaf Storm|p1b: Ting-Lu\n|-supereffective|p1b: Ting-Lu\n|-damage|p1b: Ting-Lu|0 fnt\n|-boost|p2a: Serperior|spa|2\n|faint|p1b: Ting-Lu\n|\n|upkeep\n|\n|t:|1771263516\n|switch|p1b: Dragonite|Dragonite, F|100/100\n|turn|6\n|\n|t:|1771263533\n|switch|p2a: Tyranitar|Tyranitar, M|100/100\n|-damage|p2a: Tyranitar|88/100|[from] Stealth Rock\n|-weather|Sandstorm|[from] ability: Sand Stream|[of] p2a: Tyranitar\n|-terastallize|p1b: Dragonite|Normal\n|move|p1b: Dragonite|Extreme Speed|p2b: Sneasler\n|-damage|p2b: Sneasler|0 fnt\n|faint|p2b: Sneasler\n|move|p1a: Chien-Pao|Ice Spinner|p2a: Tyranitar\n|-damage|p2a: Tyranitar|47/100\n|\n|-weather|Sandstorm|[upkeep]\n|-damage|p1a: Chien-Pao|0 fnt|[from] Sandstorm\n|-damage|p1b: Dragonite|94/100|[from] Sandstorm\n|faint|p1a: Chien-Pao\n|upkeep\n|\n|t:|1771263555\n|switch|p1a: Gouging Fire|Gouging Fire|100/100\n|switch|p2b: Cinderace|Cinderace, F|100/100\n|-damage|p2b: Cinderace|76/100|[from] Stealth Rock\n|-enditem|p1a: Gouging Fire|Booster Energy\n|-activate|p1a: Gouging Fire|ability: Protosynthesis|[fromitem]\n|-start|p1a: Gouging Fire|protosynthesisspe\n|turn|7\n|\n|t:|1771263564\n|move|p1b: Dragonite|Extreme Speed|p2b: Cinderace\n|-damage|p2b: Cinderace|0 fnt\n|faint|p2b: Cinderace\n|move|p1a: Gouging Fire|Howl|p1a: Gouging Fire|[spread] p1a,p1b\n|-boost|p1a: Gouging Fire|atk|1\n|-boost|p1b: Dragonite|atk|1\n|move|p2a: Tyranitar|Rock Slide|p1b: Dragonite|[spread] p1a,p1b\n|-supereffective|p1a: Gouging Fire\n|-damage|p1a: Gouging Fire|45/100\n|-damage|p1b: Dragonite|63/100\n|\n|-weather|Sandstorm|[upkeep]\n|-damage|p1a: Gouging Fire|39/100|[from] Sandstorm\n|-damage|p1b: Dragonite|57/100|[from] Sandstorm\n|upkeep\n|\n|t:|1771263571\n|switch|p2b: Dragapult|Dragapult, M, shiny|100/100\n|-damage|p2b: Dragapult|88/100|[from] Stealth Rock\n|turn|8\n|\n|t:|1771263582\n|-terastallize|p2b: Dragapult|Steel\n|move|p1b: Dragonite|Extreme Speed|p2a: Tyranitar\n|-resisted|p2a: Tyranitar\n|-damage|p2a: Tyranitar|6/100\n|move|p1a: Gouging Fire|Breaking Swipe|p2b: Dragapult|[spread] p2a,p2b\n|-resisted|p2b: Dragapult\n|-damage|p2a: Tyranitar|0 fnt\n|-damage|p2b: Dragapult|71/100\n|faint|p2a: Tyranitar\n|move|p2b: Dragapult|Dragon Dance|p2b: Dragapult\n|-boost|p2b: Dragapult|atk|1\n|-boost|p2b: Dragapult|spe|1\n|\n|-weather|Sandstorm|[upkeep]\n|-damage|p1a: Gouging Fire|33/100|[from] Sandstorm\n|-damage|p1b: Dragonite|51/100|[from] Sandstorm\n|upkeep\n|\n|t:|1771263591\n|switch|p2a: Serperior|Serperior, F|68/100\n|-damage|p2a: Serperior|55/100|[from] Stealth Rock\n|turn|9\n|\n|t:|1771263599\n|move|p1b: Dragonite|Extreme Speed|p2a: Serperior\n|-damage|p2a: Serperior|0 fnt\n|faint|p2a: Serperior\n|move|p2b: Dragapult|Dragon Darts|p1a: Gouging Fire\n|-supereffective|p1a: Gouging Fire\n|-damage|p1a: Gouging Fire|0 fnt\n|-anim|p2b: Dragapult|Dragon Darts|p1b: Dragonite\n|-damage|p1b: Dragonite|16/100\n|faint|p1a: Gouging Fire\n|-end|p1a: Gouging Fire|Protosynthesis|[silent]\n|\n|-weather|Sandstorm|[upkeep]\n|-damage|p1b: Dragonite|10/100|[from] Sandstorm\n|upkeep\n|\n|t:|1771263602\n|switch|p1a: Ogerpon|Ogerpon-Wellspring, F|100/100\n|turn|10\n|\n|t:|1771263621\n|move|p1b: Dragonite|Extreme Speed|p2b: Dragapult\n|-resisted|p2b: Dragapult\n|-damage|p2b: Dragapult|6/100\n|-enditem|p2b: Dragapult|Sitrus Berry|[eat]\n|-heal|p2b: Dragapult|31/100|[from] item: Sitrus Berry\n|move|p2b: Dragapult|Phantom Force||[still]\n|-prepare|p2b: Dragapult|Phantom Force\n|move|p1a: Ogerpon|Ivy Cudgel|p2b: Dragapult|[anim] Ivy Cudgel Water|[miss]\n|-miss|p1a: Ogerpon|p2b: Dragapult\n|\n|-weather|none\n|upkeep\n|turn|11\n|\n|t:|1771263633\n|move|p1b: Dragonite|Extreme Speed|p2b: Dragapult|[miss]\n|-miss|p1b: Dragonite|p2b: Dragapult\n|move|p2b: Dragapult|Phantom Force|p1a: Ogerpon|[from] lockedmove\n|-damage|p1a: Ogerpon|16/100\n|move|p1a: Ogerpon|Ivy Cudgel|p2b: Dragapult|[anim] Ivy Cudgel Water\n|-damage|p2b: Dragapult|0 fnt\n|faint|p2b: Dragapult\n|\n|win|AwesomeBD1909\n|raw|AwesomeBD1909's rating: 1607 &rarr; <strong>1622</strong><br />(+15 for winning)\n|raw|Natana6l's rating: 1526 &rarr; <strong>1511</strong><br />(-15 for losing)\n|l|☆Natana6l\n|player|p2|\n|l|☆AwesomeBD1909\n|player|p1|\n", "uploadtime": 1771263827, "views": 4, "formatid": "gen9doublesou", "rating": 1511, "private": 0, "password": null}