{"id": "gen9doublesou-2540730244", "format": "[Gen 9] Doubles OU", "players": ["Andy6005", "bladeleo"], "log": "|badge|p2|bronze|gen9doublesou|100-8\n|uhtml|medal-msg|<div class=\"broadcast-blue\">Curious what those medals under the avatar are? PS now has Ladder Seasons! For more information, check out the <a href=\"https://www.smogon.com/forums/threads/3740067/\">thread on Smogon.</a></div>\n|j|☆Andy6005\n|j|☆bladeleo\n|t:|1771246950\n|gametype|doubles\n|player|p1|Andy6005|policeman-gen4|1642\n|player|p2|bladeleo|1|1810\n|gen|9\n|tier|[Gen 9] Doubles OU\n|rated|\n|rule|HP Percentage Mod: HP is shown in percentages\n|rule|Endless Battle Clause: Forcing endless battles is banned\n|rule|Species Clause: Limit one of each Pokémon\n|rule|OHKO Clause: OHKO moves are banned\n|rule|Evasion Moves Clause: Evasion moves are banned\n|rule|Gravity Sleep Clause: The combination of sleep-inducing moves with imperfect accuracy and Gravity or Gigantamax Orbeetle are banned\n|rule|Evasion Abilities Clause: Evasion abilities are banned\n|clearpoke\n|poke|p1|Thundurus, M|\n|poke|p1|Enamorus, F|\n|poke|p1|Amoonguss, F|\n|poke|p1|Sneasler, M|\n|poke|p1|Chi-Yu|\n|poke|p1|Incineroar, M|\n|poke|p2|Incineroar, M|\n|poke|p2|Dondozo, F|\n|poke|p2|Tornadus, M|\n|poke|p2|Regidrago|\n|poke|p2|Diancie|\n|poke|p2|Volcanion|\n|teampreview\n|\n|t:|1771246995\n|teamsize|p1|6\n|teamsize|p2|6\n|start\n|switch|p1a: Sneasler|Sneasler, M|100/100\n|switch|p1b: Chi-Yu|Chi-Yu|100/100\n|switch|p2a: Volcanion|Volcanion|100/100\n|switch|p2b: Incineroar|Incineroar, M|100/100\n|-ability|p1b: Chi-Yu|Beads of Ruin\n|-ability|p2b: Incineroar|Intimidate|boost\n|-unboost|p1a: Sneasler|atk|1\n|-unboost|p1b: Chi-Yu|atk|1\n|turn|1\n|inactive|Battle timer is ON: inactive players will automatically lose when time's up. (requested by bladeleo)\n|inactive|Andy6005 has 120 seconds left.\n|inactive|bladeleo has 120 seconds left.\n|\n|t:|1771247040\n|move|p1a: Sneasler|Upper Hand||[still]\n|-fail|p1a: Sneasler\n|move|p1b: Chi-Yu|Dark Pulse|p2a: Volcanion\n|-crit|p2a: Volcanion\n|-damage|p2a: Volcanion|0 fnt\n|faint|p2a: Volcanion\n|move|p2b: Incineroar|Snarl|p1a: Sneasler|[spread] p1a,p1b\n|-resisted|p1a: Sneasler\n|-resisted|p1b: Chi-Yu\n|-damage|p1a: Sneasler|89/100\n|-damage|p1b: Chi-Yu|93/100\n|-unboost|p1a: Sneasler|spa|1\n|-unboost|p1b: Chi-Yu|spa|1\n|\n|upkeep\n|\n|t:|1771247057\n|switch|p2a: Regidrago|Regidrago|100/100\n|turn|2\n|\n|t:|1771247066\n|switch|p1a: Enamorus|Enamorus, F|100/100\n|move|p2a: Regidrago|Dragon Energy|p1a: Enamorus|[spread] p1b\n|-immune|p1a: Enamorus\n|-damage|p1b: Chi-Yu|7/100\n|move|p1b: Chi-Yu|Dark Pulse|p2a: Regidrago\n|-damage|p2a: Regidrago|35/100\n|move|p2b: Incineroar|Parting Shot|p1b: Chi-Yu\n|-unboost|p1b: Chi-Yu|atk|1\n|-unboost|p1b: Chi-Yu|spa|1\n|\n|t:|1771247076\n|switch|p2b: Diancie|Diancie|100/100|[from] Parting Shot\n|\n|upkeep\n|turn|3\n|\n|t:|1771247085\n|switch|p2a: Incineroar|Incineroar, M|100/100\n|-ability|p2a: Incineroar|Intimidate|boost\n|-boost|p1a: Enamorus|atk|1\n|-unboost|p1b: Chi-Yu|atk|1\n|move|p1a: Enamorus|Earth Power|p2b: Diancie\n|-supereffective|p2b: Diancie\n|-damage|p2b: Diancie|23/100\n|-damage|p1a: Enamorus|90/100|[from] item: Life Orb\n|move|p1b: Chi-Yu|Dark Pulse|p2b: Diancie\n|-resisted|p2b: Diancie\n|-damage|p2b: Diancie|5/100\n|move|p2b: Diancie|Trick Room|p2b: Diancie\n|-fieldstart|move: Trick Room|[of] p2b: Diancie\n|\n|-heal|p2b: Diancie|12/100|[from] item: Leftovers\n|upkeep\n|turn|4\n|\n|t:|1771247103\n|switch|p1b: Amoonguss|Amoonguss, F|100/100\n|move|p1a: Enamorus|Protect|p1a: Enamorus\n|-singleturn|p1a: Enamorus|Protect\n|move|p2b: Diancie|Diamond Storm|p1b: Amoonguss|[spread] p1b\n|-activate|p1a: Enamorus|move: Protect\n|-damage|p1b: Amoonguss|80/100\n|move|p2a: Incineroar|Flare Blitz|p1a: Enamorus\n|-activate|p1a: Enamorus|move: Protect\n|\n|-heal|p2b: Diancie|18/100|[from] item: Leftovers\n|upkeep\n|turn|5\n|\n|t:|1771247122\n|switch|p1a: Incineroar|Incineroar, M|100/100\n|-ability|p1a: Incineroar|Intimidate|boost\n|-unboost|p2a: Incineroar|atk|1\n|-fail|p2b: Diancie|unboost|[from] ability: Clear Body|[of] p2b: Diancie\n|-terastallize|p2a: Incineroar|Grass\n|move|p1b: Amoonguss|Spore|p2b: Diancie\n|-status|p2b: Diancie|slp|[from] move: Spore\n|cant|p2b: Diancie|slp\n|move|p2a: Incineroar|Flare Blitz|p1a: Incineroar\n|-resisted|p1a: Incineroar\n|-damage|p1a: Incineroar|88/100\n|-damage|p2a: Incineroar|96/100|[from] Recoil\n|\n|-heal|p2b: Diancie|24/100 slp|[from] item: Leftovers\n|upkeep\n|turn|6\n|\n|t:|1771247142\n|switch|p1b: Thundurus|Thundurus, M|100/100\n|-curestatus|p2b: Diancie|slp|[msg]\n|move|p2b: Diancie|Diamond Storm|p1a: Incineroar|[spread] p1a,p1b\n|-supereffective|p1a: Incineroar\n|-crit|p1a: Incineroar\n|-supereffective|p1b: Thundurus\n|-damage|p1a: Incineroar|22/100\n|-damage|p1b: Thundurus|44/100\n|-enditem|p1a: Incineroar|Sitrus Berry|[eat]\n|-heal|p1a: Incineroar|46/100|[from] item: Sitrus Berry\n|move|p2a: Incineroar|Flare Blitz|p1b: Thundurus\n|-damage|p1b: Thundurus|13/100\n|-damage|p2a: Incineroar|87/100|[from] Recoil\n|move|p1a: Incineroar|Knock Off|p2b: Diancie\n|-resisted|p2b: Diancie\n|-damage|p2b: Diancie|11/100\n|-enditem|p2b: Diancie|Leftovers|[from] move: Knock Off|[of] p1a: Incineroar\n|\n|upkeep\n|turn|7\n|\n|t:|1771247170\n|switch|p1b: Amoonguss|Amoonguss, F|100/100\n|move|p2b: Diancie|Diamond Storm|p1a: Incineroar|[spread] p1a,p1b\n|-supereffective|p1a: Incineroar\n|-damage|p1a: Incineroar|1/100\n|-damage|p1b: Amoonguss|81/100\n|move|p2a: Incineroar|Parting Shot|p1a: Incineroar\n|-unboost|p1a: Incineroar|atk|1\n|-unboost|p1a: Incineroar|spa|1\n|inactive|bladeleo has 120 seconds left.\n|\n|t:|1771247183\n|switch|p2a: Tornadus|Tornadus, M|100/100|[from] Parting Shot\n|move|p1a: Incineroar|Knock Off|p2a: Tornadus\n|-damage|p2a: Tornadus|75/100\n|-enditem|p2a: Tornadus|Sharp Beak|[from] move: Knock Off|[of] p1a: Incineroar\n|\n|-fieldend|move: Trick Room\n|upkeep\n|turn|8\n|\n|t:|1771247194\n|move|p2a: Tornadus|Bleakwind Storm|p1a: Incineroar|[spread] p1a,p1b\n|-supereffective|p1b: Amoonguss\n|-damage|p1a: Incineroar|0 fnt\n|-damage|p1b: Amoonguss|23/100\n|-unboost|p1b: Amoonguss|spe|1\n|-enditem|p1b: Amoonguss|Sitrus Berry|[eat]\n|-heal|p1b: Amoonguss|48/100|[from] item: Sitrus Berry\n|faint|p1a: Incineroar\n|move|p1b: Amoonguss|Spore|p2b: Diancie\n|-status|p2b: Diancie|slp|[from] move: Spore\n|cant|p2b: Diancie|slp\n|\n|upkeep\n|\n|t:|1771247201\n|switch|p1a: Enamorus|Enamorus, F|90/100\n|turn|9\n|\n|t:|1771247226\n|move|p1a: Enamorus|Dazzling Gleam|p2b: Diancie|[spread] p2a,p2b\n|-damage|p2a: Tornadus|39/100\n|-damage|p2b: Diancie|0 fnt\n|faint|p2b: Diancie\n|-damage|p1a: Enamorus|80/100|[from] item: Life Orb\n|move|p2a: Tornadus|Bleakwind Storm|p1a: Enamorus|[spread] p1a,p1b\n|-supereffective|p1b: Amoonguss\n|-crit|p1b: Amoonguss\n|-damage|p1a: Enamorus|33/100\n|-damage|p1b: Amoonguss|0 fnt\n|faint|p1b: Amoonguss\n|\n|upkeep\n|\n|t:|1771247239\n|switch|p2b: Dondozo|Dondozo, F|100/100\n|switch|p1b: Thundurus|Thundurus, M|13/100\n|turn|10\n|\n|t:|1771247252\n|move|p1b: Thundurus|Eerie Impulse|p1a: Enamorus\n|-boost|p1a: Enamorus|spa|2\n|move|p2a: Tornadus|Tailwind|p2a: Tornadus\n|-sidestart|p2: bladeleo|move: Tailwind\n|move|p1a: Enamorus|Dazzling Gleam|p2b: Dondozo|[spread] p2a,p2b\n|-damage|p2a: Tornadus|0 fnt\n|-damage|p2b: Dondozo|65/100\n|faint|p2a: Tornadus\n|-damage|p1a: Enamorus|23/100|[from] item: Life Orb\n|move|p2b: Dondozo|Rock Slide|p1b: Thundurus|[spread] p1a,p1b\n|-supereffective|p1a: Enamorus\n|-supereffective|p1b: Thundurus\n|-damage|p1a: Enamorus|0 fnt\n|-damage|p1b: Thundurus|0 fnt\n|faint|p1a: Enamorus\n|faint|p1b: Thundurus\n|\n|upkeep\n|\n|t:|1771247269\n|switch|p1a: Chi-Yu|Chi-Yu|7/100\n|switch|p1b: Sneasler|Sneasler, M|89/100\n|switch|p2a: Incineroar|Incineroar, M, tera:Grass|87/100\n|-ability|p1a: Chi-Yu|Beads of Ruin\n|-ability|p2a: Incineroar|Intimidate|boost\n|-unboost|p1a: Chi-Yu|atk|1\n|-unboost|p1b: Sneasler|atk|1\n|turn|11\n|\n|t:|1771247288\n|move|p2a: Incineroar|Fake Out|p1b: Sneasler\n|-damage|p1b: Sneasler|72/100\n|cant|p1b: Sneasler|flinch\n|move|p1a: Chi-Yu|Dark Pulse|p2b: Dondozo\n|-damage|p2b: Dondozo|0 fnt\n|faint|p2b: Dondozo\n|\n|upkeep\n|\n|t:|1771247295\n|switch|p2b: Regidrago|Regidrago|35/100\n|turn|12\n|j| sleepy114514\n|\n|t:|1771247314\n|move|p2b: Regidrago|Earth Power|p1b: Sneasler\n|-supereffective|p1b: Sneasler\n|-damage|p1b: Sneasler|0 fnt\n|faint|p1b: Sneasler\n|move|p1a: Chi-Yu|Dark Pulse|p2b: Regidrago\n|-damage|p2b: Regidrago|0 fnt\n|faint|p2b: Regidrago\n|move|p2a: Incineroar|Flare Blitz|p1a: Chi-Yu\n|-resisted|p1a: Chi-Yu\n|-damage|p1a: Chi-Yu|0 fnt\n|faint|p1a: Chi-Yu\n|-damage|p2a: Incineroar|85/100|[from] Recoil\n|\n|win|bladeleo\n|raw|Andy6005's rating: 1642 &rarr; <strong>1631</strong><br />(-11 for losing)\n|raw|bladeleo's rating: 1810 &rarr; <strong>1821</strong><br />(+11 for winning)\n|l|☆Andy6005\n|player|p1|\n|l|☆bladeleo\n|player|p2|\n|l| sleepy114514\n", "uploadtime": 1771247634, "views": 6, "formatid": "gen9doublesou", "rating": 1631, "private": 0, "password": null}