{"id": "gen9doublesou-2540839601", "format": "[Gen 9] Doubles OU", "players": ["qwqwwqqwwq", "thetired"], "log": "|j|☆qwqwwqqwwq\n|j|☆thetired\n|t:|1771259398\n|gametype|doubles\n|player|p1|qwqwwqqwwq|hiker-gen4|1578\n|player|p2|thetired|caitlin|1622\n|gen|9\n|tier|[Gen 9] Doubles OU\n|rated|\n|rule|HP Percentage Mod: HP is shown in percentages\n|rule|Endless Battle Clause: Forcing endless battles is banned\n|rule|Species Clause: Limit one of each Pokémon\n|rule|OHKO Clause: OHKO moves are banned\n|rule|Evasion Moves Clause: Evasion moves are banned\n|rule|Gravity Sleep Clause: The combination of sleep-inducing moves with imperfect accuracy and Gravity or Gigantamax Orbeetle are banned\n|rule|Evasion Abilities Clause: Evasion abilities are banned\n|clearpoke\n|poke|p1|Scizor, F|\n|poke|p1|Dragonite, F|\n|poke|p1|Tornadus, M|\n|poke|p1|Chandelure, F|\n|poke|p1|Golem, M|\n|poke|p1|Articuno-Galar|\n|poke|p2|Diancie|\n|poke|p2|Indeedee-F, F|\n|poke|p2|Smeargle, M|\n|poke|p2|Hatterene, F|\n|poke|p2|Torkoal, M|\n|poke|p2|Hoopa-Unbound|\n|teampreview\n|\n|t:|1771259422\n|teamsize|p1|6\n|teamsize|p2|6\n|start\n|switch|p1a: Dragonite|Dragonite, F|100/100\n|switch|p1b: Chandelure|Chandelure, F|100/100\n|switch|p2a: Diancie|Diancie|100/100\n|switch|p2b: Smeargle|Smeargle, M|100/100\n|turn|1\n|\n|t:|1771259443\n|-terastallize|p1a: Dragonite|Ground\n|move|p2b: Smeargle|Follow Me|p2b: Smeargle\n|-singleturn|p2b: Smeargle|move: Follow Me\n|move|p1b: Chandelure|Shadow Ball|p2b: Smeargle\n|-immune|p2b: Smeargle\n|move|p1a: Dragonite|Earthquake|p2a: Diancie|[spread] p1b,p2a,p2b\n|-supereffective|p1b: Chandelure\n|-supereffective|p2a: Diancie\n|-crit|p2b: Smeargle\n|-damage|p1b: Chandelure|0 fnt\n|-damage|p2a: Diancie|39/100\n|-enditem|p2b: Smeargle|Focus Sash\n|-damage|p2b: Smeargle|1/100\n|faint|p1b: Chandelure\n|move|p2a: Diancie|Trick Room|p2a: Diancie\n|-fieldstart|move: Trick Room|[of] p2a: Diancie\n|\n|-ability|p2b: Smeargle|Moody|boost\n|-boost|p2b: Smeargle|def|2\n|-unboost|p2b: Smeargle|spd|1\n|upkeep\n|\n|t:|1771259455\n|switch|p1b: Golem|Golem, M|100/100\n|turn|2\n|\n|t:|1771259465\n|move|p2a: Diancie|Protect|p2a: Diancie\n|-singleturn|p2a: Diancie|Protect\n|move|p1b: Golem|Wide Guard|p1b: Golem\n|-singleturn|p1b: Golem|Wide Guard\n|move|p1a: Dragonite|Earthquake|p2b: Smeargle|[spread] p2b\n|-activate|p1b: Golem|move: Wide Guard\n|-activate|p2a: Diancie|move: Protect\n|-damage|p2b: Smeargle|0 fnt\n|faint|p2b: Smeargle\n|\n|upkeep\n|\n|t:|1771259482\n|switch|p2b: Hoopa|Hoopa-Unbound|100/100\n|turn|3\n|\n|t:|1771259496\n|move|p1b: Golem|Wide Guard|p1b: Golem\n|-singleturn|p1b: Golem|Wide Guard\n|move|p2a: Diancie|Body Press|p1b: Golem\n|-supereffective|p1b: Golem\n|-damage|p1b: Golem|50/100\n|move|p2b: Hoopa|Expanding Force|p1b: Golem\n|-damage|p1b: Golem|0 fnt\n|faint|p1b: Golem\n|move|p1a: Dragonite|Earthquake|p2a: Diancie|[spread] p2a,p2b\n|-supereffective|p2a: Diancie\n|-damage|p2a: Diancie|0 fnt\n|-damage|p2b: Hoopa|43/100\n|faint|p2a: Diancie\n|\n|upkeep\n|\n|t:|1771259515\n|switch|p2a: Indeedee|Indeedee-F, F|100/100\n|switch|p1b: Tornadus|Tornadus, M|100/100\n|-fieldstart|move: Psychic Terrain|[from] ability: Psychic Surge|[of] p2a: Indeedee\n|-enditem|p2b: Hoopa|Psychic Seed\n|-boost|p2b: Hoopa|spd|1|[from] item: Psychic Seed\n|turn|4\n|\n|t:|1771259535\n|move|p2a: Indeedee|Helping Hand|p2b: Hoopa\n|-singleturn|p2b: Hoopa|Helping Hand|[of] p2a: Indeedee\n|move|p1b: Tornadus|Protect|p1b: Tornadus\n|-singleturn|p1b: Tornadus|Protect\n|move|p2b: Hoopa|Expanding Force|p1a: Dragonite|[spread] p1a\n|-activate|p1b: Tornadus|move: Protect\n|-enditem|p1a: Dragonite|Focus Sash\n|-damage|p1a: Dragonite|1/100\n|move|p1a: Dragonite|Earthquake|p2a: Indeedee|[spread] p2a,p2b\n|-activate|p1b: Tornadus|move: Protect\n|-damage|p2a: Indeedee|52/100\n|-damage|p2b: Hoopa|0 fnt\n|faint|p2b: Hoopa\n|\n|upkeep\n|\n|t:|1771259544\n|switch|p2b: Hatterene|Hatterene, F|100/100\n|turn|5\n|\n|t:|1771259559\n|move|p1a: Dragonite|Protect|p1a: Dragonite\n|-singleturn|p1a: Dragonite|Protect\n|move|p1b: Tornadus|Tailwind|p1b: Tornadus\n|-sidestart|p1: qwqwwqqwwq|move: Tailwind\n|move|p2b: Hatterene|Expanding Force|p1b: Tornadus|[spread] p1b\n|-activate|p1a: Dragonite|move: Protect\n|-damage|p1b: Tornadus|0 fnt\n|faint|p1b: Tornadus\n|move|p2a: Indeedee|Psychic|p1a: Dragonite\n|-activate|p1a: Dragonite|move: Protect\n|\n|-fieldend|move: Trick Room\n|upkeep\n|\n|t:|1771259572\n|switch|p1b: Scizor|Scizor, F|100/100\n|turn|6\n|\n|t:|1771259585\n|move|p2a: Indeedee|Follow Me|p2a: Indeedee\n|-singleturn|p2a: Indeedee|move: Follow Me\n|move|p1b: Scizor|Bug Bite|p2a: Indeedee\n|-supereffective|p2a: Indeedee\n|-damage|p2a: Indeedee|0 fnt\n|faint|p2a: Indeedee\n|move|p1a: Dragonite|Earthquake|p2b: Hatterene|[spread] p1b,p2b\n|-damage|p1b: Scizor|48/100\n|-damage|p2b: Hatterene|50/100\n|move|p2b: Hatterene|Trick Room|p2b: Hatterene\n|-fieldstart|move: Trick Room|[of] p2b: Hatterene\n|\n|upkeep\n|\n|t:|1771259589\n|switch|p2a: Torkoal|Torkoal, M|100/100\n|-weather|SunnyDay|[from] ability: Drought|[of] p2a: Torkoal\n|turn|7\n|\n|t:|1771259599\n|-terastallize|p2a: Torkoal|Fire\n|move|p1a: Dragonite|Protect|p1a: Dragonite\n|-singleturn|p1a: Dragonite|Protect\n|move|p1b: Scizor|Protect|p1b: Scizor\n|-singleturn|p1b: Scizor|Protect\n|move|p2a: Torkoal|Eruption|p1a: Dragonite|[spread] \n|-activate|p1a: Dragonite|move: Protect\n|-activate|p1b: Scizor|move: Protect\n|move|p2b: Hatterene|Expanding Force|p1a: Dragonite|[spread] \n|-activate|p1a: Dragonite|move: Protect\n|-activate|p1b: Scizor|move: Protect\n|\n|-weather|SunnyDay|[upkeep]\n|upkeep\n|turn|8\n|\n|t:|1771259607\n|move|p1a: Dragonite|Protect||[still]\n|-fail|p1a: Dragonite\n|move|p1b: Scizor|Protect||[still]\n|-fail|p1b: Scizor\n|move|p2a: Torkoal|Eruption|p1a: Dragonite|[spread] p1a,p1b\n|-supereffective|p1b: Scizor\n|-damage|p1a: Dragonite|0 fnt\n|-damage|p1b: Scizor|0 fnt\n|faint|p1a: Dragonite\n|faint|p1b: Scizor\n|move|p2b: Hatterene|Expanding Force|p1: Dragonite|[notarget]\n|-fail|p2b: Hatterene\n|\n|-weather|SunnyDay|[upkeep]\n|-sideend|p1: qwqwwqqwwq|move: Tailwind\n|-fieldend|move: Psychic Terrain\n|upkeep\n|-message|qwqwwqqwwq forfeited.\n|\n|win|thetired\n|raw|qwqwwqqwwq's rating: 1578 &rarr; <strong>1561</strong><br />(-17 for losing)\n|raw|thetired's rating: 1622 &rarr; <strong>1639</strong><br />(+17 for winning)\n|l|☆qwqwwqqwwq\n|player|p1|\n|l|☆thetired\n|player|p2|\n", "uploadtime": 1771259856, "views": 6, "formatid": "gen9doublesou", "rating": 1561, "private": 0, "password": null}