{"id": "gen9doublesou-2540892421", "format": "[Gen 9] Doubles OU", "players": ["Kochu_shak", "Rogue Citrus"], "log": "|badge|p1|bronze|gen9doublesou|100-8\n|uhtml|medal-msg|<div class=\"broadcast-blue\">Curious what those medals under the avatar are? PS now has Ladder Seasons! For more information, check out the <a href=\"https://www.smogon.com/forums/threads/3740067/\">thread on Smogon.</a></div>\n|j|☆Kochu_shak\n|j|☆Rogue Citrus\n|t:|1771264563\n|gametype|doubles\n|player|p1|Kochu_shak|morty-masters2|1783\n|player|p2|Rogue Citrus|policeman-gen4|1640\n|gen|9\n|tier|[Gen 9] Doubles OU\n|rated|\n|rule|HP Percentage Mod: HP is shown in percentages\n|rule|Endless Battle Clause: Forcing endless battles is banned\n|rule|Species Clause: Limit one of each Pokémon\n|rule|OHKO Clause: OHKO moves are banned\n|rule|Evasion Moves Clause: Evasion moves are banned\n|rule|Gravity Sleep Clause: The combination of sleep-inducing moves with imperfect accuracy and Gravity or Gigantamax Orbeetle are banned\n|rule|Evasion Abilities Clause: Evasion abilities are banned\n|clearpoke\n|poke|p1|Ogerpon-Wellspring, F|\n|poke|p1|Glimmora, M|\n|poke|p1|Tornadus, M|\n|poke|p1|Landorus, M|\n|poke|p1|Kingambit, F|\n|poke|p1|Chi-Yu|\n|poke|p2|Tornadus, M|\n|poke|p2|Walking Wake|\n|poke|p2|Ursaluna-Bloodmoon, M|\n|poke|p2|Iron Hands|\n|poke|p2|Chien-Pao|\n|poke|p2|Whimsicott, F|\n|teampreview\n|\n|t:|1771264582\n|teamsize|p1|6\n|teamsize|p2|6\n|start\n|switch|p1a: Glimmora|Glimmora, M, shiny|100/100\n|switch|p1b: Tornadus|Tornadus, M, shiny|100/100\n|switch|p2a: Whimsicott|Whimsicott, F|100/100\n|switch|p2b: Walking Wake|Walking Wake|100/100\n|turn|1\n|inactive|Battle timer is ON: inactive players will automatically lose when time's up. (requested by Rogue Citrus)\n|\n|t:|1771264598\n|-terastallize|p1a: Glimmora|Grass\n|move|p1b: Tornadus|Tailwind|p1b: Tornadus\n|-sidestart|p1: Kochu_shak|move: Tailwind\n|move|p2a: Whimsicott|Taunt|p1b: Tornadus\n|-start|p1b: Tornadus|move: Taunt\n|move|p1a: Glimmora|Meteor Beam||[still]\n|-prepare|p1a: Glimmora|Meteor Beam\n|-boost|p1a: Glimmora|spa|1\n|-enditem|p1a: Glimmora|Power Herb\n|-anim|p1a: Glimmora|Meteor Beam|p2b: Walking Wake\n|-damage|p2b: Walking Wake|38/100\n|move|p2b: Walking Wake|Hydro Steam|p1a: Glimmora\n|-resisted|p1a: Glimmora\n|-damage|p1a: Glimmora|69/100\n|\n|upkeep\n|turn|2\n|\n|t:|1771264617\n|move|p1a: Glimmora|Spiky Shield|p1a: Glimmora\n|-singleturn|p1a: Glimmora|move: Protect\n|move|p2a: Whimsicott|Sunny Day|p2a: Whimsicott\n|-weather|SunnyDay\n|-activate|p2b: Walking Wake|ability: Protosynthesis\n|-start|p2b: Walking Wake|protosynthesisspa\n|move|p1b: Tornadus|Bleakwind Storm|p2b: Walking Wake|[spread] p2a,p2b\n|-supereffective|p2a: Whimsicott\n|-damage|p2a: Whimsicott|41/100\n|-damage|p2b: Walking Wake|16/100\n|-unboost|p2b: Walking Wake|spe|1\n|move|p2b: Walking Wake|Flamethrower|p1a: Glimmora\n|-activate|p1a: Glimmora|move: Protect\n|\n|-weather|SunnyDay|[upkeep]\n|upkeep\n|turn|3\n|\n|t:|1771264637\n|move|p2a: Whimsicott|Tailwind|p2a: Whimsicott\n|-sidestart|p2: Rogue Citrus|move: Tailwind\n|move|p1a: Glimmora|Sludge Bomb|p2b: Walking Wake\n|-damage|p2b: Walking Wake|0 fnt\n|faint|p2b: Walking Wake\n|-end|p2b: Walking Wake|Protosynthesis|[silent]\n|move|p1b: Tornadus|Bleakwind Storm|p2a: Whimsicott\n|-supereffective|p2a: Whimsicott\n|-damage|p2a: Whimsicott|0 fnt\n|faint|p2a: Whimsicott\n|\n|-weather|SunnyDay|[upkeep]\n|upkeep\n|inactive|Rogue Citrus has 120 seconds left.\n|\n|t:|1771264656\n|switch|p2a: Iron Hands|Iron Hands|100/100\n|switch|p2b: Chien-Pao|Chien-Pao|100/100\n|-ability|p2b: Chien-Pao|Sword of Ruin\n|turn|4\n|\n|t:|1771264670\n|switch|p1b: Ogerpon|Ogerpon-Wellspring, F|100/100\n|move|p1a: Glimmora|Spiky Shield|p1a: Glimmora\n|-singleturn|p1a: Glimmora|move: Protect\n|move|p2a: Iron Hands|Fake Out|p1a: Glimmora\n|-activate|p1a: Glimmora|move: Protect\n|-damage|p2a: Iron Hands|88/100|[from] Spiky Shield|[of] p1a: Glimmora\n|move|p2b: Chien-Pao|Ice Spinner|p1b: Ogerpon\n|-damage|p1b: Ogerpon|33/100\n|\n|-weather|SunnyDay|[upkeep]\n|-sideend|p1: Kochu_shak|move: Tailwind\n|upkeep\n|turn|5\n|inactive|Kochu_shak has 120 seconds left.\n|\n|t:|1771264707\n|move|p1b: Ogerpon|Follow Me|p1b: Ogerpon\n|-singleturn|p1b: Ogerpon|move: Follow Me\n|move|p2b: Chien-Pao|Ice Spinner|p1b: Ogerpon\n|-damage|p1b: Ogerpon|0 fnt\n|faint|p1b: Ogerpon\n|move|p1a: Glimmora|Sludge Bomb|p2b: Chien-Pao\n|-enditem|p2b: Chien-Pao|Focus Sash\n|-damage|p2b: Chien-Pao|1/100\n|move|p2a: Iron Hands|Drain Punch|p1a: Glimmora\n|-damage|p1a: Glimmora|17/100\n|-heal|p2a: Iron Hands|100/100|[from] drain|[of] p1a: Glimmora\n|-activate|p1a: Glimmora|ability: Toxic Debris\n|-sidestart|p2: Rogue Citrus|move: Toxic Spikes\n|\n|-weather|SunnyDay|[upkeep]\n|upkeep\n|\n|t:|1771264715\n|switch|p1b: Tornadus|Tornadus, M, shiny|100/100\n|turn|6\n|\n|t:|1771264733\n|move|p2b: Chien-Pao|Protect|p2b: Chien-Pao\n|-singleturn|p2b: Chien-Pao|Protect\n|move|p1a: Glimmora|Spiky Shield|p1a: Glimmora\n|-singleturn|p1a: Glimmora|move: Protect\n|move|p1b: Tornadus|Tailwind|p1b: Tornadus\n|-sidestart|p1: Kochu_shak|move: Tailwind\n|move|p2a: Iron Hands|Supercell Slam|p1b: Tornadus\n|-supereffective|p1b: Tornadus\n|-damage|p1b: Tornadus|0 fnt\n|faint|p1b: Tornadus\n|\n|-weather|none\n|-sideend|p2: Rogue Citrus|move: Tailwind\n|upkeep\n|\n|t:|1771264746\n|switch|p1b: Chi-Yu|Chi-Yu|100/100\n|-ability|p1b: Chi-Yu|Beads of Ruin\n|turn|7\n|\n|t:|1771264760\n|move|p1a: Glimmora|Earth Power|p2a: Iron Hands\n|-supereffective|p2a: Iron Hands\n|-damage|p2a: Iron Hands|39/100\n|move|p1b: Chi-Yu|Heat Wave|p2b: Chien-Pao|[spread] p2a,p2b\n|-supereffective|p2b: Chien-Pao\n|-damage|p2a: Iron Hands|8/100\n|-damage|p2b: Chien-Pao|0 fnt\n|faint|p2b: Chien-Pao\n|move|p2a: Iron Hands|Drain Punch|p1b: Chi-Yu\n|-supereffective|p1b: Chi-Yu\n|-damage|p1b: Chi-Yu|24/100\n|-heal|p2a: Iron Hands|35/100|[from] drain|[of] p1b: Chi-Yu\n|\n|upkeep\n|\n|t:|1771264777\n|switch|p2b: Tornadus|Tornadus, M|100/100\n|turn|8\n|\n|t:|1771264792\n|move|p2b: Tornadus|Tailwind|p2b: Tornadus\n|-sidestart|p2: Rogue Citrus|move: Tailwind\n|move|p1a: Glimmora|Sludge Bomb|p2b: Tornadus\n|-damage|p2b: Tornadus|29/100\n|move|p1b: Chi-Yu|Heat Wave|p2a: Iron Hands|[spread] p2a\n|-miss|p1b: Chi-Yu|p2b: Tornadus\n|-crit|p2a: Iron Hands\n|-damage|p2a: Iron Hands|0 fnt\n|faint|p2a: Iron Hands\n|-end|p2a: Iron Hands|Quark Drive|[silent]\n|\n|-heal|p2b: Tornadus|35/100|[from] item: Leftovers\n|upkeep\n|\n|t:|1771264806\n|switch|p2a: Ursaluna|Ursaluna-Bloodmoon, M|100/100\n|-status|p2a: Ursaluna|psn\n|turn|9\n|\n|t:|1771264817\n|-terastallize|p2a: Ursaluna|Normal\n|move|p1a: Glimmora|Sludge Bomb|p2b: Tornadus\n|-damage|p2b: Tornadus|0 fnt\n|faint|p2b: Tornadus\n|move|p1b: Chi-Yu|Heat Wave|p2a: Ursaluna\n|-damage|p2a: Ursaluna|0 fnt\n|faint|p2a: Ursaluna\n|\n|win|Kochu_shak\n|raw|Kochu_shak's rating: 1783 &rarr; <strong>1795</strong><br />(+12 for winning)\n|raw|Rogue Citrus's rating: 1640 &rarr; <strong>1628</strong><br />(-12 for losing)\n|l|☆Rogue Citrus\n|player|p2|\n", "uploadtime": 1771265067, "views": 3, "formatid": "gen9doublesou", "rating": 1628, "private": 0, "password": null}