{"id": "gen9doublesou-2540879881", "format": "[Gen 9] Doubles OU", "players": ["slipperyegg", "Poly love"], "log": "|badge|p2|bronze|gen9doublesou|100-8\n|uhtml|medal-msg|<div class=\"broadcast-blue\">Curious what those medals under the avatar are? PS now has Ladder Seasons! For more information, check out the <a href=\"https://www.smogon.com/forums/threads/3740067/\">thread on Smogon.</a></div>\n|j|☆slipperyegg\n|j|☆Poly love\n|t:|1771263354\n|gametype|doubles\n|player|p1|slipperyegg|silver|1534\n|player|p2|Poly love|marnie-masters2|1789\n|gen|9\n|tier|[Gen 9] Doubles OU\n|rated|\n|rule|HP Percentage Mod: HP is shown in percentages\n|rule|Endless Battle Clause: Forcing endless battles is banned\n|rule|Species Clause: Limit one of each Pokémon\n|rule|OHKO Clause: OHKO moves are banned\n|rule|Evasion Moves Clause: Evasion moves are banned\n|rule|Gravity Sleep Clause: The combination of sleep-inducing moves with imperfect accuracy and Gravity or Gigantamax Orbeetle are banned\n|rule|Evasion Abilities Clause: Evasion abilities are banned\n|clearpoke\n|poke|p1|Landorus, M|\n|poke|p1|Tornadus, M|\n|poke|p1|Ninetales-Alola, F|\n|poke|p1|Brute Bonnet|\n|poke|p1|Chi-Yu|\n|poke|p1|Rotom-Wash|\n|poke|p2|Tyranitar, F|\n|poke|p2|Ting-Lu|\n|poke|p2|Orthworm, M|\n|poke|p2|Houndstone, M|\n|poke|p2|Chien-Pao|\n|poke|p2|Glimmora, F|\n|teampreview\n|inactive|Battle timer is ON: inactive players will automatically lose when time's up. (requested by slipperyegg)\n|\n|t:|1771263388\n|teamsize|p1|6\n|teamsize|p2|6\n|start\n|switch|p1a: Brute Bonnet|Brute Bonnet|100/100\n|switch|p1b: Rotom|Rotom-Wash, shiny|100/100\n|switch|p2a: Spinner ball|Glimmora, F|100/100\n|switch|p2b: Bite ice|Chien-Pao|100/100\n|-ability|p2b: Bite ice|Sword of Ruin\n|-enditem|p1a: Brute Bonnet|Booster Energy\n|-activate|p1a: Brute Bonnet|ability: Protosynthesis|[fromitem]\n|-start|p1a: Brute Bonnet|protosynthesisdef\n|turn|1\n|\n|t:|1771263408\n|move|p2b: Bite ice|Protect|p2b: Bite ice\n|-singleturn|p2b: Bite ice|Protect\n|move|p2a: Spinner ball|Mortal Spin|p1b: Rotom|[spread] p1a,p1b\n|-supereffective|p1a: Brute Bonnet\n|-damage|p1a: Brute Bonnet|94/100\n|-damage|p1b: Rotom|93/100\n|-status|p1a: Brute Bonnet|psn\n|-status|p1b: Rotom|psn\n|move|p1b: Rotom|Hydro Pump|p2a: Spinner ball\n|-supereffective|p2a: Spinner ball\n|-enditem|p2a: Spinner ball|Focus Sash\n|-damage|p2a: Spinner ball|1/100\n|move|p1a: Brute Bonnet|Spore|p2b: Bite ice\n|-activate|p2b: Bite ice|move: Protect\n|\n|-damage|p1b: Rotom|81/100 psn|[from] psn\n|-damage|p1a: Brute Bonnet|81/100 psn|[from] psn\n|upkeep\n|turn|2\n|\n|t:|1771263428\n|move|p2b: Bite ice|Ice Spinner|p1a: Brute Bonnet\n|-supereffective|p1a: Brute Bonnet\n|-damage|p1a: Brute Bonnet|21/100 psn\n|move|p2a: Spinner ball|Stealth Rock|p1b: Rotom\n|-sidestart|p1: slipperyegg|move: Stealth Rock\n|move|p1b: Rotom|Hydro Pump|p2b: Bite ice\n|-damage|p2b: Bite ice|0 fnt\n|faint|p2b: Bite ice\n|move|p1a: Brute Bonnet|Crunch|p2a: Spinner ball\n|-damage|p2a: Spinner ball|0 fnt\n|-activate|p2a: Spinner ball|ability: Toxic Debris\n|-sidestart|p1: slipperyegg|move: Toxic Spikes\n|faint|p2a: Spinner ball\n|\n|-damage|p1b: Rotom|68/100 psn|[from] psn\n|-damage|p1a: Brute Bonnet|9/100 psn|[from] psn\n|upkeep\n|inactive|Poly love has 120 seconds left.\n|\n|t:|1771263453\n|switch|p2b: Migajas|Orthworm, M|100/100\n|switch|p2a: Stalling power|Ting-Lu|100/100\n|-ability|p2a: Stalling power|Vessel of Ruin\n|turn|3\n|\n|t:|1771263470\n|move|p1b: Rotom|Hydro Pump|p2a: Stalling power\n|-supereffective|p2a: Stalling power\n|-damage|p2a: Stalling power|28/100\n|move|p2b: Migajas|Body Press|p1a: Brute Bonnet\n|-supereffective|p1a: Brute Bonnet\n|-damage|p1a: Brute Bonnet|0 fnt\n|faint|p1a: Brute Bonnet\n|-end|p1a: Brute Bonnet|Protosynthesis|[silent]\n|move|p2a: Stalling power|Whirlwind|p1b: Rotom\n|drag|p1b: Chi-Yu|Chi-Yu|100/100\n|-damage|p1b: Chi-Yu|75/100|[from] Stealth Rock\n|-status|p1b: Chi-Yu|psn\n|-ability|p1b: Chi-Yu|Beads of Ruin\n|\n|-heal|p2a: Stalling power|34/100|[from] item: Leftovers\n|-damage|p1b: Chi-Yu|63/100 psn|[from] psn\n|upkeep\n|\n|t:|1771263493\n|switch|p1a: Tornadus|Tornadus, M|100/100\n|-damage|p1a: Tornadus|75/100|[from] Stealth Rock\n|turn|4\n|\n|t:|1771263501\n|-terastallize|p2b: Migajas|Fire\n|move|p1a: Tornadus|Icy Wind|p2a: Stalling power|[spread] p2a,p2b\n|-supereffective|p2a: Stalling power\n|-resisted|p2b: Migajas\n|-crit|p2b: Migajas\n|-damage|p2a: Stalling power|14/100\n|-damage|p2b: Migajas|90/100\n|-unboost|p2a: Stalling power|spe|1\n|-unboost|p2b: Migajas|spe|1\n|move|p1b: Chi-Yu|Heat Wave|p2a: Stalling power|[spread] p2a,p2b\n|-resisted|p2b: Migajas\n|-damage|p2a: Stalling power|0 fnt\n|-damage|p2b: Migajas|63/100\n|faint|p2a: Stalling power\n|-damage|p1b: Chi-Yu|53/100 psn|[from] item: Life Orb\n|move|p2b: Migajas|Body Press|p1b: Chi-Yu\n|-supereffective|p1b: Chi-Yu\n|-damage|p1b: Chi-Yu|0 fnt\n|faint|p1b: Chi-Yu\n|\n|-heal|p2b: Migajas|69/100|[from] item: Leftovers\n|upkeep\n|\n|t:|1771263524\n|switch|p1b: Rotom|Rotom-Wash, shiny|68/100 psn\n|switch|p2a: Godzilla|Tyranitar, F|100/100\n|-damage|p1b: Rotom|56/100 psn|[from] Stealth Rock\n|-weather|Sandstorm|[from] ability: Sand Stream|[of] p2a: Godzilla\n|turn|5\n|\n|t:|1771263548\n|move|p1a: Tornadus|Rain Dance|p1a: Tornadus\n|-weather|RainDance\n|move|p1b: Rotom|Hydro Pump|p2b: Migajas\n|-supereffective|p2b: Migajas\n|-damage|p2b: Migajas|0 fnt\n|faint|p2b: Migajas\n|move|p2a: Godzilla|Rock Slide|p1a: Tornadus|[spread] p1a,p1b\n|-supereffective|p1a: Tornadus\n|-damage|p1a: Tornadus|0 fnt\n|-damage|p1b: Rotom|15/100 psn\n|faint|p1a: Tornadus\n|\n|-weather|RainDance|[upkeep]\n|-damage|p1b: Rotom|2/100 psn|[from] psn\n|upkeep\n|\n|t:|1771263562\n|switch|p1a: Landorus|Landorus, M|100/100\n|switch|p2b: Doggy attack|Houndstone, M|100/100\n|-damage|p1a: Landorus|88/100|[from] Stealth Rock\n|turn|6\n|\n|t:|1771263574\n|move|p2b: Doggy attack|Protect|p2b: Doggy attack\n|-singleturn|p2b: Doggy attack|Protect\n|move|p2a: Godzilla|Protect|p2a: Godzilla\n|-singleturn|p2a: Godzilla|Protect\n|move|p1a: Landorus|Sandsear Storm|p2a: Godzilla|[spread] \n|-activate|p2a: Godzilla|move: Protect\n|-activate|p2b: Doggy attack|move: Protect\n|move|p1b: Rotom|Hydro Pump|p2b: Doggy attack\n|-activate|p2b: Doggy attack|move: Protect\n|\n|-weather|RainDance|[upkeep]\n|-damage|p1b: Rotom|0 fnt|[from] psn\n|faint|p1b: Rotom\n|upkeep\n|\n|t:|1771263580\n|switch|p1b: Ninetales|Ninetales-Alola, F|100/100\n|-damage|p1b: Ninetales|75/100|[from] Stealth Rock\n|-status|p1b: Ninetales|psn\n|-weather|Snowscape|[from] ability: Snow Warning|[of] p1b: Ninetales\n|turn|7\n|\n|t:|1771263590\n|move|p1b: Ninetales|Moonblast|p2b: Doggy attack\n|-damage|p2b: Doggy attack|50/100\n|move|p1a: Landorus|Sandsear Storm|p2b: Doggy attack|[spread] p2a,p2b\n|-supereffective|p2a: Godzilla\n|-damage|p2a: Godzilla|0 fnt\n|-damage|p2b: Doggy attack|0 fnt\n|faint|p2a: Godzilla\n|faint|p2b: Doggy attack\n|\n|win|slipperyegg\n|raw|slipperyegg's rating: 1534 &rarr; <strong>1567</strong><br />(+33 for winning)\n|raw|Poly love's rating: 1789 &rarr; <strong>1756</strong><br />(-33 for losing)\n|l|☆slipperyegg\n|player|p1|\n|l|☆Poly love\n|player|p2|\n", "uploadtime": 1771263827, "views": 4, "formatid": "gen9doublesou", "rating": 1567, "private": 0, "password": null}