{"id": "gen9doublesou-2540698749", "format": "[Gen 9] Doubles OU", "players": ["durigreen", "Lokart"], "log": "|j|☆durigreen\n|j|☆Lokart\n|t:|1771242190\n|gametype|doubles\n|player|p1|durigreen|101|1625\n|player|p2|Lokart|265|1584\n|gen|9\n|tier|[Gen 9] Doubles OU\n|rated|\n|rule|HP Percentage Mod: HP is shown in percentages\n|rule|Endless Battle Clause: Forcing endless battles is banned\n|rule|Species Clause: Limit one of each Pokémon\n|rule|OHKO Clause: OHKO moves are banned\n|rule|Evasion Moves Clause: Evasion moves are banned\n|rule|Gravity Sleep Clause: The combination of sleep-inducing moves with imperfect accuracy and Gravity or Gigantamax Orbeetle are banned\n|rule|Evasion Abilities Clause: Evasion abilities are banned\n|clearpoke\n|poke|p1|Indeedee-F, F|\n|poke|p1|Oranguru, M|\n|poke|p1|Ursaluna-Bloodmoon, M|\n|poke|p1|Hatterene, F|\n|poke|p1|Torkoal, M|\n|poke|p1|Incineroar, M|\n|poke|p2|Corviknight, M|\n|poke|p2|Cresselia, F|\n|poke|p2|Dragapult, M|\n|poke|p2|Weezing-Galar, M|\n|poke|p2|Incineroar, M|\n|poke|p2|Ursaluna-Bloodmoon, M|\n|teampreview\n|\n|t:|1771242226\n|teamsize|p1|6\n|teamsize|p2|6\n|start\n|switch|p1a: Oranguru|Oranguru, M|100/100\n|switch|p1b: Ursaluna|Ursaluna-Bloodmoon, M|100/100\n|switch|p2a: Weezing|Weezing-Galar, M|100/100\n|switch|p2b: Incineroar|Incineroar, M|100/100\n|-ability|p2a: Weezing|Neutralizing Gas\n|turn|1\n|\n|t:|1771242245\n|move|p1b: Ursaluna|Protect|p1b: Ursaluna\n|-singleturn|p1b: Ursaluna|Protect\n|move|p2b: Incineroar|Knock Off|p1a: Oranguru\n|-supereffective|p1a: Oranguru\n|-damage|p1a: Oranguru|20/100\n|-enditem|p1a: Oranguru|Mental Herb|[from] move: Knock Off|[of] p2b: Incineroar\n|move|p2a: Weezing|Taunt|p1a: Oranguru\n|-start|p1a: Oranguru|move: Taunt\n|cant|p1a: Oranguru|move: Taunt|Trick Room\n|\n|upkeep\n|turn|2\n|\n|t:|1771242260\n|move|p2b: Incineroar|Snarl|p1a: Oranguru|[spread] p1a,p1b\n|-supereffective|p1a: Oranguru\n|-crit|p1b: Ursaluna\n|-damage|p1a: Oranguru|3/100\n|-damage|p1b: Ursaluna|83/100\n|-unboost|p1a: Oranguru|spa|1\n|-unboost|p1b: Ursaluna|spa|1\n|move|p2a: Weezing|Dazzling Gleam|p1a: Oranguru|[spread] p1a,p1b\n|-damage|p1a: Oranguru|0 fnt\n|-damage|p1b: Ursaluna|62/100\n|faint|p1a: Oranguru\n|move|p1b: Ursaluna|Hyper Voice|p2a: Weezing|[spread] p2a,p2b\n|-crit|p2a: Weezing\n|-crit|p2b: Incineroar\n|-damage|p2a: Weezing|45/100\n|-damage|p2b: Incineroar|65/100\n|-enditem|p1b: Ursaluna|Throat Spray\n|-boost|p1b: Ursaluna|spa|1|[from] item: Throat Spray\n|\n|-heal|p2a: Weezing|51/100|[from] item: Leftovers\n|upkeep\n|\n|t:|1771242283\n|switch|p1a: Indeedee|Indeedee-F, F|100/100\n|turn|3\n|\n|t:|1771242302\n|-terastallize|p1b: Ursaluna|Normal\n|move|p1a: Indeedee|Helping Hand|p1b: Ursaluna\n|-singleturn|p1b: Ursaluna|Helping Hand|[of] p1a: Indeedee\n|move|p2b: Incineroar|Knock Off|p1a: Indeedee\n|-supereffective|p1a: Indeedee\n|-damage|p1a: Indeedee|0 fnt\n|-enditem|p1a: Indeedee|Psychic Seed|[from] move: Knock Off|[of] p2b: Incineroar\n|faint|p1a: Indeedee\n|move|p2a: Weezing|Taunt|p1b: Ursaluna\n|-start|p1b: Ursaluna|move: Taunt\n|move|p1b: Ursaluna|Hyper Voice|p2a: Weezing|[spread] p2a,p2b\n|-damage|p2a: Weezing|0 fnt\n|-damage|p2b: Incineroar|18/100\n|faint|p2a: Weezing\n|-end|p2a: Weezing|ability: Neutralizing Gas\n|-ability|p2b: Incineroar|Intimidate|boost\n|-unboost|p1b: Ursaluna|atk|1\n|\n|upkeep\n|\n|t:|1771242317\n|switch|p1a: Incineroar|Incineroar, M|100/100\n|switch|p2a: Ursaluna|Ursaluna-Bloodmoon, M|100/100\n|-ability|p1a: Incineroar|Intimidate|boost\n|-unboost|p2a: Ursaluna|atk|1\n|-unboost|p2b: Incineroar|atk|1\n|turn|4\n|\n|t:|1771242331\n|switch|p2b: Dragapult|Dragapult, M|100/100\n|move|p2a: Ursaluna|Protect|p2a: Ursaluna\n|-singleturn|p2a: Ursaluna|Protect\n|move|p1a: Incineroar|Fake Out|p2a: Ursaluna\n|-activate|p2a: Ursaluna|move: Protect\n|move|p1b: Ursaluna|Hyper Voice|p2b: Dragapult|[spread] p2b\n|-activate|p2a: Ursaluna|move: Protect\n|-damage|p2b: Dragapult|30/100\n|\n|upkeep\n|turn|5\n|\n|t:|1771242353\n|-terastallize|p2b: Dragapult|Dragon\n|move|p2b: Dragapult|Dragon Darts|p1a: Incineroar\n|-damage|p1a: Incineroar|70/100\n|-anim|p2b: Dragapult|Dragon Darts|p1b: Ursaluna\n|-damage|p1b: Ursaluna|27/100\n|move|p2a: Ursaluna|Hyper Voice|p1b: Ursaluna|[spread] p1a,p1b\n|-damage|p1a: Incineroar|46/100\n|-damage|p1b: Ursaluna|0 fnt\n|faint|p1b: Ursaluna\n|-enditem|p2a: Ursaluna|Throat Spray\n|-boost|p2a: Ursaluna|spa|1|[from] item: Throat Spray\n|move|p1a: Incineroar|Snarl|p2b: Dragapult|[spread] p2a,p2b\n|-damage|p2a: Ursaluna|88/100\n|-damage|p2b: Dragapult|15/100\n|-unboost|p2a: Ursaluna|spa|1\n|\n|upkeep\n|\n|t:|1771242367\n|switch|p1b: Hatterene|Hatterene, F|100/100\n|turn|6\n|\n|t:|1771242376\n|move|p2b: Dragapult|Dragon Darts|p1a: Incineroar\n|-damage|p1a: Incineroar|14/100\n|-anim|p2b: Dragapult|Dragon Darts|p1a: Incineroar\n|-damage|p1a: Incineroar|0 fnt\n|faint|p1a: Incineroar\n|move|p2a: Ursaluna|Blood Moon|p1b: Hatterene\n|-damage|p1b: Hatterene|15/100\n|move|p1b: Hatterene|Trick Room|p1b: Hatterene\n|-fieldstart|move: Trick Room|[of] p1b: Hatterene\n|\n|upkeep\n|\n|t:|1771242385\n|switch|p1a: Torkoal|Torkoal, M|100/100\n|-weather|SunnyDay|[from] ability: Drought|[of] p1a: Torkoal\n|turn|7\n|\n|t:|1771242397\n|move|p1a: Torkoal|Eruption|p2b: Dragapult|[spread] p2a,p2b\n|-resisted|p2b: Dragapult\n|-damage|p2a: Ursaluna|0 fnt\n|-damage|p2b: Dragapult|0 fnt\n|faint|p2a: Ursaluna\n|faint|p2b: Dragapult\n|move|p1b: Hatterene|Dazzling Gleam|p2: Ursaluna|[notarget]\n|-fail|p1b: Hatterene\n|\n|-weather|SunnyDay|[upkeep]\n|upkeep\n|\n|t:|1771242406\n|switch|p2a: Incineroar|Incineroar, M|18/100\n|switch|p2b: Cresselia|Cresselia, F|100/100\n|-ability|p2a: Incineroar|Intimidate|boost\n|-unboost|p1a: Torkoal|atk|1\n|-unboost|p1b: Hatterene|atk|1\n|turn|8\n|\n|t:|1771242416\n|move|p1b: Hatterene|Protect|p1b: Hatterene\n|-singleturn|p1b: Hatterene|Protect\n|move|p2a: Incineroar|Fake Out|p1a: Torkoal\n|-damage|p1a: Torkoal|90/100\n|cant|p1a: Torkoal|flinch\n|move|p2b: Cresselia|Trick Room|p2b: Cresselia\n|-fieldend|move: Trick Room\n|\n|-weather|SunnyDay|[upkeep]\n|upkeep\n|turn|9\n|\n|t:|1771242430\n|move|p2b: Cresselia|Psychic|p1a: Torkoal\n|-damage|p1a: Torkoal|57/100\n|move|p2a: Incineroar|Knock Off|p1b: Hatterene\n|-damage|p1b: Hatterene|0 fnt\n|-enditem|p1b: Hatterene|Life Orb|[from] move: Knock Off|[of] p2a: Incineroar\n|faint|p1b: Hatterene\n|move|p1a: Torkoal|Eruption|p2b: Cresselia|[spread] p2a,p2b\n|-resisted|p2a: Incineroar\n|-damage|p2a: Incineroar|0 fnt\n|-damage|p2b: Cresselia|69/100\n|faint|p2a: Incineroar\n|\n|-weather|SunnyDay|[upkeep]\n|upkeep\n|\n|t:|1771242442\n|switch|p2a: Corviknight|Corviknight, M, shiny|100/100\n|turn|10\n|-message|durigreen forfeited.\n|\n|win|Lokart\n|raw|durigreen's rating: 1625 &rarr; <strong>1603</strong><br />(-22 for losing)\n|raw|Lokart's rating: 1584 &rarr; <strong>1606</strong><br />(+22 for winning)\n|l|☆durigreen\n|player|p1|\n|l|☆Lokart\n|player|p2|\n", "uploadtime": 1771242759, "views": 8, "formatid": "gen9doublesou", "rating": 1603, "private": 0, "password": null}