{"id": "gen9doublesou-2540617095", "format": "[Gen 9] Doubles OU", "players": ["mobtitan", "Sanskiller55"], "log": "|j|☆mobtitan\n|j|☆Sanskiller55\n|t:|1771228073\n|gametype|doubles\n|player|p1|mobtitan|tate|1524\n|player|p2|Sanskiller55|acerola-masters|1549\n|gen|9\n|tier|[Gen 9] Doubles OU\n|rated|\n|rule|HP Percentage Mod: HP is shown in percentages\n|rule|Endless Battle Clause: Forcing endless battles is banned\n|rule|Species Clause: Limit one of each Pokémon\n|rule|OHKO Clause: OHKO moves are banned\n|rule|Evasion Moves Clause: Evasion moves are banned\n|rule|Gravity Sleep Clause: The combination of sleep-inducing moves with imperfect accuracy and Gravity or Gigantamax Orbeetle are banned\n|rule|Evasion Abilities Clause: Evasion abilities are banned\n|clearpoke\n|poke|p1|Tyranitar, F|\n|poke|p1|Diancie|\n|poke|p1|Sudowoodo, L1, F|\n|poke|p1|Grimmsnarl, M|\n|poke|p1|Kleavor, M|\n|poke|p1|Tornadus, M|\n|poke|p2|Ogerpon-Hearthflame, F|\n|poke|p2|Rillaboom, M|\n|poke|p2|Chien-Pao|\n|poke|p2|Tornadus, M|\n|poke|p2|Hatterene, F|\n|poke|p2|Regidrago|\n|teampreview\n|inactive|Battle timer is ON: inactive players will automatically lose when time's up. (requested by Sanskiller55)\n|inactive|mobtitan also wants the timer to be on.\n|j| Ze Carrot\n|\n|t:|1771228097\n|teamsize|p1|6\n|teamsize|p2|6\n|start\n|switch|p1a: Tyranitar|Tyranitar, F|100/100\n|switch|p1b: Sudowoodo|Sudowoodo, L1, F|100/100\n|switch|p2a: Tornadus|Tornadus, M|100/100\n|switch|p2b: Regidrago|Regidrago|100/100\n|-weather|Sandstorm|[from] ability: Sand Stream|[of] p1a: Tyranitar\n|turn|1\n|c| Ze Carrot|I fw wth the troom team more\n|\n|t:|1771228124\n|move|p1b: Sudowoodo|Protect|p1b: Sudowoodo\n|-singleturn|p1b: Sudowoodo|Protect\n|move|p2a: Tornadus|Taunt|p1b: Sudowoodo\n|-activate|p1b: Sudowoodo|move: Protect\n|move|p2b: Regidrago|Dragon Energy|p1b: Sudowoodo|[spread] p1a\n|-activate|p1b: Sudowoodo|move: Protect\n|-damage|p1a: Tyranitar|72/100\n|move|p1a: Tyranitar|Rock Slide|p2b: Regidrago|[spread] p2a,p2b\n|-supereffective|p2a: Tornadus\n|-damage|p2a: Tornadus|33/100\n|-damage|p2b: Regidrago|74/100\n|\n|-weather|Sandstorm|[upkeep]\n|-damage|p2b: Regidrago|68/100|[from] Sandstorm\n|-damage|p2a: Tornadus|26/100|[from] Sandstorm\n|upkeep\n|turn|2\n|c| Ze Carrot|Bro\n|c| Ze Carrot|28\n|\n|t:|1771228142\n|move|p2b: Regidrago|Dragon Energy|p1b: Sudowoodo|[spread] p1a,p1b\n|-damage|p1a: Tyranitar|51/100\n|-ability|p1b: Sudowoodo|Sturdy\n|-damage|p1b: Sudowoodo|9/100\n|move|p2a: Tornadus|Bleakwind Storm|p1b: Sudowoodo|[spread] p1a,p1b\n|-resisted|p1a: Tyranitar\n|-resisted|p1b: Sudowoodo\n|-damage|p1a: Tyranitar|46/100\n|-damage|p1b: Sudowoodo|0 fnt\n|-unboost|p1a: Tyranitar|spe|1\n|faint|p1b: Sudowoodo\n|move|p1a: Tyranitar|Rock Slide|p2a: Tornadus|[spread] p2a,p2b\n|-supereffective|p2a: Tornadus\n|-damage|p2a: Tornadus|0 fnt\n|-damage|p2b: Regidrago|40/100\n|faint|p2a: Tornadus\n|\n|-weather|Sandstorm|[upkeep]\n|-damage|p2b: Regidrago|34/100|[from] Sandstorm\n|upkeep\n|c|☆Sanskiller55|Ttar is the goat fr\n|\n|t:|1771228163\n|switch|p2a: Ogerpon|Ogerpon-Hearthflame, F|100/100\n|switch|p1b: Diancie|Diancie|100/100\n|-ability|p2a: Ogerpon|Mold Breaker\n|turn|3\n|c| Ze Carrot|He is\n|\n|t:|1771228170\n|switch|p2b: Rillaboom|Rillaboom, M|100/100\n|-fieldstart|move: Grassy Terrain|[from] ability: Grassy Surge|[of] p2b: Rillaboom\n|move|p2a: Ogerpon|Grassy Glide|p1a: Tyranitar\n|-supereffective|p1a: Tyranitar\n|-damage|p1a: Tyranitar|0 fnt\n|faint|p1a: Tyranitar\n|move|p1b: Diancie|Diamond Storm|p2a: Ogerpon|[spread] p2a,p2b\n|-supereffective|p2a: Ogerpon\n|-damage|p2a: Ogerpon|44/100\n|-damage|p2b: Rillaboom|75/100\n|-boost|p1b: Diancie|def|2\n|\n|-weather|Sandstorm|[upkeep]\n|-damage|p2a: Ogerpon|38/100|[from] Sandstorm\n|-damage|p2b: Rillaboom|69/100|[from] Sandstorm\n|-heal|p2a: Ogerpon|44/100|[from] Grassy Terrain\n|-heal|p2b: Rillaboom|75/100|[from] Grassy Terrain\n|upkeep\n|c| Ze Carrot|And regi drago moght be a fraud\n|\n|t:|1771228188\n|switch|p1a: Grimmsnarl|Grimmsnarl, M|100/100\n|turn|4\n|c|☆Sanskiller55|He works best with his pet fish\n|\n|t:|1771228196\n|move|p2a: Ogerpon|Grassy Glide|p1b: Diancie\n|-supereffective|p1b: Diancie\n|-damage|p1b: Diancie|75/100\n|move|p2b: Rillaboom|Grassy Glide|p1b: Diancie\n|-supereffective|p1b: Diancie\n|-damage|p1b: Diancie|50/100\n|move|p1a: Grimmsnarl|Reflect|p1a: Grimmsnarl\n|-sidestart|p1: mobtitan|Reflect\n|move|p1b: Diancie|Diamond Storm|p2b: Rillaboom|[spread] p2a,p2b\n|-supereffective|p2a: Ogerpon\n|-damage|p2a: Ogerpon|0 fnt\n|-damage|p2b: Rillaboom|52/100\n|faint|p2a: Ogerpon\n|\n|-weather|Sandstorm|[upkeep]\n|-damage|p2b: Rillaboom|46/100|[from] Sandstorm\n|-damage|p1a: Grimmsnarl|94/100|[from] Sandstorm\n|-heal|p2b: Rillaboom|52/100|[from] Grassy Terrain\n|-heal|p1a: Grimmsnarl|100/100|[from] Grassy Terrain\n|-heal|p1b: Diancie|57/100|[from] Grassy Terrain\n|upkeep\n|c| Ze Carrot|Il\n|c| Ze Carrot|but his fish\n|c| Ze Carrot|is not here\n|\n|t:|1771228211\n|switch|p2a: Hatterene|Hatterene, F|100/100\n|turn|5\n|c| Ze Carrot|Have fun breaking that diancie\n|c|☆Sanskiller55|Dw\n|\n|t:|1771228230\n|move|p2b: Rillaboom|Grassy Glide|p1b: Diancie\n|-supereffective|p1b: Diancie\n|-damage|p1b: Diancie|40/100\n|move|p1a: Grimmsnarl|Taunt|p2a: Hatterene\n|move|p2a: Hatterene|Taunt|p1a: Grimmsnarl|[from] ability: Magic Bounce\n|-start|p1a: Grimmsnarl|move: Taunt\n|move|p1b: Diancie|Diamond Storm|p2a: Hatterene|[spread] p2a\n|-miss|p1b: Diancie|p2b: Rillaboom\n|-damage|p2a: Hatterene|73/100\n|move|p2a: Hatterene|Heal Pulse|p2b: Rillaboom\n|-heal|p2b: Rillaboom|100/100\n|\n|-weather|none\n|-heal|p1b: Diancie|46/100|[from] Grassy Terrain\n|-heal|p2a: Hatterene|79/100|[from] Grassy Terrain\n|-heal|p2a: Hatterene|85/100|[from] item: Leftovers\n|upkeep\n|turn|6\n|c|☆Sanskiller55|Ainoway\n|c| Ze Carrot|Smartets 1000 elo player\n|\n|t:|1771228258\n|move|p2b: Rillaboom|Grassy Glide|p1b: Diancie\n|-supereffective|p1b: Diancie\n|-damage|p1b: Diancie|30/100\n|move|p1a: Grimmsnarl|Play Rough|p2b: Rillaboom\n|-damage|p2b: Rillaboom|57/100\n|move|p1b: Diancie|Diamond Storm|p2a: Hatterene|[spread] p2a,p2b\n|-damage|p2a: Hatterene|61/100\n|-damage|p2b: Rillaboom|32/100\n|move|p2a: Hatterene|Psychic Noise|p1b: Diancie\n|-damage|p1b: Diancie|12/100\n|-start|p1b: Diancie|move: Heal Block\n|\n|-heal|p2b: Rillaboom|39/100|[from] Grassy Terrain\n|-heal|p2a: Hatterene|67/100|[from] Grassy Terrain\n|-heal|p2a: Hatterene|73/100|[from] item: Leftovers\n|upkeep\n|turn|7\n|c|☆Sanskiller55|Ts not 1000 elo\n|c| Ze Carrot|Look at bros team\n|\n|t:|1771228283\n|move|p2b: Rillaboom|Grassy Glide|p1b: Diancie\n|-supereffective|p1b: Diancie\n|-damage|p1b: Diancie|0 fnt\n|faint|p1b: Diancie\n|move|p1a: Grimmsnarl|Play Rough|p2b: Rillaboom\n|-damage|p2b: Rillaboom|0 fnt\n|faint|p2b: Rillaboom\n|move|p2a: Hatterene|Heal Pulse|p2: Rillaboom|[notarget]\n|-fail|p2a: Hatterene\n|\n|-heal|p2a: Hatterene|78/100|[from] Grassy Terrain\n|-heal|p2a: Hatterene|84/100|[from] item: Leftovers\n|-fieldend|move: Grassy Terrain\n|upkeep\n|c| Ze Carrot|4 rock types\n|\n|t:|1771228297\n|switch|p2b: Regidrago|Regidrago|34/100\n|switch|p1b: Kleavor|Kleavor, M|100/100\n|turn|8\n|c| Ze Carrot|My opponent had a better team\n|c|☆Sanskiller55|Sand ig\n|\n|t:|1771228312\n|move|p2b: Regidrago|Protect|p2b: Regidrago\n|-singleturn|p2b: Regidrago|Protect\n|move|p1b: Kleavor|Stone Axe|p2a: Hatterene\n|-damage|p2a: Hatterene|29/100\n|-sidestart|p2: Sanskiller55|move: Stealth Rock\n|move|p1a: Grimmsnarl|Play Rough|p2b: Regidrago\n|-activate|p2b: Regidrago|move: Protect\n|move|p2a: Hatterene|Trick Room|p2a: Hatterene\n|-fieldstart|move: Trick Room|[of] p2a: Hatterene\n|\n|-heal|p2a: Hatterene|35/100|[from] item: Leftovers\n|-end|p1a: Grimmsnarl|move: Taunt\n|upkeep\n|turn|9\n|c| Ze Carrot|Yeah\n|c| Ze Carrot|U got mogged\n|c|☆Sanskiller55|Nawr\n|\n|t:|1771228335\n|move|p1a: Grimmsnarl|Light Screen|p1a: Grimmsnarl\n|-sidestart|p1: mobtitan|move: Light Screen\n|move|p2a: Hatterene|Heal Pulse|p2b: Regidrago\n|-heal|p2b: Regidrago|84/100\n|move|p1b: Kleavor|X-Scissor|p2a: Hatterene\n|-damage|p2a: Hatterene|0 fnt\n|faint|p2a: Hatterene\n|move|p2b: Regidrago|Draco Meteor|p1b: Kleavor\n|-crit|p1b: Kleavor\n|-damage|p1b: Kleavor|0 fnt\n|-unboost|p2b: Regidrago|spa|2\n|faint|p1b: Kleavor\n|\n|upkeep\n|c| Ze Carrot|You dont mill\n|c|☆Sanskiller55|Dont ever doubt me\n|c| Ze Carrot|Ok\n|c| Ze Carrot|if you crit\n|inactive|mobtitan has 120 seconds left.\n|\n|t:|1771228350\n|switch|p2a: Chien-Pao|Chien-Pao|100/100\n|switch|p1b: Tornadus|Tornadus, M|100/100\n|-damage|p2a: Chien-Pao|76/100|[from] Stealth Rock\n|-ability|p2a: Chien-Pao|Sword of Ruin\n|turn|10\n|c|☆Sanskiller55|Boy\n|c| Ze Carrot|sans liller55\n|c| Ze Carrot|If you losw this ill laugh\n|c|☆Sanskiller55|And ill keep critting\n|\n|t:|1771228372\n|-terastallize|p1b: Tornadus|Normal\n|-terastallize|p2b: Regidrago|Steel\n|move|p1a: Grimmsnarl|Play Rough|p2a: Chien-Pao\n|-supereffective|p2a: Chien-Pao\n|-damage|p2a: Chien-Pao|0 fnt\n|faint|p2a: Chien-Pao\n|move|p1b: Tornadus|Hyper Beam|p2b: Regidrago\n|-resisted|p2b: Regidrago\n|-damage|p2b: Regidrago|35/100\n|-mustrecharge|p1b: Tornadus\n|move|p2b: Regidrago|Tera Blast|p1a: Grimmsnarl|[anim] Tera Blast Steel\n|-supereffective|p1a: Grimmsnarl\n|-damage|p1a: Grimmsnarl|61/100\n|\n|upkeep\n|turn|11\n|c|☆Sanskiller55|and i wont stop critting\n|c| Ze Carrot|Omfg\n|c| Ze Carrot|you losz to hype beam torm\n|\n|t:|1771228391\n|move|p1a: Grimmsnarl|Play Rough|p2b: Regidrago\n|-resisted|p2b: Regidrago\n|-damage|p2b: Regidrago|6/100\n|cant|p1b: Tornadus|recharge\n|move|p2b: Regidrago|Tera Blast|p1a: Grimmsnarl|[anim] Tera Blast Steel\n|-supereffective|p1a: Grimmsnarl\n|-damage|p1a: Grimmsnarl|25/100\n|\n|-sideend|p1: mobtitan|Reflect\n|upkeep\n|turn|12\n|c| Ze Carrot|you suck\n|\n|t:|1771228405\n|move|p1a: Grimmsnarl|Play Rough|p2b: Regidrago\n|-resisted|p2b: Regidrago\n|-damage|p2b: Regidrago|0 fnt\n|faint|p2b: Regidrago\n|\n|win|mobtitan\n|raw|mobtitan's rating: 1524 &rarr; <strong>1545</strong><br />(+21 for winning)\n|raw|Sanskiller55's rating: 1549 &rarr; <strong>1528</strong><br />(-21 for losing)\n|l|☆Sanskiller55\n|player|p2|\n|c| Ze Carrot|1!5k\n|l| Ze Carrot\n|l|☆mobtitan\n|player|p1|\n", "uploadtime": 1771228755, "views": 14, "formatid": "gen9doublesou", "rating": 1528, "private": 0, "password": null}