{"id": "gen9doublesou-2540479705", "format": "[Gen 9] Doubles OU", "players": ["lucus27", "inakunana"], "log": "|j|☆lucus27\n|j|☆inakunana\n|t:|1771207204\n|gametype|doubles\n|player|p1|lucus27|lucas|1694\n|player|p2|inakunana|erika|1682\n|gen|9\n|tier|[Gen 9] Doubles OU\n|rated|\n|rule|HP Percentage Mod: HP is shown in percentages\n|rule|Endless Battle Clause: Forcing endless battles is banned\n|rule|Species Clause: Limit one of each Pokémon\n|rule|OHKO Clause: OHKO moves are banned\n|rule|Evasion Moves Clause: Evasion moves are banned\n|rule|Gravity Sleep Clause: The combination of sleep-inducing moves with imperfect accuracy and Gravity or Gigantamax Orbeetle are banned\n|rule|Evasion Abilities Clause: Evasion abilities are banned\n|clearpoke\n|poke|p1|Hydreigon, M|\n|poke|p1|Goodra-Hisui, M|\n|poke|p1|Ninetales-Alola, F|\n|poke|p1|Gastrodon-East, M|\n|poke|p1|Corviknight, F|\n|poke|p1|Tauros-Paldea-Blaze, M|\n|poke|p2|Iron Crown|\n|poke|p2|Indeedee-F, F|\n|poke|p2|Ogerpon-Wellspring, F|\n|poke|p2|Landorus, M|\n|poke|p2|Okidogi, M|\n|poke|p2|Roaring Moon|\n|teampreview\n|inactive|Battle timer is ON: inactive players will automatically lose when time's up. (requested by inakunana)\n|\n|t:|1771207215\n|teamsize|p1|6\n|teamsize|p2|6\n|start\n|switch|p1a: Hydreigon|Hydreigon, M|100/100\n|switch|p1b: Corviknight|Corviknight, F, shiny|100/100\n|switch|p2a: Okidogi|Okidogi, M|100/100\n|switch|p2b: Roaring Moon|Roaring Moon|100/100\n|-enditem|p2b: Roaring Moon|Booster Energy\n|-activate|p2b: Roaring Moon|ability: Protosynthesis|[fromitem]\n|-start|p2b: Roaring Moon|protosynthesisspe\n|turn|1\n|\n|t:|1771207225\n|-terastallize|p1a: Hydreigon|Steel\n|move|p2b: Roaring Moon|Tailwind|p2b: Roaring Moon\n|-sidestart|p2: inakunana|move: Tailwind\n|move|p2a: Okidogi|Drain Punch|p1a: Hydreigon\n|-supereffective|p1a: Hydreigon\n|-enditem|p1a: Hydreigon|Chople Berry|[eat]\n|-enditem|p1a: Hydreigon|Chople Berry|[weaken]\n|-damage|p1a: Hydreigon|54/100\n|move|p1a: Hydreigon|Earth Power|p2a: Okidogi\n|-supereffective|p2a: Okidogi\n|-damage|p2a: Okidogi|63/100\n|move|p1b: Corviknight|Brave Bird|p2a: Okidogi\n|-supereffective|p2a: Okidogi\n|-damage|p2a: Okidogi|0 fnt\n|faint|p2a: Okidogi\n|-damage|p1b: Corviknight|77/100|[from] Recoil\n|\n|upkeep\n|\n|t:|1771207237\n|switch|p2a: wet sinner|Ogerpon-Wellspring, F|100/100\n|turn|2\n|j| Shashank812009\n|\n|t:|1771207247\n|switch|p1a: Gastrodon|Gastrodon-East, M|100/100\n|move|p2a: wet sinner|Spiky Shield|p2a: wet sinner\n|-singleturn|p2a: wet sinner|move: Protect\n|move|p2b: Roaring Moon|Knock Off|p1a: Gastrodon\n|-damage|p1a: Gastrodon|42/100\n|-enditem|p1a: Gastrodon|Quick Claw|[from] move: Knock Off|[of] p2b: Roaring Moon\n|move|p1b: Corviknight|Brave Bird|p2a: wet sinner\n|-activate|p2a: wet sinner|move: Protect\n|-damage|p1b: Corviknight|65/100|[from] Spiky Shield|[of] p2a: wet sinner\n|\n|upkeep\n|turn|3\n|\n|t:|1771207261\n|switch|p2a: Iron Crown|Iron Crown|100/100\n|-enditem|p2a: Iron Crown|Booster Energy\n|-activate|p2a: Iron Crown|ability: Quark Drive|[fromitem]\n|-start|p2a: Iron Crown|quarkdrivespe\n|move|p1a: Gastrodon|Protect|p1a: Gastrodon\n|-singleturn|p1a: Gastrodon|Protect\n|move|p2b: Roaring Moon|Breaking Swipe|p1a: Gastrodon|[spread] p1b\n|-activate|p1a: Gastrodon|move: Protect\n|-resisted|p1b: Corviknight\n|-damage|p1b: Corviknight|57/100\n|-ability|p1b: Corviknight|Mirror Armor\n|-unboost|p2b: Roaring Moon|atk|1\n|-damage|p2b: Roaring Moon|84/100|[from] item: Rocky Helmet|[of] p1b: Corviknight\n|move|p1b: Corviknight|Brave Bird|p2a: Iron Crown\n|-resisted|p2a: Iron Crown\n|-damage|p2a: Iron Crown|81/100\n|-damage|p1b: Corviknight|50/100|[from] Recoil\n|\n|upkeep\n|turn|4\n|l| Shashank812009\n|\n|t:|1771207285\n|-end|p2b: Roaring Moon|Protosynthesis|[silent]\n|switch|p2b: lace|Indeedee-F, F|100/100\n|-fieldstart|move: Psychic Terrain|[from] ability: Psychic Surge|[of] p2b: lace\n|-enditem|p2b: lace|Psychic Seed\n|-boost|p2b: lace|spd|1|[from] item: Psychic Seed\n|switch|p1a: Goodra|Goodra-Hisui, M|100/100\n|move|p2a: Iron Crown|Expanding Force|p1b: Corviknight|[spread] p1a,p1b\n|-resisted|p1a: Goodra\n|-resisted|p1b: Corviknight\n|-damage|p1a: Goodra|89/100\n|-damage|p1b: Corviknight|22/100\n|move|p1b: Corviknight|Body Press|p2b: lace\n|-damage|p2b: lace|75/100\n|\n|-sideend|p2: inakunana|move: Tailwind\n|upkeep\n|turn|5\n|\n|t:|1771207298\n|move|p2b: lace|Follow Me|p2b: lace\n|-singleturn|p2b: lace|move: Follow Me\n|move|p2a: Iron Crown|Calm Mind|p2a: Iron Crown\n|-boost|p2a: Iron Crown|spa|1\n|-boost|p2a: Iron Crown|spd|1\n|move|p1b: Corviknight|Brave Bird|p2b: lace\n|-damage|p2b: lace|33/100\n|-damage|p1b: Corviknight|7/100|[from] Recoil\n|move|p1a: Goodra|Flash Cannon|p2b: lace\n|-damage|p2b: lace|11/100\n|\n|upkeep\n|turn|6\n|\n|t:|1771207312\n|move|p2b: lace|Follow Me|p2b: lace\n|-singleturn|p2b: lace|move: Follow Me\n|move|p2a: Iron Crown|Calm Mind|p2a: Iron Crown\n|-boost|p2a: Iron Crown|spa|1\n|-boost|p2a: Iron Crown|spd|1\n|move|p1b: Corviknight|Defog|p2b: lace\n|-unboost|p2b: lace|evasion|1\n|-fieldend|move: Psychic Terrain\n|move|p1a: Goodra|Flash Cannon|p2b: lace\n|-damage|p2b: lace|0 fnt\n|faint|p2b: lace\n|\n|upkeep\n|\n|t:|1771207318\n|switch|p2b: crusty king khann|Landorus, M|100/100\n|turn|7\n|\n|t:|1771207325\n|move|p2a: Iron Crown|Tachyon Cutter|p1a: Goodra\n|-resisted|p1a: Goodra\n|-damage|p1a: Goodra|77/100\n|-resisted|p1a: Goodra\n|-damage|p1a: Goodra|67/100\n|-hitcount|p1a: Goodra|2\n|move|p2b: crusty king khann|Earth Power|p1a: Goodra\n|-supereffective|p1a: Goodra\n|-damage|p1a: Goodra|0 fnt\n|faint|p1a: Goodra\n|move|p1b: Corviknight|Body Press|p2a: Iron Crown\n|-damage|p2a: Iron Crown|56/100\n|\n|upkeep\n|\n|t:|1771207335\n|switch|p1a: Hydreigon|Hydreigon, M, tera:Steel|54/100\n|turn|8\n|\n|t:|1771207346\n|-terastallize|p2a: Iron Crown|Water\n|move|p2a: Iron Crown|Tachyon Cutter|p1a: Hydreigon\n|-resisted|p1a: Hydreigon\n|-damage|p1a: Hydreigon|34/100\n|-resisted|p1a: Hydreigon\n|-damage|p1a: Hydreigon|16/100\n|-hitcount|p1a: Hydreigon|2\n|move|p2b: crusty king khann|Substitute|p2b: crusty king khann\n|-start|p2b: crusty king khann|Substitute\n|-damage|p2b: crusty king khann|76/100\n|move|p1b: Corviknight|Brave Bird|p2b: crusty king khann\n|-end|p2b: crusty king khann|Substitute\n|-damage|p1b: Corviknight|0 fnt|[from] Recoil|[of] p2b: crusty king khann\n|faint|p1b: Corviknight\n|move|p1a: Hydreigon|Roar|p2a: Iron Crown\n|-end|p2a: Iron Crown|Quark Drive|[silent]\n|drag|p2a: Roaring Moon|Roaring Moon|84/100\n|\n|upkeep\n|\n|t:|1771207366\n|switch|p1b: Ninetales|Ninetales-Alola, F, shiny|100/100\n|-weather|Snowscape|[from] ability: Snow Warning|[of] p1b: Ninetales\n|turn|9\n|\n|t:|1771207375\n|move|p2b: crusty king khann|Protect|p2b: crusty king khann\n|-singleturn|p2b: crusty king khann|Protect\n|move|p2a: Roaring Moon|Tailwind|p2a: Roaring Moon\n|-sidestart|p2: inakunana|move: Tailwind\n|move|p1b: Ninetales|Blizzard|p2b: crusty king khann|[spread] p2a\n|-activate|p2b: crusty king khann|move: Protect\n|-supereffective|p2a: Roaring Moon\n|-damage|p2a: Roaring Moon|34/100\n|move|p1a: Hydreigon|Snarl|p2b: crusty king khann|[spread] p2a\n|-activate|p2b: crusty king khann|move: Protect\n|-resisted|p2a: Roaring Moon\n|-damage|p2a: Roaring Moon|25/100\n|-unboost|p2a: Roaring Moon|spa|1\n|\n|-weather|Snowscape|[upkeep]\n|upkeep\n|turn|10\n|\n|t:|1771207393\n|move|p2a: Roaring Moon|Knock Off|p1a: Hydreigon\n|-damage|p1a: Hydreigon|0 fnt\n|faint|p1a: Hydreigon\n|move|p2b: crusty king khann|Sludge Bomb|p1b: Ninetales\n|-supereffective|p1b: Ninetales\n|-damage|p1b: Ninetales|28/100\n|move|p1b: Ninetales|Blizzard|p2b: crusty king khann|[spread] p2a,p2b\n|-supereffective|p2a: Roaring Moon\n|-supereffective|p2b: crusty king khann\n|-damage|p2a: Roaring Moon|0 fnt\n|-damage|p2b: crusty king khann|0 fnt\n|faint|p2a: Roaring Moon\n|-end|p2a: Roaring Moon|Protosynthesis|[silent]\n|faint|p2b: crusty king khann\n|\n|-weather|Snowscape|[upkeep]\n|upkeep\n|inactive|lucus27 has 120 seconds left.\n|\n|t:|1771207417\n|switch|p2a: wet sinner|Ogerpon-Wellspring, F|100/100\n|switch|p2b: Iron Crown|Iron Crown, tera:Water|56/100\n|switch|p1a: Gastrodon|Gastrodon-East, M|42/100\n|turn|11\n|\n|t:|1771207427\n|switch|p1b: Tauros|Tauros-Paldea-Blaze, M|100/100\n|-ability|p1b: Tauros|Intimidate|boost\n|-unboost|p2a: wet sinner|atk|1\n|-unboost|p2b: Iron Crown|atk|1\n|move|p1a: Gastrodon|Protect|p1a: Gastrodon\n|-singleturn|p1a: Gastrodon|Protect\n|move|p2a: wet sinner|Horn Leech|p1a: Gastrodon\n|-activate|p1a: Gastrodon|move: Protect\n|move|p2b: Iron Crown|Expanding Force|p1b: Tauros\n|-supereffective|p1b: Tauros\n|-damage|p1b: Tauros|19/100\n|\n|-weather|Snowscape|[upkeep]\n|upkeep\n|turn|12\n|\n|t:|1771207445\n|move|p1b: Tauros|Protect|p1b: Tauros\n|-singleturn|p1b: Tauros|Protect\n|move|p2a: wet sinner|Horn Leech|p1a: Gastrodon\n|-supereffective|p1a: Gastrodon\n|-damage|p1a: Gastrodon|0 fnt\n|faint|p1a: Gastrodon\n|move|p2b: Iron Crown|Expanding Force|p1b: Tauros\n|-activate|p1b: Tauros|move: Protect\n|\n|-weather|Snowscape|[upkeep]\n|-sideend|p2: inakunana|move: Tailwind\n|upkeep\n|\n|t:|1771207450\n|switch|p1a: Ninetales|Ninetales-Alola, F, shiny|28/100\n|turn|13\n|\n|t:|1771207455\n|move|p2a: wet sinner|Ivy Cudgel|p1b: Tauros|[anim] Ivy Cudgel Water\n|-supereffective|p1b: Tauros\n|-damage|p1b: Tauros|0 fnt\n|faint|p1b: Tauros\n|move|p2b: Iron Crown|Tachyon Cutter|p1a: Ninetales\n|-supereffective|p1a: Ninetales\n|-damage|p1a: Ninetales|0 fnt\n|faint|p1a: Ninetales\n|-hitcount|p1: Ninetales|1\n|\n|win|inakunana\n|raw|lucus27's rating: 1694 &rarr; <strong>1673</strong><br />(-21 for losing)\n|raw|inakunana's rating: 1682 &rarr; <strong>1703</strong><br />(+21 for winning)\n|l|☆lucus27\n|player|p1|\n", "uploadtime": 1771207670, "views": 13, "formatid": "gen9doublesou", "rating": 1673, "private": 0, "password": null}