{"id": "gen9doublesou-2540104740", "format": "[Gen 9] Doubles OU", "players": ["constartus", "Lemecano"], "log": "|j|☆constartus\n|j|☆Lemecano\n|t:|1771162514\n|gametype|doubles\n|player|p1|constartus|az|1515\n|player|p2|Lemecano|170|1615\n|gen|9\n|tier|[Gen 9] Doubles OU\n|rated|\n|rule|HP Percentage Mod: HP is shown in percentages\n|rule|Endless Battle Clause: Forcing endless battles is banned\n|rule|Species Clause: Limit one of each Pokémon\n|rule|OHKO Clause: OHKO moves are banned\n|rule|Evasion Moves Clause: Evasion moves are banned\n|rule|Gravity Sleep Clause: The combination of sleep-inducing moves with imperfect accuracy and Gravity or Gigantamax Orbeetle are banned\n|rule|Evasion Abilities Clause: Evasion abilities are banned\n|clearpoke\n|poke|p1|Mew|\n|poke|p1|Incineroar, F|\n|poke|p1|Glimmora, M|\n|poke|p1|Whimsicott, F|\n|poke|p1|Landorus, M|\n|poke|p1|Tinkaton, F|\n|poke|p2|Regidrago|\n|poke|p2|Incineroar, M|\n|poke|p2|Clefable, F|\n|poke|p2|Ogerpon-Wellspring, F|\n|poke|p2|Raging Bolt|\n|poke|p2|Sneasler, F|\n|teampreview\n|inactive|Battle timer is ON: inactive players will automatically lose when time's up. (requested by Lemecano)\n|inactive|constartus also wants the timer to be on.\n|\n|t:|1771162527\n|teamsize|p1|6\n|teamsize|p2|6\n|start\n|switch|p1a: Glimmora|Glimmora, M|100/100\n|switch|p1b: Incineroar|Incineroar, F|100/100\n|switch|p2a: Sneasler|Sneasler, F|100/100\n|switch|p2b: Incineroar|Incineroar, M|100/100\n|-ability|p2b: Incineroar|Intimidate|boost\n|-unboost|p1a: Glimmora|atk|1\n|-unboost|p1b: Incineroar|atk|1\n|-ability|p1b: Incineroar|Intimidate|boost\n|-unboost|p2a: Sneasler|atk|1\n|-unboost|p2b: Incineroar|atk|1\n|turn|1\n|\n|t:|1771162547\n|move|p2a: Sneasler|Fake Out|p1b: Incineroar\n|-damage|p1b: Incineroar|87/100\n|-enditem|p1b: Incineroar|Eject Button\n|-damage|p2a: Sneasler|91/100|[from] item: Life Orb\n|\n|t:|1771162551\n|switch|p1b: Whimsicott|Whimsicott, F|100/100\n|move|p2b: Incineroar|Fake Out|p1a: Glimmora\n|-resisted|p1a: Glimmora\n|-damage|p1a: Glimmora|95/100\n|-activate|p1a: Glimmora|ability: Toxic Debris\n|-sidestart|p2: Lemecano|move: Toxic Spikes\n|cant|p1a: Glimmora|flinch\n|\n|upkeep\n|turn|2\n|\n|t:|1771162565\n|move|p1b: Whimsicott|Encore|p2a: Sneasler\n|-start|p2a: Sneasler|Encore\n|move|p2a: Sneasler|Fake Out||[still]\n|-hint|Fake Out only works on your first turn out.\n|-fail|p2a: Sneasler\n|move|p1a: Glimmora|Earth Power|p2a: Sneasler\n|-supereffective|p2a: Sneasler\n|-damage|p2a: Sneasler|5/100\n|move|p2b: Incineroar|Flare Blitz|p1b: Whimsicott\n|-supereffective|p1b: Whimsicott\n|-damage|p1b: Whimsicott|32/100\n|-damage|p2b: Incineroar|82/100|[from] Recoil\n|\n|upkeep\n|turn|3\n|\n|t:|1771162585\n|switch|p2a: Clefable|Clefable, F|100/100\n|-status|p2a: Clefable|psn\n|switch|p1b: Incineroar|Incineroar, F|87/100\n|-ability|p1b: Incineroar|Intimidate|boost\n|-unboost|p2a: Clefable|atk|1\n|-unboost|p2b: Incineroar|atk|1\n|move|p1a: Glimmora|Earth Power|p2b: Incineroar\n|-supereffective|p2b: Incineroar\n|-damage|p2b: Incineroar|35/100\n|move|p2b: Incineroar|Flare Blitz|p1b: Incineroar\n|-resisted|p1b: Incineroar\n|-damage|p1b: Incineroar|75/100\n|-damage|p2b: Incineroar|31/100|[from] Recoil\n|\n|-damage|p2a: Clefable|88/100 psn|[from] psn\n|upkeep\n|turn|4\n|\n|t:|1771162601\n|move|p1b: Incineroar|Fake Out|p2b: Incineroar\n|-damage|p2b: Incineroar|20/100\n|move|p1a: Glimmora|Venoshock|p2a: Clefable\n|-supereffective|p2a: Clefable\n|-damage|p2a: Clefable|0 fnt\n|faint|p2a: Clefable\n|cant|p2b: Incineroar|flinch\n|\n|upkeep\n|\n|t:|1771162610\n|switch|p2a: Sneasler|Sneasler, F|5/100\n|-sideend|p2: Lemecano|move: Toxic Spikes|[of] p2a: Sneasler\n|turn|5\n|\n|t:|1771162622\n|move|p1a: Glimmora|Spiky Shield|p1a: Glimmora\n|-singleturn|p1a: Glimmora|move: Protect\n|move|p2a: Sneasler|Close Combat|p1a: Glimmora\n|-activate|p1a: Glimmora|move: Protect\n|-damage|p2a: Sneasler|0 fnt|[from] Spiky Shield|[of] p1a: Glimmora\n|faint|p2a: Sneasler\n|move|p2b: Incineroar|Parting Shot|p1b: Incineroar\n|-unboost|p1b: Incineroar|atk|1\n|-unboost|p1b: Incineroar|spa|1\n|\n|t:|1771162628\n|switch|p2b: Regidrago|Regidrago|100/100|[from] Parting Shot\n|move|p1b: Incineroar|Darkest Lariat|p2b: Regidrago\n|-damage|p2b: Regidrago|69/100\n|\n|upkeep\n|\n|t:|1771162632\n|switch|p2a: Raging Bolt|Raging Bolt|100/100\n|-enditem|p2a: Raging Bolt|Booster Energy\n|-activate|p2a: Raging Bolt|ability: Protosynthesis|[fromitem]\n|-start|p2a: Raging Bolt|protosynthesisspa\n|turn|6\n|\n|t:|1771162655\n|switch|p1b: Tinkaton|Tinkaton, F|100/100\n|move|p1a: Glimmora|Mortal Spin|p2b: Regidrago|[spread] p2a,p2b\n|-damage|p2a: Raging Bolt|98/100\n|-damage|p2b: Regidrago|66/100\n|-status|p2a: Raging Bolt|psn\n|-status|p2b: Regidrago|psn\n|move|p2b: Regidrago|Earth Power|p1a: Glimmora\n|-supereffective|p1a: Glimmora\n|-damage|p1a: Glimmora|0 fnt\n|faint|p1a: Glimmora\n|move|p2a: Raging Bolt|Thunderbolt|p1b: Tinkaton\n|-damage|p1b: Tinkaton|40/100\n|\n|-damage|p2b: Regidrago|54/100 psn|[from] psn\n|-damage|p2a: Raging Bolt|86/100 psn|[from] psn\n|upkeep\n|\n|t:|1771162665\n|switch|p1a: Incineroar|Incineroar, F|75/100\n|-ability|p1a: Incineroar|Intimidate|boost\n|-unboost|p2a: Raging Bolt|atk|1\n|-unboost|p2b: Regidrago|atk|1\n|turn|7\n|\n|t:|1771162677\n|move|p2b: Regidrago|Protect|p2b: Regidrago\n|-singleturn|p2b: Regidrago|Protect\n|move|p1a: Incineroar|Fake Out|p2b: Regidrago\n|-activate|p2b: Regidrago|move: Protect\n|move|p2a: Raging Bolt|Thunderclap|p1b: Tinkaton\n|-damage|p1b: Tinkaton|0 fnt\n|faint|p1b: Tinkaton\n|\n|-damage|p2b: Regidrago|42/100 psn|[from] psn\n|-damage|p2a: Raging Bolt|73/100 psn|[from] psn\n|upkeep\n|\n|t:|1771162685\n|switch|p1b: Whimsicott|Whimsicott, F|32/100\n|turn|8\n|\n|t:|1771162709\n|-end|p2a: Raging Bolt|Protosynthesis|[silent]\n|switch|p2a: Ogerpon|Ogerpon-Wellspring, F|100/100\n|move|p1b: Whimsicott|Encore|p2b: Regidrago\n|-start|p2b: Regidrago|Encore\n|move|p2b: Regidrago|Protect||[still]\n|-fail|p2b: Regidrago\n|move|p1a: Incineroar|Darkest Lariat|p2a: Ogerpon\n|-damage|p2a: Ogerpon|53/100\n|\n|-damage|p2b: Regidrago|29/100 psn|[from] psn\n|upkeep\n|turn|9\n|\n|t:|1771162725\n|switch|p2b: Incineroar|Incineroar, M|20/100\n|-ability|p2b: Incineroar|Intimidate|boost\n|-unboost|p1a: Incineroar|atk|1\n|-unboost|p1b: Whimsicott|atk|1\n|move|p1b: Whimsicott|Tailwind|p1b: Whimsicott\n|-sidestart|p1: constartus|move: Tailwind\n|move|p2a: Ogerpon|Ivy Cudgel|p1a: Incineroar|[anim] Ivy Cudgel Water\n|-supereffective|p1a: Incineroar\n|-damage|p1a: Incineroar|0 fnt\n|faint|p1a: Incineroar\n|\n|upkeep\n|\n|t:|1771162744\n|switch|p1a: Landorus|Landorus, M|100/100\n|turn|10\n|\n|t:|1771162772\n|move|p1a: Landorus|Protect|p1a: Landorus\n|-singleturn|p1a: Landorus|Protect\n|move|p2b: Incineroar|Fake Out|p1b: Whimsicott\n|-damage|p1b: Whimsicott|20/100\n|cant|p1b: Whimsicott|flinch\n|move|p2a: Ogerpon|Ivy Cudgel|p1b: Whimsicott|[anim] Ivy Cudgel Water\n|-resisted|p1b: Whimsicott\n|-damage|p1b: Whimsicott|0 fnt\n|faint|p1b: Whimsicott\n|\n|upkeep\n|\n|t:|1771162778\n|switch|p1b: Mew|Mew, shiny|100/100\n|turn|11\n|\n|t:|1771162794\n|switch|p2b: Raging Bolt|Raging Bolt|73/100 psn\n|move|p1b: Mew|Protect|p1b: Mew\n|-singleturn|p1b: Mew|Protect\n|move|p2a: Ogerpon|Spiky Shield|p2a: Ogerpon\n|-singleturn|p2a: Ogerpon|move: Protect\n|move|p1a: Landorus|Sludge Wave|p2a: Ogerpon|[spread] p2b\n|-activate|p1b: Mew|move: Protect\n|-activate|p2a: Ogerpon|move: Protect\n|-damage|p2b: Raging Bolt|38/100 psn\n|\n|-damage|p2b: Raging Bolt|26/100 psn|[from] psn\n|upkeep\n|turn|12\n|\n|t:|1771162817\n|switch|p2a: Regidrago|Regidrago|29/100 psn\n|move|p2b: Raging Bolt|Thunderclap||[still]\n|-fail|p2b: Raging Bolt\n|move|p1b: Mew|Imprison|p1b: Mew\n|-start|p1b: Mew|move: Imprison\n|move|p1a: Landorus|Sludge Wave|p2b: Raging Bolt|[spread] p1b,p2a,p2b\n|-damage|p1b: Mew|67/100\n|-damage|p2a: Regidrago|0 fnt\n|-damage|p2b: Raging Bolt|0 fnt\n|faint|p2a: Regidrago\n|faint|p2b: Raging Bolt\n|-end|p2b: Raging Bolt|Protosynthesis|[silent]\n|\n|-heal|p1b: Mew|73/100|[from] item: Leftovers\n|-sideend|p1: constartus|move: Tailwind\n|upkeep\n|\n|t:|1771162831\n|switch|p2a: Ogerpon|Ogerpon-Wellspring, F|53/100\n|switch|p2b: Incineroar|Incineroar, M|20/100\n|-ability|p2b: Incineroar|Intimidate|boost\n|-unboost|p1a: Landorus|atk|1\n|-unboost|p1b: Mew|atk|1\n|turn|13\n|inactive|Lemecano has 120 seconds left.\n|\n|t:|1771162876\n|move|p1b: Mew|Protect|p1b: Mew\n|-singleturn|p1b: Mew|Protect\n|move|p1a: Landorus|Protect|p1a: Landorus\n|-singleturn|p1a: Landorus|Protect\n|move|p2b: Incineroar|Fake Out|p1a: Landorus\n|-activate|p1a: Landorus|move: Protect\n|move|p2a: Ogerpon|Ivy Cudgel|p1a: Landorus|[anim] Ivy Cudgel Water\n|-activate|p1a: Landorus|move: Protect\n|\n|-heal|p1b: Mew|79/100|[from] item: Leftovers\n|upkeep\n|turn|14\n|inactive|Lemecano has 120 seconds left.\n|\n|t:|1771162893\n|-terastallize|p2a: Ogerpon|Water\n|detailschange|p2a: Ogerpon|Ogerpon-Wellspring-Tera, F, tera:Water\n|-ability|p2a: Ogerpon|Embody Aspect (Wellspring)|boost\n|-boost|p2a: Ogerpon|spd|1\n|-terastallize|p1a: Landorus|Water\n|move|p2a: Ogerpon|Ivy Cudgel|p1a: Landorus|[anim] Ivy Cudgel Water\n|-resisted|p1a: Landorus\n|-damage|p1a: Landorus|57/100\n|move|p1b: Mew|Transform|p2b: Incineroar\n|-transform|p1b: Mew|p2b: Incineroar\n|-ability|p1b: Mew|Intimidate|boost\n|-unboost|p2a: Ogerpon|atk|1\n|-unboost|p2b: Incineroar|atk|1\n|move|p1a: Landorus|Sludge Wave|p2a: Ogerpon|[spread] p1b,p2a,p2b\n|-damage|p1b: Mew|52/100\n|-damage|p2a: Ogerpon|26/100\n|-damage|p2b: Incineroar|0 fnt\n|faint|p2b: Incineroar\n|\n|-heal|p1b: Mew|58/100|[from] item: Leftovers\n|upkeep\n|turn|15\n|inactive|constartus has 120 seconds left.\n|\n|t:|1771162923\n|move|p1a: Landorus|Protect|p1a: Landorus\n|-singleturn|p1a: Landorus|Protect\n|move|p2a: Ogerpon|Ivy Cudgel|p1b: Mew|[anim] Ivy Cudgel Water\n|-supereffective|p1b: Mew\n|-damage|p1b: Mew|0 fnt\n|faint|p1b: Mew\n|\n|upkeep\n|turn|16\n|\n|t:|1771162932\n|move|p2a: Ogerpon|Horn Leech|p1a: Landorus\n|-supereffective|p1a: Landorus\n|-damage|p1a: Landorus|0 fnt\n|-heal|p2a: Ogerpon|51/100|[from] drain|[of] p1a: Landorus\n|faint|p1a: Landorus\n|\n|win|Lemecano\n|raw|constartus's rating: 1515 &rarr; <strong>1501</strong><br />(-14 for losing)\n|raw|Lemecano's rating: 1615 &rarr; <strong>1629</strong><br />(+14 for winning)\n|l|☆Lemecano\n|player|p2|\n|l|☆constartus\n|player|p1|\n", "uploadtime": 1771163296, "views": 12, "formatid": "gen9doublesou", "rating": 1501, "private": 0, "password": null}