{"id": "gen9doublesou-2540005294", "format": "[Gen 9] Doubles OU", "players": ["daminidjZ", "demakker"], "log": "|j|☆daminidjZ\n|j|☆demakker\n|t:|1771142898\n|gametype|doubles\n|player|p1|daminidjZ|1|1608\n|player|p2|demakker|169|1560\n|gen|9\n|tier|[Gen 9] Doubles OU\n|rated|\n|rule|HP Percentage Mod: HP is shown in percentages\n|rule|Endless Battle Clause: Forcing endless battles is banned\n|rule|Species Clause: Limit one of each Pokémon\n|rule|OHKO Clause: OHKO moves are banned\n|rule|Evasion Moves Clause: Evasion moves are banned\n|rule|Gravity Sleep Clause: The combination of sleep-inducing moves with imperfect accuracy and Gravity or Gigantamax Orbeetle are banned\n|rule|Evasion Abilities Clause: Evasion abilities are banned\n|clearpoke\n|poke|p1|Rillaboom, M|\n|poke|p1|Incineroar, F|\n|poke|p1|Gholdengo|\n|poke|p1|Ninetales-Alola, F|\n|poke|p1|Ursaluna-Bloodmoon, M|\n|poke|p1|Sneasler, F|\n|poke|p2|Cresselia, F|\n|poke|p2|Registeel|\n|poke|p2|Tornadus, M|\n|poke|p2|Regice|\n|poke|p2|Regidrago|\n|poke|p2|Ogerpon-Hearthflame, F|\n|teampreview\n|\n|t:|1771142966\n|teamsize|p1|6\n|teamsize|p2|6\n|start\n|switch|p1a: Incineroar|Incineroar, F|100/100\n|switch|p1b: Sneasler|Sneasler, F, shiny|100/100\n|switch|p2a: Regice|Regice|100/100\n|switch|p2b: Ogerpon|Ogerpon-Hearthflame, F|100/100\n|-ability|p2b: Ogerpon|Mold Breaker\n|-ability|p1a: Incineroar|Intimidate|boost\n|-fail|p2a: Regice|unboost|[from] ability: Clear Body|[of] p2a: Regice\n|-unboost|p2b: Ogerpon|atk|1\n|turn|1\n|\n|t:|1771142989\n|switch|p2a: Tornadus|Tornadus, M|100/100\n|move|p2b: Ogerpon|Spiky Shield|p2b: Ogerpon\n|-singleturn|p2b: Ogerpon|move: Protect\n|move|p1a: Incineroar|Fake Out|p2b: Ogerpon\n|-activate|p2b: Ogerpon|move: Protect\n|-damage|p1a: Incineroar|88/100|[from] Spiky Shield|[of] p2b: Ogerpon\n|move|p1b: Sneasler|Dire Claw|p2b: Ogerpon\n|-activate|p2b: Ogerpon|move: Protect\n|-damage|p1b: Sneasler|88/100|[from] Spiky Shield|[of] p2b: Ogerpon\n|\n|upkeep\n|turn|2\n|\n|t:|1771143010\n|move|p1b: Sneasler|Protect|p1b: Sneasler\n|-singleturn|p1b: Sneasler|Protect\n|move|p2a: Tornadus|Tailwind|p2a: Tornadus\n|-sidestart|p2: demakker|move: Tailwind\n|move|p2b: Ogerpon|Ivy Cudgel|p1b: Sneasler|[anim] Ivy Cudgel Fire\n|-activate|p1b: Sneasler|move: Protect\n|move|p1a: Incineroar|Parting Shot|p2b: Ogerpon\n|-unboost|p2b: Ogerpon|atk|1\n|-unboost|p2b: Ogerpon|spa|1\n|\n|t:|1771143028\n|switch|p1a: Ninetales|Ninetales-Alola, F, shiny|100/100|[from] Parting Shot\n|-weather|Snowscape|[from] ability: Snow Warning|[of] p1a: Ninetales\n|\n|-weather|Snowscape|[upkeep]\n|upkeep\n|turn|3\n|\n|t:|1771143044\n|switch|p2b: Regice|Regice|100/100\n|-terastallize|p1b: Sneasler|Flying\n|move|p1a: Ninetales|Protect|p1a: Ninetales\n|-singleturn|p1a: Ninetales|Protect\n|move|p2a: Tornadus|Bleakwind Storm|p1b: Sneasler|[spread] \n|-activate|p1a: Ninetales|move: Protect\n|-miss|p2a: Tornadus|p1b: Sneasler\n|move|p1b: Sneasler|Dire Claw|p2b: Regice\n|-damage|p2b: Regice|75/100\n|-status|p2b: Regice|slp\n|\n|-weather|Snowscape|[upkeep]\n|upkeep\n|turn|4\n|\n|t:|1771143068\n|move|p2a: Tornadus|Bleakwind Storm|p1a: Ninetales|[spread] p1b\n|-miss|p2a: Tornadus|p1a: Ninetales\n|-damage|p1b: Sneasler|37/100\n|move|p1a: Ninetales|Blizzard|p2b: Regice|[spread] p2a,p2b\n|-supereffective|p2a: Tornadus\n|-resisted|p2b: Regice\n|-damage|p2a: Tornadus|31/100\n|-damage|p2b: Regice|70/100 slp\n|move|p1b: Sneasler|Close Combat|p2b: Regice\n|-supereffective|p2b: Regice\n|-damage|p2b: Regice|2/100 slp\n|-unboost|p1b: Sneasler|def|1\n|-unboost|p1b: Sneasler|spd|1\n|-enditem|p1b: Sneasler|White Herb\n|-clearnegativeboost|p1b: Sneasler|[silent]\n|cant|p2b: Regice|slp\n|\n|-weather|Snowscape|[upkeep]\n|upkeep\n|turn|5\n|\n|t:|1771143086\n|move|p1b: Sneasler|Protect|p1b: Sneasler\n|-singleturn|p1b: Sneasler|Protect\n|move|p2a: Tornadus|Bleakwind Storm|p1a: Ninetales|[spread] p1a\n|-activate|p1b: Sneasler|move: Protect\n|-damage|p1a: Ninetales|54/100\n|move|p1a: Ninetales|Blizzard|p2a: Tornadus|[spread] p2a,p2b\n|-supereffective|p2a: Tornadus\n|-resisted|p2b: Regice\n|-damage|p2a: Tornadus|0 fnt\n|-damage|p2b: Regice|0 fnt\n|faint|p2a: Tornadus\n|faint|p2b: Regice\n|\n|-weather|Snowscape|[upkeep]\n|-sideend|p2: demakker|move: Tailwind\n|upkeep\n|\n|t:|1771143103\n|switch|p2a: Cresselia|Cresselia, F|100/100\n|switch|p2b: Regidrago|Regidrago|100/100\n|turn|6\n|\n|t:|1771143111\n|switch|p1b: Gholdengo|Gholdengo, shiny|100/100\n|move|p2b: Regidrago|Protect|p2b: Regidrago\n|-singleturn|p2b: Regidrago|Protect\n|move|p1a: Ninetales|Aurora Veil|p1a: Ninetales\n|-sidestart|p1: daminidjZ|move: Aurora Veil\n|move|p2a: Cresselia|Trick Room|p2a: Cresselia\n|-fieldstart|move: Trick Room|[of] p2a: Cresselia\n|\n|-weather|none\n|upkeep\n|turn|7\n|\n|t:|1771143126\n|-terastallize|p2b: Regidrago|Steel\n|move|p2b: Regidrago|Earth Power|p1b: Gholdengo\n|-supereffective|p1b: Gholdengo\n|-damage|p1b: Gholdengo|55/100\n|move|p2a: Cresselia|Moonblast|p1a: Ninetales\n|-damage|p1a: Ninetales|41/100\n|-unboost|p1a: Ninetales|spa|1\n|move|p1b: Gholdengo|Nasty Plot|p1b: Gholdengo\n|-boost|p1b: Gholdengo|spa|2\n|move|p1a: Ninetales|Blizzard|p2a: Cresselia|[spread] p2a,p2b\n|-resisted|p2b: Regidrago\n|-damage|p2a: Cresselia|87/100\n|-damage|p2b: Regidrago|90/100\n|\n|upkeep\n|turn|8\n|\n|t:|1771143156\n|move|p2b: Regidrago|Protect|p2b: Regidrago\n|-singleturn|p2b: Regidrago|Protect\n|move|p1b: Gholdengo|Protect|p1b: Gholdengo\n|-singleturn|p1b: Gholdengo|Protect\n|move|p2a: Cresselia|Moonblast|p1a: Ninetales\n|-damage|p1a: Ninetales|28/100\n|move|p1a: Ninetales|Blizzard|p2a: Cresselia|[spread] \n|-activate|p2b: Regidrago|move: Protect\n|-miss|p1a: Ninetales|p2a: Cresselia\n|\n|upkeep\n|turn|9\n|\n|t:|1771143186\n|switch|p1a: Incineroar|Incineroar, F|88/100\n|-ability|p1a: Incineroar|Intimidate|boost\n|-unboost|p2a: Cresselia|atk|1\n|-unboost|p2b: Regidrago|atk|1\n|move|p2b: Regidrago|Earth Power|p1b: Gholdengo\n|-supereffective|p1b: Gholdengo\n|-damage|p1b: Gholdengo|13/100\n|-unboost|p1b: Gholdengo|spd|1\n|move|p2a: Cresselia|Moonblast|p1a: Incineroar\n|-damage|p1a: Incineroar|78/100\n|-unboost|p1a: Incineroar|spa|1\n|move|p1b: Gholdengo|Shadow Ball|p2a: Cresselia\n|-supereffective|p2a: Cresselia\n|-damage|p2a: Cresselia|0 fnt\n|faint|p2a: Cresselia\n|\n|upkeep\n|\n|t:|1771143204\n|switch|p2a: Registeel|Registeel|100/100\n|turn|10\n|\n|t:|1771143225\n|move|p1b: Gholdengo|Protect|p1b: Gholdengo\n|-singleturn|p1b: Gholdengo|Protect\n|move|p1a: Incineroar|Fake Out|p2a: Registeel\n|-resisted|p2a: Registeel\n|-damage|p2a: Registeel|97/100\n|cant|p2a: Registeel|flinch\n|move|p2b: Regidrago|Dragon Energy|p1b: Gholdengo|[spread] p1a\n|-activate|p1b: Gholdengo|move: Protect\n|-damage|p1a: Incineroar|30/100\n|-enditem|p1a: Incineroar|Sitrus Berry|[eat]\n|-heal|p1a: Incineroar|55/100|[from] item: Sitrus Berry\n|\n|-heal|p2a: Registeel|100/100|[from] item: Leftovers\n|-fieldend|move: Trick Room\n|upkeep\n|turn|11\n|\n|t:|1771143268\n|move|p2b: Regidrago|Protect|p2b: Regidrago\n|-singleturn|p2b: Regidrago|Protect\n|move|p1b: Gholdengo|Shadow Ball|p2b: Regidrago\n|-activate|p2b: Regidrago|move: Protect\n|move|p1a: Incineroar|Flare Blitz|p2b: Regidrago\n|-activate|p2b: Regidrago|move: Protect\n|move|p2a: Registeel|Body Press|p1a: Incineroar\n|-supereffective|p1a: Incineroar\n|-damage|p1a: Incineroar|14/100\n|\n|upkeep\n|turn|12\n|\n|t:|1771143284\n|move|p1b: Gholdengo|Shadow Ball|p2b: Regidrago\n|-damage|p2b: Regidrago|13/100\n|move|p2b: Regidrago|Earth Power|p1b: Gholdengo\n|-supereffective|p1b: Gholdengo\n|-damage|p1b: Gholdengo|0 fnt\n|faint|p1b: Gholdengo\n|move|p1a: Incineroar|Flare Blitz|p2b: Regidrago\n|-supereffective|p2b: Regidrago\n|-damage|p2b: Regidrago|0 fnt\n|faint|p2b: Regidrago\n|-damage|p1a: Incineroar|7/100|[from] Recoil\n|move|p2a: Registeel|Heavy Slam|p1a: Incineroar\n|-resisted|p1a: Incineroar\n|-damage|p1a: Incineroar|3/100\n|\n|upkeep\n|\n|t:|1771143300\n|switch|p1b: Rillaboom|Rillaboom, M|100/100\n|switch|p2b: Ogerpon|Ogerpon-Hearthflame, F|100/100\n|-ability|p2b: Ogerpon|Mold Breaker\n|-fieldstart|move: Grassy Terrain|[from] ability: Grassy Surge|[of] p1b: Rillaboom\n|turn|13\n|\n|t:|1771143313\n|move|p1b: Rillaboom|Fake Out|p2b: Ogerpon\n|-damage|p2b: Ogerpon|83/100\n|cant|p2b: Ogerpon|flinch\n|move|p1a: Incineroar|Flare Blitz|p2a: Registeel\n|-supereffective|p2a: Registeel\n|-damage|p2a: Registeel|41/100\n|-status|p2a: Registeel|brn\n|-damage|p1a: Incineroar|0 fnt|[from] Recoil\n|faint|p1a: Incineroar\n|move|p2a: Registeel|Body Press|p1b: Rillaboom\n|-damage|p1b: Rillaboom|87/100\n|\n|-heal|p2b: Ogerpon|90/100|[from] Grassy Terrain\n|-heal|p1b: Rillaboom|93/100|[from] Grassy Terrain\n|-heal|p2a: Registeel|47/100 brn|[from] Grassy Terrain\n|-heal|p2a: Registeel|53/100 brn|[from] item: Leftovers\n|-damage|p2a: Registeel|47/100 brn|[from] brn\n|-sideend|p1: daminidjZ|move: Aurora Veil\n|upkeep\n|\n|t:|1771143328\n|switch|p1a: Sneasler|Sneasler, F, shiny, tera:Flying|37/100\n|turn|14\n|\n|t:|1771143340\n|move|p1a: Sneasler|Dire Claw|p2b: Ogerpon\n|-supereffective|p2b: Ogerpon\n|-damage|p2b: Ogerpon|0 fnt\n|faint|p2b: Ogerpon\n|move|p1b: Rillaboom|High Horsepower|p2a: Registeel\n|-supereffective|p2a: Registeel\n|-damage|p2a: Registeel|9/100 brn\n|move|p2a: Registeel|Iron Defense|p2a: Registeel\n|-boost|p2a: Registeel|def|2\n|\n|-heal|p1b: Rillaboom|99/100|[from] Grassy Terrain\n|-heal|p2a: Registeel|15/100 brn|[from] Grassy Terrain\n|-heal|p2a: Registeel|21/100 brn|[from] item: Leftovers\n|-damage|p2a: Registeel|15/100 brn|[from] brn\n|upkeep\n|turn|15\n|-message|demakker forfeited.\n|\n|win|daminidjZ\n|raw|daminidjZ's rating: 1608 &rarr; <strong>1625</strong><br />(+17 for winning)\n|raw|demakker's rating: 1560 &rarr; <strong>1543</strong><br />(-17 for losing)\n|l|☆demakker\n|player|p2|\n|l|☆daminidjZ\n|player|p1|\n", "uploadtime": 1771143679, "views": 16, "formatid": "gen9doublesou", "rating": 1543, "private": 0, "password": null}