{"id": "gen9doublesou-2540654712", "format": "[Gen 9] Doubles OU", "players": ["natty dice", "MarcusPika347"], "log": "|j|☆natty dice\n|j|☆MarcusPika347\n|t:|1771234908\n|gametype|doubles\n|player|p1|natty dice|bugcatcher-gen4dp|1602\n|player|p2|MarcusPika347|sabrina|1520\n|gen|9\n|tier|[Gen 9] Doubles OU\n|rated|\n|rule|HP Percentage Mod: HP is shown in percentages\n|rule|Endless Battle Clause: Forcing endless battles is banned\n|rule|Species Clause: Limit one of each Pokémon\n|rule|OHKO Clause: OHKO moves are banned\n|rule|Evasion Moves Clause: Evasion moves are banned\n|rule|Gravity Sleep Clause: The combination of sleep-inducing moves with imperfect accuracy and Gravity or Gigantamax Orbeetle are banned\n|rule|Evasion Abilities Clause: Evasion abilities are banned\n|clearpoke\n|poke|p1|Moltres-Galar|\n|poke|p1|Pelipper, F|\n|poke|p1|Garchomp, M|\n|poke|p1|Sinistcha|\n|poke|p1|Mew|\n|poke|p1|Kleavor, F|\n|poke|p2|Indeedee-F, F|\n|poke|p2|Espeon, F|\n|poke|p2|Diancie|\n|poke|p2|Milotic, F|\n|poke|p2|Farigiraf, M|\n|poke|p2|Ribombee, M|\n|teampreview\n|inactive|Battle timer is ON: inactive players will automatically lose when time's up. (requested by MarcusPika347)\n|\n|t:|1771234919\n|teamsize|p1|6\n|teamsize|p2|6\n|start\n|switch|p1a: Kleavor|Kleavor, F|100/100\n|switch|p1b: Pelipper|Pelipper, F|100/100\n|switch|p2a: Indeedee|Indeedee-F, F|100/100\n|switch|p2b: Milotic|Milotic, F|100/100\n|-fieldstart|move: Psychic Terrain|[from] ability: Psychic Surge|[of] p2a: Indeedee\n|-weather|RainDance|[from] ability: Drizzle|[of] p1b: Pelipper\n|turn|1\n|\n|t:|1771234935\n|move|p1b: Pelipper|Wide Guard|p1b: Pelipper\n|-singleturn|p1b: Pelipper|Wide Guard\n|move|p1a: Kleavor|X-Scissor|p2a: Indeedee\n|-supereffective|p2a: Indeedee\n|-damage|p2a: Indeedee|0 fnt\n|faint|p2a: Indeedee\n|-damage|p1a: Kleavor|91/100|[from] item: Life Orb\n|move|p2b: Milotic|Hydro Pump|p1a: Kleavor\n|-supereffective|p1a: Kleavor\n|-damage|p1a: Kleavor|0 fnt\n|faint|p1a: Kleavor\n|\n|-weather|RainDance|[upkeep]\n|upkeep\n|\n|t:|1771234954\n|switch|p1a: Sinistcha|Sinistcha|100/100\n|switch|p2a: Diancie|Diancie|100/100\n|-enditem|p2a: Diancie|Psychic Seed\n|-boost|p2a: Diancie|spd|1|[from] item: Psychic Seed\n|turn|2\n|\n|t:|1771234973\n|move|p1a: Sinistcha|Matcha Gotcha|p2a: Diancie|[spread] p2a,p2b\n|-supereffective|p2a: Diancie\n|-supereffective|p2b: Milotic\n|-damage|p2a: Diancie|71/100\n|-damage|p2b: Milotic|57/100\n|-status|p2a: Diancie|brn\n|move|p2b: Milotic|Hydro Pump|p1b: Pelipper\n|-resisted|p1b: Pelipper\n|-damage|p1b: Pelipper|42/100\n|move|p1b: Pelipper|Muddy Water|p2a: Diancie|[spread] p2a,p2b\n|-supereffective|p2a: Diancie\n|-resisted|p2b: Milotic\n|-damage|p2a: Diancie|25/100 brn\n|-damage|p2b: Milotic|43/100\n|-unboost|p2b: Milotic|accuracy|1\n|-ability|p2b: Milotic|Competitive|boost\n|-boost|p2b: Milotic|spa|2\n|move|p2a: Diancie|Diamond Storm|p1b: Pelipper|[spread] p1a,p1b\n|-supereffective|p1b: Pelipper\n|-damage|p1a: Sinistcha|80/100\n|-damage|p1b: Pelipper|9/100\n|\n|-weather|RainDance|[upkeep]\n|-heal|p2b: Milotic|49/100|[from] item: Leftovers\n|-damage|p2a: Diancie|19/100 brn|[from] brn\n|upkeep\n|turn|3\n|inactive|MarcusPika347 has 120 seconds left.\n|\n|t:|1771235011\n|move|p1b: Pelipper|Wide Guard|p1b: Pelipper\n|-singleturn|p1b: Pelipper|Wide Guard\n|move|p1a: Sinistcha|Matcha Gotcha|p2a: Diancie|[spread] p2a,p2b\n|-supereffective|p2a: Diancie\n|-supereffective|p2b: Milotic\n|-damage|p2a: Diancie|0 fnt\n|-heal|p1a: Sinistcha|90/100|[from] drain|[of] p2a: Diancie\n|-damage|p2b: Milotic|9/100\n|-heal|p1a: Sinistcha|100/100|[from] drain|[of] p2b: Milotic\n|faint|p2a: Diancie\n|move|p2b: Milotic|Life Dew|p2b: Milotic\n|-heal|p2b: Milotic|35/100\n|\n|-weather|RainDance|[upkeep]\n|-heal|p2b: Milotic|41/100|[from] item: Leftovers\n|upkeep\n|\n|t:|1771235026\n|switch|p2a: Espeon|Espeon, F|100/100\n|turn|4\n|inactive|MarcusPika347 has 120 seconds left.\n|\n|t:|1771235044\n|move|p2a: Espeon|Expanding Force|p1a: Sinistcha|[spread] p1a,p1b\n|-damage|p1a: Sinistcha|13/100\n|-damage|p1b: Pelipper|0 fnt\n|-enditem|p1a: Sinistcha|Sitrus Berry|[eat]\n|-heal|p1a: Sinistcha|38/100|[from] item: Sitrus Berry\n|faint|p1b: Pelipper\n|move|p1a: Sinistcha|Shadow Ball|p2a: Espeon\n|-supereffective|p2a: Espeon\n|-damage|p2a: Espeon|1/100\n|move|p2b: Milotic|Hydro Pump|p1a: Sinistcha\n|-resisted|p1a: Sinistcha\n|-damage|p1a: Sinistcha|0 fnt\n|faint|p1a: Sinistcha\n|\n|-weather|RainDance|[upkeep]\n|-heal|p2b: Milotic|47/100|[from] item: Leftovers\n|upkeep\n|\n|t:|1771235055\n|switch|p1a: Moltres|Moltres-Galar|100/100\n|switch|p1b: Mew|Mew|100/100\n|turn|5\n|\n|t:|1771235063\n|move|p1b: Mew|Helping Hand|p1a: Moltres\n|-singleturn|p1a: Moltres|Helping Hand|[of] p1b: Mew\n|move|p2a: Espeon|Protect|p2a: Espeon\n|-singleturn|p2a: Espeon|Protect\n|move|p1a: Moltres|Fiery Wrath|p2a: Espeon|[spread] p2b\n|-activate|p2a: Espeon|move: Protect\n|-damage|p2b: Milotic|16/100\n|move|p2b: Milotic|Icy Wind|p1b: Mew|[spread] p1a,p1b\n|-supereffective|p1a: Moltres\n|-damage|p1a: Moltres|54/100\n|-damage|p1b: Mew|76/100\n|-unboost|p1a: Moltres|spe|1\n|-unboost|p1b: Mew|spe|1\n|-enditem|p1b: Mew|Red Card|[of] p2b: Milotic\n|drag|p2b: Ribombee|Ribombee, M|100/100\n|\n|-weather|RainDance|[upkeep]\n|upkeep\n|turn|6\n|\n|t:|1771235086\n|switch|p1a: Garchomp|Garchomp, M|100/100\n|move|p2a: Espeon|Expanding Force|p1a: Garchomp|[spread] p1a,p1b\n|-resisted|p1b: Mew\n|-damage|p1a: Garchomp|40/100\n|-damage|p1b: Mew|49/100\n|move|p2b: Ribombee|Moonblast|p1a: Garchomp\n|-supereffective|p1a: Garchomp\n|-damage|p1a: Garchomp|0 fnt\n|faint|p1a: Garchomp\n|move|p1b: Mew|Psychic Fangs|p2a: Espeon\n|-resisted|p2a: Espeon\n|-damage|p2a: Espeon|0 fnt\n|faint|p2a: Espeon\n|\n|-weather|RainDance|[upkeep]\n|upkeep\n|inactive|MarcusPika347 has 120 seconds left.\n|\n|t:|1771235104\n|switch|p2a: Milotic|Milotic, F|16/100\n|switch|p1a: Moltres|Moltres-Galar|54/100\n|turn|7\n|\n|t:|1771235119\n|-terastallize|p1a: Moltres|Dark\n|move|p1a: Moltres|Fiery Wrath|p2a: Milotic|[spread] p2a,p2b\n|-resisted|p2b: Ribombee\n|-damage|p2a: Milotic|0 fnt\n|-damage|p2b: Ribombee|68/100\n|faint|p2a: Milotic\n|move|p2b: Ribombee|Moonblast|p1a: Moltres\n|-supereffective|p1a: Moltres\n|-damage|p1a: Moltres|0 fnt\n|faint|p1a: Moltres\n|move|p1b: Mew|Psychic Fangs|p2b: Ribombee\n|-damage|p2b: Ribombee|0 fnt\n|faint|p2b: Ribombee\n|\n|-weather|RainDance|[upkeep]\n|upkeep\n|\n|t:|1771235132\n|switch|p2b: Farigiraf|Farigiraf, M|100/100\n|turn|8\n|\n|t:|1771235139\n|move|p1b: Mew|Psychic Fangs|p2b: Farigiraf\n|-resisted|p2b: Farigiraf\n|-damage|p2b: Farigiraf|78/100\n|move|p2b: Farigiraf|Expanding Force|p1b: Mew\n|-resisted|p1b: Mew\n|-damage|p1b: Mew|14/100\n|\n|-weather|none\n|-heal|p2b: Farigiraf|85/100|[from] item: Leftovers\n|-fieldend|move: Psychic Terrain\n|upkeep\n|turn|9\n|\n|t:|1771235151\n|move|p1b: Mew|Psychic Fangs|p2b: Farigiraf\n|-resisted|p2b: Farigiraf\n|-damage|p2b: Farigiraf|68/100\n|move|p2b: Farigiraf|Thunderbolt|p1b: Mew\n|-damage|p1b: Mew|0 fnt\n|faint|p1b: Mew\n|\n|win|MarcusPika347\n|raw|natty dice's rating: 1602 &rarr; <strong>1577</strong><br />(-25 for losing)\n|raw|MarcusPika347's rating: 1520 &rarr; <strong>1545</strong><br />(+25 for winning)\n|l|☆natty dice\n|player|p1|\n|l|☆MarcusPika347\n|player|p2|\n", "uploadtime": 1771235543, "views": 12, "formatid": "gen9doublesou", "rating": 1545, "private": 0, "password": null}