{"id": "gen9doublesou-2540050157", "format": "[Gen 9] Doubles OU", "players": ["biryanilover", "qwqwwqqwwq"], "log": "|j|☆biryanilover\n|j|☆qwqwwqqwwq\n|t:|1771152509\n|gametype|doubles\n|player|p1|biryanilover|101|1572\n|player|p2|qwqwwqqwwq|hiker-gen4|1639\n|gen|9\n|tier|[Gen 9] Doubles OU\n|rated|\n|rule|HP Percentage Mod: HP is shown in percentages\n|rule|Endless Battle Clause: Forcing endless battles is banned\n|rule|Species Clause: Limit one of each Pokémon\n|rule|OHKO Clause: OHKO moves are banned\n|rule|Evasion Moves Clause: Evasion moves are banned\n|rule|Gravity Sleep Clause: The combination of sleep-inducing moves with imperfect accuracy and Gravity or Gigantamax Orbeetle are banned\n|rule|Evasion Abilities Clause: Evasion abilities are banned\n|clearpoke\n|poke|p1|Ogerpon-Hearthflame, F|\n|poke|p1|Rillaboom, F|\n|poke|p1|Incineroar, F|\n|poke|p1|Ursaluna-Bloodmoon, M|\n|poke|p1|Tornadus, M|\n|poke|p1|Farigiraf, M|\n|poke|p2|Lucario, M|\n|poke|p2|Thundurus, M|\n|poke|p2|Golem, F|\n|poke|p2|Scizor, M|\n|poke|p2|Chandelure, M|\n|poke|p2|Dragonite, F|\n|teampreview\n|inactive|Battle timer is ON: inactive players will automatically lose when time's up. (requested by biryanilover)\n|\n|t:|1771152528\n|teamsize|p1|6\n|teamsize|p2|6\n|start\n|switch|p1a: Ogerpon|Ogerpon-Hearthflame, F|100/100\n|switch|p1b: Ursaluna|Ursaluna-Bloodmoon, M|100/100\n|switch|p2a: Lucario|Lucario, M|100/100\n|switch|p2b: Thundurus|Thundurus, M|100/100\n|-ability|p1a: Ogerpon|Mold Breaker\n|turn|1\n|\n|t:|1771152549\n|switch|p1b: Farigiraf|Farigiraf, M|100/100\n|-terastallize|p1a: Ogerpon|Fire\n|detailschange|p1a: Ogerpon|Ogerpon-Hearthflame-Tera, F, tera:Fire\n|-ability|p1a: Ogerpon|Embody Aspect (Hearthflame)|boost\n|-boost|p1a: Ogerpon|atk|1\n|move|p2b: Thundurus|Nasty Plot|p2b: Thundurus\n|-boost|p2b: Thundurus|spa|2\n|move|p1a: Ogerpon|Ivy Cudgel|p2a: Lucario|[anim] Ivy Cudgel Fire\n|-supereffective|p2a: Lucario\n|-enditem|p2a: Lucario|Focus Sash\n|-damage|p2a: Lucario|1/100\n|move|p2a: Lucario|Aura Sphere|p1b: Farigiraf\n|-damage|p1b: Farigiraf|70/100\n|\n|upkeep\n|turn|2\n|\n|t:|1771152569\n|switch|p2a: Golem|Golem, F|100/100\n|-terastallize|p2b: Thundurus|Electric\n|move|p2b: Thundurus|Discharge|p1a: Ogerpon|[spread] p1a,p1b\n|-immune|p2a: Golem\n|-damage|p1a: Ogerpon|2/100\n|-damage|p1b: Farigiraf|8/100\n|move|p1a: Ogerpon|Ivy Cudgel|p2b: Thundurus|[anim] Ivy Cudgel Fire\n|-enditem|p2b: Thundurus|Focus Sash\n|-damage|p2b: Thundurus|1/100\n|move|p1b: Farigiraf|Hyper Voice|p2a: Golem|[spread] p2a,p2b\n|-resisted|p2a: Golem\n|-damage|p2a: Golem|78/100\n|-damage|p2b: Thundurus|0 fnt\n|faint|p2b: Thundurus\n|-enditem|p1b: Farigiraf|Throat Spray\n|-boost|p1b: Farigiraf|spa|1|[from] item: Throat Spray\n|\n|upkeep\n|inactive|qwqwwqqwwq has 120 seconds left.\n|\n|t:|1771152587\n|switch|p2b: Dragonite|Dragonite, F|100/100\n|turn|3\n|\n|t:|1771152599\n|move|p2a: Golem|Protect|p2a: Golem\n|-singleturn|p2a: Golem|Protect\n|move|p1a: Ogerpon|Ivy Cudgel|p2b: Dragonite|[anim] Ivy Cudgel Fire\n|-resisted|p2b: Dragonite\n|-damage|p2b: Dragonite|50/100\n|move|p2b: Dragonite|Earthquake|p1b: Farigiraf|[spread] p1a,p1b\n|-activate|p2a: Golem|move: Protect\n|-supereffective|p1a: Ogerpon\n|-damage|p1a: Ogerpon|0 fnt\n|-damage|p1b: Farigiraf|0 fnt\n|faint|p1a: Ogerpon\n|detailschange|p1: Ogerpon|Ogerpon-Hearthflame, F|[silent]\n|faint|p1b: Farigiraf\n|\n|upkeep\n|\n|t:|1771152610\n|switch|p1a: Rillaboom|Rillaboom, F|100/100\n|switch|p1b: Tornadus|Tornadus, M|100/100\n|-fieldstart|move: Grassy Terrain|[from] ability: Grassy Surge|[of] p1a: Rillaboom\n|turn|4\n|\n|t:|1771152619\n|move|p2b: Dragonite|Extreme Speed|p1b: Tornadus\n|-damage|p1b: Tornadus|56/100\n|move|p1b: Tornadus|Tailwind|p1b: Tornadus\n|-sidestart|p1: biryanilover|move: Tailwind\n|move|p1a: Rillaboom|U-turn|p2a: Golem\n|-damage|p2a: Golem|53/100\n|\n|t:|1771152624\n|switch|p1a: Ursaluna|Ursaluna-Bloodmoon, M|100/100|[from] U-turn\n|move|p2a: Golem|Rock Slide|p1a: Ursaluna|[spread] p1a,p1b\n|-resisted|p1a: Ursaluna\n|-supereffective|p1b: Tornadus\n|-damage|p1a: Ursaluna|90/100\n|-damage|p1b: Tornadus|0 fnt\n|faint|p1b: Tornadus\n|\n|-heal|p1a: Ursaluna|96/100|[from] Grassy Terrain\n|-heal|p2a: Golem|59/100|[from] Grassy Terrain\n|upkeep\n|\n|t:|1771152627\n|switch|p1b: Rillaboom|Rillaboom, F|100/100\n|turn|5\n|\n|t:|1771152650\n|move|p2a: Golem|Wide Guard|p2a: Golem\n|-singleturn|p2a: Golem|Wide Guard\n|move|p2b: Dragonite|Extreme Speed|p1b: Rillaboom\n|-damage|p1b: Rillaboom|74/100\n|move|p1b: Rillaboom|Wood Hammer|p2a: Golem\n|-supereffective|p2a: Golem\n|-damage|p2a: Golem|0 fnt\n|faint|p2a: Golem\n|-damage|p1b: Rillaboom|60/100|[from] Recoil\n|move|p1a: Ursaluna|Hyper Voice|p2b: Dragonite\n|-activate|p2b: Dragonite|move: Wide Guard\n|\n|-heal|p1b: Rillaboom|66/100|[from] Grassy Terrain\n|-heal|p1a: Ursaluna|100/100|[from] Grassy Terrain\n|upkeep\n|inactive|qwqwwqqwwq has 120 seconds left.\n|-message|biryanilover forfeited.\n|\n|win|qwqwwqqwwq\n|raw|biryanilover's rating: 1572 &rarr; <strong>1556</strong><br />(-16 for losing)\n|raw|qwqwwqqwwq's rating: 1639 &rarr; <strong>1655</strong><br />(+16 for winning)\n|l|☆biryanilover\n|player|p1|\n|l|☆qwqwwqqwwq\n|player|p2|\n", "uploadtime": 1771153022, "views": 11, "formatid": "gen9doublesou", "rating": 1556, "private": 0, "password": null}