{"id": "gen9doublesou-2540028515", "format": "[Gen 9] Doubles OU", "players": ["ustat", "gil321"], "log": "|j|☆ustat\n|j|☆gil321\n|t:|1771148011\n|gametype|doubles\n|player|p1|ustat|red|1578\n|player|p2|gil321|rocketgrunt|1716\n|gen|9\n|tier|[Gen 9] Doubles OU\n|rated|\n|rule|HP Percentage Mod: HP is shown in percentages\n|rule|Endless Battle Clause: Forcing endless battles is banned\n|rule|Species Clause: Limit one of each Pokémon\n|rule|OHKO Clause: OHKO moves are banned\n|rule|Evasion Moves Clause: Evasion moves are banned\n|rule|Gravity Sleep Clause: The combination of sleep-inducing moves with imperfect accuracy and Gravity or Gigantamax Orbeetle are banned\n|rule|Evasion Abilities Clause: Evasion abilities are banned\n|clearpoke\n|poke|p1|Regidrago|\n|poke|p1|Gholdengo|\n|poke|p1|Rillaboom, M|\n|poke|p1|Ribombee, F|\n|poke|p1|Chi-Yu|\n|poke|p1|Ogerpon-Wellspring, F|\n|poke|p2|Excadrill, F|\n|poke|p2|Chien-Pao|\n|poke|p2|Tyranitar, M|\n|poke|p2|Dragonite, M|\n|poke|p2|Sinistcha-Masterpiece|\n|poke|p2|Landorus, M|\n|teampreview\n|\n|t:|1771148025\n|teamsize|p1|6\n|teamsize|p2|6\n|start\n|switch|p1a: I will survive!|Ribombee, F|100/100\n|switch|p1b: Rillaboom|Rillaboom, M|100/100\n|switch|p2a: Vini Jr|Chien-Pao|100/100\n|switch|p2b: C. Ronaldo (C)|Dragonite, M|100/100\n|-ability|p2a: Vini Jr|Sword of Ruin\n|-fieldstart|move: Grassy Terrain|[from] ability: Grassy Surge|[of] p1b: Rillaboom\n|turn|1\n|inactive|Battle timer is ON: inactive players will automatically lose when time's up. (requested by gil321)\n|\n|t:|1771148052\n|-terastallize|p2b: C. Ronaldo (C)|Normal\n|move|p2a: Vini Jr|Protect|p2a: Vini Jr\n|-singleturn|p2a: Vini Jr|Protect\n|move|p1b: Rillaboom|Fake Out|p2a: Vini Jr\n|-activate|p2a: Vini Jr|move: Protect\n|move|p2b: C. Ronaldo (C)|Extreme Speed|p1a: I will survive!\n|-enditem|p1a: I will survive!|Focus Sash\n|-damage|p1a: I will survive!|1/100\n|move|p1a: I will survive!|Tailwind|p1a: I will survive!\n|-sidestart|p1: ustat|move: Tailwind\n|\n|-heal|p1a: I will survive!|7/100|[from] Grassy Terrain\n|upkeep\n|turn|2\n|\n|t:|1771148080\n|switch|p1a: Gholdengo|Gholdengo|100/100\n|move|p2b: C. Ronaldo (C)|Extreme Speed|p1b: Rillaboom\n|-damage|p1b: Rillaboom|19/100\n|move|p1b: Rillaboom|U-turn|p2a: Vini Jr\n|-supereffective|p2a: Vini Jr\n|-damage|p2a: Vini Jr|31/100\n|inactive|ustat has 120 seconds left.\n|\n|t:|1771148096\n|switch|p1b: Luck Charm|Chi-Yu|100/100|[from] U-turn\n|-ability|p1b: Luck Charm|Beads of Ruin\n|move|p2a: Vini Jr|Ice Spinner|p1b: Luck Charm\n|-resisted|p1b: Luck Charm\n|-damage|p1b: Luck Charm|54/100\n|-fieldend|move: Grassy Terrain\n|\n|upkeep\n|turn|3\n|inactive|ustat has 120 seconds left.\n|\n|t:|1771148118\n|-terastallize|p1b: Luck Charm|Ghost\n|move|p2b: C. Ronaldo (C)|Extreme Speed|p1b: Luck Charm\n|-immune|p1b: Luck Charm\n|move|p1b: Luck Charm|Flamethrower|p2b: C. Ronaldo (C)\n|-damage|p2b: C. Ronaldo (C)|26/100\n|-damage|p1b: Luck Charm|44/100|[from] item: Life Orb\n|move|p1a: Gholdengo|Dazzling Gleam|p2b: C. Ronaldo (C)|[spread] p2a,p2b\n|-supereffective|p2a: Vini Jr\n|-damage|p2a: Vini Jr|0 fnt\n|-damage|p2b: C. Ronaldo (C)|0 fnt\n|faint|p2a: Vini Jr\n|faint|p2b: C. Ronaldo (C)\n|\n|upkeep\n|\n|t:|1771148122\n|switch|p2a: Van dijk|Tyranitar, M|100/100\n|switch|p2b: Messi|Excadrill, F|100/100\n|-weather|Sandstorm|[from] ability: Sand Stream|[of] p2a: Van dijk\n|turn|4\n|j| levan123\n|inactive|ustat has 120 seconds left.\n|\n|t:|1771148154\n|switch|p1a: Rillaboom|Rillaboom, M|19/100\n|-fieldstart|move: Grassy Terrain|[from] ability: Grassy Surge|[of] p1a: Rillaboom\n|switch|p2a: Depay|Landorus, M|100/100\n|move|p2b: Messi|Protect|p2b: Messi\n|-singleturn|p2b: Messi|Protect\n|move|p1b: Luck Charm|Flamethrower|p2b: Messi\n|-activate|p2b: Messi|move: Protect\n|\n|-weather|Sandstorm|[upkeep]\n|-damage|p1b: Luck Charm|38/100|[from] Sandstorm\n|-damage|p1a: Rillaboom|13/100|[from] Sandstorm\n|-heal|p1b: Luck Charm|44/100|[from] Grassy Terrain\n|-heal|p1a: Rillaboom|19/100|[from] Grassy Terrain\n|-sideend|p1: ustat|move: Tailwind\n|upkeep\n|turn|5\n|\n|t:|1771148180\n|switch|p2b: Van dijk|Tyranitar, M|100/100\n|move|p1b: Luck Charm|Protect|p1b: Luck Charm\n|-singleturn|p1b: Luck Charm|Protect\n|move|p1a: Rillaboom|Grassy Glide|p2b: Van dijk\n|-supereffective|p2b: Van dijk\n|-damage|p2b: Van dijk|49/100\n|move|p2a: Depay|Sandsear Storm|p1a: Rillaboom|[spread] p1a\n|-activate|p1b: Luck Charm|move: Protect\n|-resisted|p1a: Rillaboom\n|-damage|p1a: Rillaboom|1/100\n|\n|-weather|Sandstorm|[upkeep]\n|-damage|p1b: Luck Charm|38/100|[from] Sandstorm\n|-damage|p1a: Rillaboom|0 fnt|[from] Sandstorm\n|faint|p1a: Rillaboom\n|-heal|p1b: Luck Charm|44/100|[from] Grassy Terrain\n|-heal|p2b: Van dijk|55/100|[from] Grassy Terrain\n|upkeep\n|inactive|ustat has 120 seconds left.\n|\n|t:|1771148193\n|switch|p1a: I will survive!|Ribombee, F|7/100\n|turn|6\n|\n|t:|1771148203\n|switch|p2a: De Bruyne|Sinistcha-Masterpiece|100/100\n|-heal|p2b: Van dijk|80/100|[from] ability: Hospitality|[of] p2a: De Bruyne\n|move|p1a: I will survive!|Tailwind|p1a: I will survive!\n|-sidestart|p1: ustat|move: Tailwind\n|move|p1b: Luck Charm|Dark Pulse|p2a: De Bruyne\n|-supereffective|p2a: De Bruyne\n|-damage|p2a: De Bruyne|1/100\n|-damage|p1b: Luck Charm|34/100|[from] item: Life Orb\n|move|p2b: Van dijk|Rock Slide|p1b: Luck Charm|[spread] p1a,p1b\n|-supereffective|p1a: I will survive!\n|-damage|p1a: I will survive!|0 fnt\n|-damage|p1b: Luck Charm|0 fnt\n|faint|p1a: I will survive!\n|faint|p1b: Luck Charm\n|\n|-weather|Sandstorm|[upkeep]\n|-damage|p2a: De Bruyne|0 fnt|[from] Sandstorm\n|faint|p2a: De Bruyne\n|-heal|p2b: Van dijk|86/100|[from] Grassy Terrain\n|upkeep\n|inactive|gil321 has 120 seconds left.\n|l| levan123\n|\n|t:|1771148251\n|switch|p1a: Gholdengo|Gholdengo|100/100\n|switch|p1b: Drink water|Ogerpon-Wellspring, F|100/100\n|switch|p2a: Messi|Excadrill, F|100/100\n|turn|7\n|inactive|gil321 has 120 seconds left.\n|\n|t:|1771148267\n|switch|p2b: Depay|Landorus, M|100/100\n|move|p1b: Drink water|Ivy Cudgel|p2b: Depay|[anim] Ivy Cudgel Water\n|-supereffective|p2b: Depay\n|-crit|p2b: Depay\n|-enditem|p2b: Depay|Focus Sash\n|-damage|p2b: Depay|1/100\n|move|p1a: Gholdengo|Shadow Ball|p2a: Messi\n|-damage|p2a: Messi|18/100\n|move|p2a: Messi|Earthquake|p1b: Drink water|[spread] p1a,p1b\n|-immune|p2b: Depay\n|-supereffective|p1a: Gholdengo\n|-resisted|p1b: Drink water\n|-damage|p1a: Gholdengo|49/100\n|-damage|p1b: Drink water|88/100\n|\n|-weather|Sandstorm|[upkeep]\n|-damage|p1b: Drink water|82/100|[from] Sandstorm\n|-heal|p1b: Drink water|88/100|[from] Grassy Terrain\n|-heal|p1a: Gholdengo|55/100|[from] Grassy Terrain\n|-heal|p2a: Messi|25/100|[from] Grassy Terrain\n|upkeep\n|turn|8\n|\n|t:|1771148286\n|move|p2a: Messi|Protect|p2a: Messi\n|-singleturn|p2a: Messi|Protect\n|move|p2b: Depay|Protect|p2b: Depay\n|-singleturn|p2b: Depay|Protect\n|move|p1b: Drink water|Ivy Cudgel|p2b: Depay|[anim] Ivy Cudgel Water\n|-activate|p2b: Depay|move: Protect\n|move|p1a: Gholdengo|Shadow Ball|p2a: Messi\n|-activate|p2a: Messi|move: Protect\n|\n|-weather|none\n|-heal|p1b: Drink water|94/100|[from] Grassy Terrain\n|-heal|p1a: Gholdengo|61/100|[from] Grassy Terrain\n|-heal|p2a: Messi|31/100|[from] Grassy Terrain\n|-fieldend|move: Grassy Terrain\n|upkeep\n|turn|9\n|\n|t:|1771148302\n|switch|p2a: Van dijk|Tyranitar, M|86/100\n|-weather|Sandstorm|[from] ability: Sand Stream|[of] p2a: Van dijk\n|move|p1b: Drink water|Ivy Cudgel|p2a: Van dijk|[anim] Ivy Cudgel Water\n|-supereffective|p2a: Van dijk\n|-damage|p2a: Van dijk|18/100\n|move|p1a: Gholdengo|Shadow Ball|p2b: Depay\n|-damage|p2b: Depay|0 fnt\n|faint|p2b: Depay\n|\n|-weather|Sandstorm|[upkeep]\n|-damage|p1b: Drink water|88/100|[from] Sandstorm\n|-sideend|p1: ustat|move: Tailwind\n|upkeep\n|\n|t:|1771148315\n|switch|p2b: Messi|Excadrill, F|31/100\n|turn|10\n|\n|t:|1771148329\n|move|p2b: Messi|Rock Slide|p1b: Drink water|[spread] p1a,p1b\n|-resisted|p1a: Gholdengo\n|-damage|p1a: Gholdengo|48/100\n|-damage|p1b: Drink water|65/100\n|move|p1b: Drink water|Ivy Cudgel|p2a: Van dijk|[anim] Ivy Cudgel Water\n|-supereffective|p2a: Van dijk\n|-damage|p2a: Van dijk|0 fnt\n|faint|p2a: Van dijk\n|cant|p1a: Gholdengo|flinch\n|\n|-weather|Sandstorm|[upkeep]\n|-damage|p1b: Drink water|59/100|[from] Sandstorm\n|upkeep\n|turn|11\n|\n|t:|1771148343\n|move|p2b: Messi|Earthquake|p1a: Gholdengo|[spread] p1a,p1b\n|-supereffective|p1a: Gholdengo\n|-resisted|p1b: Drink water\n|-damage|p1a: Gholdengo|0 fnt\n|-damage|p1b: Drink water|34/100\n|faint|p1a: Gholdengo\n|move|p1b: Drink water|Ivy Cudgel|p2b: Messi|[anim] Ivy Cudgel Water\n|-supereffective|p2b: Messi\n|-damage|p2b: Messi|0 fnt\n|faint|p2b: Messi\n|\n|win|ustat\n|raw|ustat's rating: 1578 &rarr; <strong>1606</strong><br />(+28 for winning)\n|raw|gil321's rating: 1716 &rarr; <strong>1688</strong><br />(-28 for losing)\n|l|☆gil321\n|player|p2|\n|l|☆ustat\n|player|p1|\n", "uploadtime": 1771148670, "views": 13, "formatid": "gen9doublesou", "rating": 1606, "private": 0, "password": null}