{"id": "gen9doublesou-2540269316", "format": "[Gen 9] Doubles OU", "players": ["hayker", "parentsnobbish"], "log": "|j|☆hayker\n|j|☆parentsnobbish\n|t:|1771182854\n|gametype|doubles\n|player|p1|hayker|169|1585\n|player|p2|parentsnobbish|lucas|1685\n|gen|9\n|tier|[Gen 9] Doubles OU\n|rated|\n|rule|HP Percentage Mod: HP is shown in percentages\n|rule|Endless Battle Clause: Forcing endless battles is banned\n|rule|Species Clause: Limit one of each Pokémon\n|rule|OHKO Clause: OHKO moves are banned\n|rule|Evasion Moves Clause: Evasion moves are banned\n|rule|Gravity Sleep Clause: The combination of sleep-inducing moves with imperfect accuracy and Gravity or Gigantamax Orbeetle are banned\n|rule|Evasion Abilities Clause: Evasion abilities are banned\n|clearpoke\n|poke|p1|Ogerpon-Wellspring, F|\n|poke|p1|Pelipper, M|\n|poke|p1|Raging Bolt|\n|poke|p1|Landorus, M|\n|poke|p1|Arcanine-Hisui, M|\n|poke|p1|Walking Wake|\n|poke|p2|Landorus-Therian, M|\n|poke|p2|Tornadus, M|\n|poke|p2|Gholdengo|\n|poke|p2|Volcanion|\n|poke|p2|Rillaboom, M|\n|poke|p2|Okidogi, M|\n|teampreview\n|inactive|Battle timer is ON: inactive players will automatically lose when time's up. (requested by parentsnobbish)\n|\n|t:|1771182870\n|teamsize|p1|6\n|teamsize|p2|6\n|start\n|switch|p1a: Landorus|Landorus, M|100/100\n|switch|p1b: Arcanine|Arcanine-Hisui, M|100/100\n|switch|p2a: Landorus|Landorus-Therian, M|100/100\n|switch|p2b: Tornadus|Tornadus, M|100/100\n|-ability|p1b: Arcanine|Intimidate|boost\n|-unboost|p2a: Landorus|atk|1\n|-unboost|p2b: Tornadus|atk|1\n|-ability|p2a: Landorus|Intimidate|boost\n|-unboost|p1a: Landorus|atk|1\n|-unboost|p1b: Arcanine|atk|1\n|turn|1\n|inactive|hayker has 120 seconds left.\n|\n|t:|1771182901\n|-terastallize|p1b: Arcanine|Ghost\n|move|p2b: Tornadus|Tailwind|p2b: Tornadus\n|-sidestart|p2: parentsnobbish|move: Tailwind\n|move|p2a: Landorus|Earthquake|p1a: Landorus|[spread] p1b\n|-immune|p2b: Tornadus\n|-immune|p1a: Landorus\n|-damage|p1b: Arcanine|47/100\n|move|p1b: Arcanine|Rock Slide|p2b: Tornadus|[spread] p2a,p2b\n|-supereffective|p2b: Tornadus\n|-damage|p2a: Landorus|79/100\n|-damage|p2b: Tornadus|52/100\n|move|p1a: Landorus|Sludge Bomb|p2a: Landorus\n|-resisted|p2a: Landorus\n|-damage|p2a: Landorus|48/100\n|\n|upkeep\n|turn|2\n|inactive|hayker has 120 seconds left.\n|\n|t:|1771182928\n|move|p2b: Tornadus|Icy Wind|p1b: Arcanine|[spread] p1a,p1b\n|-supereffective|p1a: Landorus\n|-damage|p1a: Landorus|43/100\n|-damage|p1b: Arcanine|32/100\n|-unboost|p1a: Landorus|spe|1\n|-unboost|p1b: Arcanine|spe|1\n|move|p2a: Landorus|Earthquake|p1a: Landorus|[spread] p1b\n|-immune|p2b: Tornadus\n|-immune|p1a: Landorus\n|-damage|p1b: Arcanine|0 fnt\n|faint|p1b: Arcanine\n|move|p1a: Landorus|Sludge Bomb|p2a: Landorus\n|-resisted|p2a: Landorus\n|-damage|p2a: Landorus|14/100\n|\n|upkeep\n|inactive|hayker has 120 seconds left.\n|\n|t:|1771182942\n|switch|p1b: Pelipper|Pelipper, M|100/100\n|-weather|RainDance|[from] ability: Drizzle|[of] p1b: Pelipper\n|turn|3\n|\n|t:|1771182956\n|switch|p2a: Okidogi|Okidogi, M|100/100\n|switch|p1a: Ogerpon|Ogerpon-Wellspring, F|100/100\n|move|p2b: Tornadus|Icy Wind|p1a: Ogerpon|[spread] p1b\n|-miss|p2b: Tornadus|p1a: Ogerpon\n|-damage|p1b: Pelipper|83/100\n|-unboost|p1b: Pelipper|spe|1\n|move|p1b: Pelipper|Surf|p2a: Okidogi|[spread] p2a,p2b\n|-immune|p1a: Ogerpon|[from] ability: Water Absorb\n|-damage|p2a: Okidogi|49/100\n|-damage|p2b: Tornadus|0 fnt\n|faint|p2b: Tornadus\n|-damage|p1b: Pelipper|73/100|[from] item: Life Orb\n|\n|-weather|RainDance|[upkeep]\n|-heal|p2a: Okidogi|55/100|[from] item: Leftovers\n|upkeep\n|\n|t:|1771182968\n|switch|p2b: Landorus|Landorus-Therian, M|14/100\n|-ability|p2b: Landorus|Intimidate|boost\n|-unboost|p1a: Ogerpon|atk|1\n|-unboost|p1b: Pelipper|atk|1\n|turn|4\n|\n|t:|1771182979\n|move|p1a: Ogerpon|Follow Me|p1a: Ogerpon\n|-singleturn|p1a: Ogerpon|move: Follow Me\n|move|p2b: Landorus|Stone Edge|p1a: Ogerpon\n|-damage|p1a: Ogerpon|18/100\n|move|p2a: Okidogi|Bulk Up|p2a: Okidogi\n|-boost|p2a: Okidogi|atk|1\n|-boost|p2a: Okidogi|def|1\n|move|p1b: Pelipper|Surf|p2b: Landorus|[spread] p2a,p2b\n|-heal|p1a: Ogerpon|43/100|[from] ability: Water Absorb|[of] p1b: Pelipper\n|-supereffective|p2b: Landorus\n|-damage|p2a: Okidogi|6/100\n|-damage|p2b: Landorus|0 fnt\n|faint|p2b: Landorus\n|-damage|p1b: Pelipper|64/100|[from] item: Life Orb\n|\n|-weather|RainDance|[upkeep]\n|-heal|p2a: Okidogi|12/100|[from] item: Leftovers\n|-sideend|p2: parentsnobbish|move: Tailwind\n|upkeep\n|\n|t:|1771182991\n|switch|p2b: Rillaboom|Rillaboom, M|100/100\n|-fieldstart|move: Grassy Terrain|[from] ability: Grassy Surge|[of] p2b: Rillaboom\n|turn|5\n|\n|t:|1771183001\n|move|p1a: Ogerpon|Spiky Shield|p1a: Ogerpon\n|-singleturn|p1a: Ogerpon|move: Protect\n|move|p2a: Okidogi|Protect|p2a: Okidogi\n|-singleturn|p2a: Okidogi|Protect\n|move|p2b: Rillaboom|Wood Hammer|p1b: Pelipper\n|-damage|p1b: Pelipper|0 fnt\n|faint|p1b: Pelipper\n|-damage|p2b: Rillaboom|86/100|[from] Recoil\n|\n|-weather|RainDance|[upkeep]\n|-heal|p1a: Ogerpon|49/100|[from] Grassy Terrain\n|-heal|p2a: Okidogi|18/100|[from] Grassy Terrain\n|-heal|p2a: Okidogi|24/100|[from] item: Leftovers\n|-heal|p2b: Rillaboom|92/100|[from] Grassy Terrain\n|upkeep\n|\n|t:|1771183017\n|switch|p1b: Walking Wake|Walking Wake|100/100\n|-enditem|p1b: Walking Wake|Booster Energy\n|-activate|p1b: Walking Wake|ability: Protosynthesis|[fromitem]\n|-start|p1b: Walking Wake|protosynthesisspa\n|turn|6\n|\n|t:|1771183040\n|switch|p2a: Volcanion|Volcanion|100/100\n|move|p1a: Ogerpon|Horn Leech|p2b: Rillaboom\n|-resisted|p2b: Rillaboom\n|-damage|p2b: Rillaboom|74/100\n|-heal|p1a: Ogerpon|61/100|[from] drain|[of] p2b: Rillaboom\n|move|p1b: Walking Wake|Hydro Steam|p2a: Volcanion\n|-immune|p2a: Volcanion|[from] ability: Water Absorb\n|move|p2b: Rillaboom|Wood Hammer|p1b: Walking Wake\n|-crit|p1b: Walking Wake\n|-damage|p1b: Walking Wake|0 fnt\n|faint|p1b: Walking Wake\n|-end|p1b: Walking Wake|Protosynthesis|[silent]\n|-damage|p2b: Rillaboom|46/100|[from] Recoil\n|\n|-weather|RainDance|[upkeep]\n|-heal|p1a: Ogerpon|67/100|[from] Grassy Terrain\n|-heal|p2b: Rillaboom|52/100|[from] Grassy Terrain\n|upkeep\n|\n|t:|1771183053\n|switch|p1b: Landorus|Landorus, M|43/100\n|turn|7\n|\n|t:|1771183064\n|switch|p2b: Okidogi|Okidogi, M|24/100\n|move|p2a: Volcanion|Protect|p2a: Volcanion\n|-singleturn|p2a: Volcanion|Protect\n|move|p1a: Ogerpon|Horn Leech|p2a: Volcanion\n|-activate|p2a: Volcanion|move: Protect\n|move|p1b: Landorus|Sandsear Storm|p2a: Volcanion|[spread] p2b\n|-activate|p2a: Volcanion|move: Protect\n|-supereffective|p2b: Okidogi\n|-damage|p2b: Okidogi|0 fnt\n|faint|p2b: Okidogi\n|\n|-weather|none\n|-heal|p1a: Ogerpon|73/100|[from] Grassy Terrain\n|upkeep\n|\n|t:|1771183077\n|switch|p2b: Rillaboom|Rillaboom, M|52/100\n|turn|8\n|\n|t:|1771183085\n|move|p2b: Rillaboom|Fake Out|p1b: Landorus\n|-damage|p1b: Landorus|27/100\n|move|p1a: Ogerpon|Follow Me|p1a: Ogerpon\n|-singleturn|p1a: Ogerpon|move: Follow Me\n|cant|p1b: Landorus|flinch\n|move|p2a: Volcanion|Heat Wave|p1a: Ogerpon|[spread] p1b\n|-miss|p2a: Volcanion|p1a: Ogerpon\n|-damage|p1b: Landorus|0 fnt\n|faint|p1b: Landorus\n|\n|-heal|p1a: Ogerpon|79/100|[from] Grassy Terrain\n|-heal|p2b: Rillaboom|58/100|[from] Grassy Terrain\n|upkeep\n|\n|t:|1771183088\n|switch|p1b: Raging Bolt|Raging Bolt|100/100\n|turn|9\n|\n|t:|1771183096\n|-terastallize|p2a: Volcanion|Fairy\n|move|p1a: Ogerpon|Horn Leech|p2a: Volcanion\n|-damage|p2a: Volcanion|71/100\n|-heal|p1a: Ogerpon|97/100|[from] drain|[of] p2a: Volcanion\n|move|p2b: Rillaboom|Wood Hammer|p1a: Ogerpon\n|-damage|p1a: Ogerpon|0 fnt\n|faint|p1a: Ogerpon\n|-damage|p2b: Rillaboom|35/100|[from] Recoil\n|move|p1b: Raging Bolt|Electroweb|p2b: Rillaboom|[spread] p2b\n|-miss|p1b: Raging Bolt|p2a: Volcanion\n|-resisted|p2b: Rillaboom\n|-damage|p2b: Rillaboom|26/100\n|-unboost|p2b: Rillaboom|spe|1\n|move|p2a: Volcanion|Substitute|p2a: Volcanion\n|-start|p2a: Volcanion|Substitute\n|-damage|p2a: Volcanion|46/100\n|\n|-heal|p2a: Volcanion|52/100|[from] Grassy Terrain\n|-heal|p2a: Volcanion|58/100|[from] item: Leftovers\n|-heal|p2b: Rillaboom|32/100|[from] Grassy Terrain\n|-fieldend|move: Grassy Terrain\n|upkeep\n|turn|10\n|-message|hayker forfeited.\n|\n|win|parentsnobbish\n|raw|hayker's rating: 1585 &rarr; <strong>1571</strong><br />(-14 for losing)\n|raw|parentsnobbish's rating: 1685 &rarr; <strong>1699</strong><br />(+14 for winning)\n|l|☆hayker\n|player|p1|\n|l|☆parentsnobbish\n|player|p2|\n", "uploadtime": 1771183270, "views": 11, "formatid": "gen9doublesou", "rating": 1571, "private": 0, "password": null}