{"id": "gen9doublesou-2540648166", "format": "[Gen 9] Doubles OU", "players": ["FENIZ12a", "enexis"], "log": "|j|☆FENIZ12a\n|j|☆enexis\n|t:|1771233783\n|gametype|doubles\n|player|p1|FENIZ12a|102|1566\n|player|p2|enexis|2|1573\n|gen|9\n|tier|[Gen 9] Doubles OU\n|rated|\n|rule|HP Percentage Mod: HP is shown in percentages\n|rule|Endless Battle Clause: Forcing endless battles is banned\n|rule|Species Clause: Limit one of each Pokémon\n|rule|OHKO Clause: OHKO moves are banned\n|rule|Evasion Moves Clause: Evasion moves are banned\n|rule|Gravity Sleep Clause: The combination of sleep-inducing moves with imperfect accuracy and Gravity or Gigantamax Orbeetle are banned\n|rule|Evasion Abilities Clause: Evasion abilities are banned\n|clearpoke\n|poke|p1|Torkoal, F|\n|poke|p1|Hatterene, F|\n|poke|p1|Weezing-Galar, F|\n|poke|p1|Regigigas|\n|poke|p1|Incineroar, M|\n|poke|p1|Moltres-Galar|\n|poke|p2|Grimmsnarl, M|\n|poke|p2|Sneasler, M|\n|poke|p2|Milotic, M|\n|poke|p2|Pelipper, M|\n|poke|p2|Bruxish, M|\n|poke|p2|Kilowattrel, F|\n|teampreview\n|inactive|Battle timer is ON: inactive players will automatically lose when time's up. (requested by FENIZ12a)\n|j| TheBurntPeanut\n|l| TheBurntPeanut\n|inactive|enexis has 120 seconds left.\n|inactive|enexis has 90 seconds left.\n|inactive|enexis has 60 seconds left.\n|\n|t:|1771233879\n|teamsize|p1|6\n|teamsize|p2|6\n|start\n|switch|p1a: Weezing|Weezing-Galar, F|100/100\n|switch|p1b: Regigigas|Regigigas|100/100\n|switch|p2a: Milotic|Milotic, M|100/100\n|switch|p2b: Pelipper|Pelipper, M|100/100\n|-ability|p1a: Weezing|Neutralizing Gas\n|turn|1\n|\n|t:|1771233891\n|move|p1a: Weezing|Protect|p1a: Weezing\n|-singleturn|p1a: Weezing|Protect\n|move|p1b: Regigigas|Rock Slide|p2b: Pelipper|[spread] p2a\n|-miss|p1b: Regigigas|p2b: Pelipper\n|-damage|p2a: Milotic|64/100\n|-damage|p1b: Regigigas|91/100|[from] item: Life Orb\n|move|p2a: Milotic|Muddy Water|p1a: Weezing|[spread] p1b\n|-activate|p1a: Weezing|move: Protect\n|-damage|p1b: Regigigas|64/100\n|move|p2b: Pelipper|Hurricane|p1a: Weezing\n|-activate|p1a: Weezing|move: Protect\n|\n|upkeep\n|turn|2\n|c|☆enexis|absolutely hate that weezing\n|\n|t:|1771233915\n|move|p1b: Regigigas|Double-Edge|p2a: Milotic\n|-damage|p2a: Milotic|0 fnt\n|faint|p2a: Milotic\n|-damage|p1b: Regigigas|45/100|[from] Recoil\n|-damage|p1b: Regigigas|35/100|[from] item: Life Orb\n|move|p2b: Pelipper|Hurricane|p1a: Weezing\n|-damage|p1a: Weezing|32/100\n|-start|p1a: Weezing|confusion\n|-activate|p1a: Weezing|confusion\n|-damage|p1a: Weezing|27/100|[from] confusion\n|\n|-heal|p1a: Weezing|33/100|[from] item: Leftovers\n|upkeep\n|\n|t:|1771233924\n|switch|p2a: Sneasler|Sneasler, M|100/100\n|turn|3\n|\n|t:|1771233936\n|-activate|p1a: Weezing|confusion\n|-damage|p1a: Weezing|29/100|[from] confusion\n|move|p2a: Sneasler|Close Combat|p1b: Regigigas\n|-supereffective|p1b: Regigigas\n|-damage|p1b: Regigigas|0 fnt\n|-unboost|p2a: Sneasler|def|1\n|-unboost|p2a: Sneasler|spd|1\n|faint|p1b: Regigigas\n|-end|p1b: Regigigas|Slow Start|[silent]\n|move|p2b: Pelipper|Hurricane|p1a: Weezing|[miss]\n|-miss|p2b: Pelipper|p1a: Weezing\n|\n|-heal|p1a: Weezing|35/100|[from] item: Leftovers\n|upkeep\n|\n|t:|1771233944\n|switch|p1b: Hatterene|Hatterene, F|100/100\n|turn|4\n|\n|t:|1771233960\n|move|p2a: Sneasler|Dire Claw|p1b: Hatterene\n|-supereffective|p1b: Hatterene\n|-enditem|p1b: Hatterene|Focus Sash\n|-damage|p1b: Hatterene|1/100\n|-status|p1b: Hatterene|psn\n|move|p2b: Pelipper|Hurricane|p1a: Weezing\n|-damage|p1a: Weezing|0 fnt\n|faint|p1a: Weezing\n|-end|p1a: Weezing|ability: Neutralizing Gas\n|-weather|RainDance|[from] ability: Drizzle|[of] p2b: Pelipper\n|move|p1b: Hatterene|Trick Room|p1b: Hatterene\n|-fieldstart|move: Trick Room|[of] p1b: Hatterene\n|\n|-weather|RainDance|[upkeep]\n|-damage|p1b: Hatterene|0 fnt|[from] psn\n|faint|p1b: Hatterene\n|upkeep\n|\n|t:|1771233977\n|switch|p1b: Incineroar|Incineroar, M|100/100\n|switch|p1a: Torkoal|Torkoal, F|100/100\n|-weather|SunnyDay|[from] ability: Drought|[of] p1a: Torkoal\n|-ability|p1b: Incineroar|Intimidate|boost\n|-unboost|p2a: Sneasler|atk|1\n|-unboost|p2b: Pelipper|atk|1\n|turn|5\n|\n|t:|1771233993\n|switch|p2b: Kilowattrel|Kilowattrel, F|100/100\n|switch|p2a: Bruxish|Bruxish, M|100/100\n|move|p1b: Incineroar|Fake Out||[still]\n|cant|p2a: Bruxish|ability: Dazzling|Fake Out|[of] p1b: Incineroar\n|move|p1a: Torkoal|Eruption|p2b: Kilowattrel|[spread] p2a,p2b\n|-resisted|p2a: Bruxish\n|-crit|p2a: Bruxish\n|-enditem|p2a: Bruxish|Focus Sash\n|-damage|p2a: Bruxish|1/100\n|-damage|p2b: Kilowattrel|0 fnt\n|faint|p2b: Kilowattrel\n|\n|-weather|SunnyDay|[upkeep]\n|upkeep\n|\n|t:|1771233995\n|switch|p2b: Pelipper|Pelipper, M|100/100\n|-weather|RainDance|[from] ability: Drizzle|[of] p2b: Pelipper\n|turn|6\n|\n|t:|1771234011\n|move|p1a: Torkoal|Protect|p1a: Torkoal\n|-singleturn|p1a: Torkoal|Protect\n|move|p1b: Incineroar|U-turn|p2a: Bruxish\n|-supereffective|p2a: Bruxish\n|-damage|p2a: Bruxish|0 fnt\n|faint|p2a: Bruxish\n|\n|t:|1771234017\n|switch|p1b: Moltres|Moltres-Galar|100/100|[from] U-turn\n|move|p2b: Pelipper|Weather Ball|p1a: Torkoal\n|-activate|p1a: Torkoal|move: Protect\n|\n|-weather|RainDance|[upkeep]\n|upkeep\n|\n|t:|1771234025\n|switch|p2a: Grimmsnarl|Grimmsnarl, M|100/100\n|turn|7\n|\n|t:|1771234046\n|move|p1a: Torkoal|Eruption|p2b: Pelipper|[spread] p2a,p2b\n|-resisted|p2b: Pelipper\n|-damage|p2a: Grimmsnarl|65/100\n|-damage|p2b: Pelipper|79/100\n|move|p2a: Grimmsnarl|Spirit Break|p1b: Moltres\n|-supereffective|p1b: Moltres\n|-damage|p1b: Moltres|5/100\n|-unboost|p1b: Moltres|spa|1\n|-ability|p1b: Moltres|Berserk|boost\n|-boost|p1b: Moltres|spa|1\n|-enditem|p2a: Grimmsnarl|Mirror Herb\n|-boost|p2a: Grimmsnarl|spa|1|[from] item: Mirror Herb\n|-enditem|p1b: Moltres|Sitrus Berry|[eat]\n|-heal|p1b: Moltres|29/100|[from] item: Sitrus Berry\n|move|p2b: Pelipper|Weather Ball|p1a: Torkoal\n|-supereffective|p1a: Torkoal\n|-crit|p1a: Torkoal\n|-damage|p1a: Torkoal|0 fnt\n|faint|p1a: Torkoal\n|move|p1b: Moltres|Agility|p1b: Moltres\n|-boost|p1b: Moltres|spe|2\n|\n|-weather|RainDance|[upkeep]\n|upkeep\n|\n|t:|1771234056\n|switch|p1a: Incineroar|Incineroar, M|100/100\n|-ability|p1a: Incineroar|Intimidate|boost\n|-unboost|p2a: Grimmsnarl|atk|1\n|-unboost|p2b: Pelipper|atk|1\n|turn|8\n|\n|t:|1771234069\n|move|p1a: Incineroar|Fake Out|p2a: Grimmsnarl\n|-damage|p2a: Grimmsnarl|47/100\n|cant|p2a: Grimmsnarl|flinch\n|move|p2b: Pelipper|Tailwind|p2b: Pelipper\n|-sidestart|p2: enexis|move: Tailwind\n|move|p1b: Moltres|Fiery Wrath|p2b: Pelipper|[spread] p2a,p2b\n|-resisted|p2a: Grimmsnarl\n|-damage|p2a: Grimmsnarl|38/100\n|-damage|p2b: Pelipper|30/100\n|\n|-weather|RainDance|[upkeep]\n|-fieldend|move: Trick Room\n|upkeep\n|turn|9\n|inactive|FENIZ12a has 120 seconds left.\n|\n|t:|1771234106\n|move|p2b: Pelipper|Wide Guard|p2b: Pelipper\n|-singleturn|p2b: Pelipper|Wide Guard\n|move|p1b: Moltres|Hurricane|p2b: Pelipper\n|-damage|p2b: Pelipper|0 fnt\n|faint|p2b: Pelipper\n|move|p2a: Grimmsnarl|Spirit Break|p1b: Moltres\n|-supereffective|p1b: Moltres\n|-damage|p1b: Moltres|0 fnt\n|faint|p1b: Moltres\n|move|p1a: Incineroar|U-turn|p2a: Grimmsnarl\n|-damage|p2a: Grimmsnarl|5/100\n|\n|-weather|RainDance|[upkeep]\n|upkeep\n|\n|t:|1771234111\n|switch|p2b: Sneasler|Sneasler, M|100/100\n|turn|10\n|\n|t:|1771234127\n|-terastallize|p1a: Incineroar|Ghost\n|move|p2b: Sneasler|Close Combat|p1a: Incineroar\n|-immune|p1a: Incineroar\n|move|p2a: Grimmsnarl|Spirit Break|p1a: Incineroar\n|-damage|p1a: Incineroar|76/100\n|-unboost|p1a: Incineroar|spa|1\n|move|p1a: Incineroar|Flare Blitz|p2b: Sneasler\n|-damage|p2b: Sneasler|49/100\n|-damage|p1a: Incineroar|63/100|[from] Recoil\n|\n|-weather|RainDance|[upkeep]\n|upkeep\n|turn|11\n|\n|t:|1771234136\n|move|p2b: Sneasler|Dire Claw|p1a: Incineroar\n|-resisted|p1a: Incineroar\n|-damage|p1a: Incineroar|42/100\n|move|p2a: Grimmsnarl|Crunch|p1a: Incineroar\n|-supereffective|p1a: Incineroar\n|-damage|p1a: Incineroar|0 fnt\n|faint|p1a: Incineroar\n|\n|win|enexis\n|raw|FENIZ12a's rating: 1566 &rarr; <strong>1546</strong><br />(-20 for losing)\n|raw|enexis's rating: 1573 &rarr; <strong>1593</strong><br />(+20 for winning)\n|l|☆FENIZ12a\n|player|p1|\n|l|☆enexis\n|player|p2|\n", "uploadtime": 1771234454, "views": 12, "formatid": "gen9doublesou", "rating": 1546, "private": 0, "password": null}