{"id": "gen9doublesou-2540624054", "format": "[Gen 9] Doubles OU", "players": ["GTG_95", "Randaz"], "log": "|j|☆GTG_95\n|j|☆Randaz\n|t:|1771229385\n|gametype|doubles\n|player|p1|GTG_95|eusine|1588\n|player|p2|Randaz|giovanni|1599\n|gen|9\n|tier|[Gen 9] Doubles OU\n|rated|\n|rule|HP Percentage Mod: HP is shown in percentages\n|rule|Endless Battle Clause: Forcing endless battles is banned\n|rule|Species Clause: Limit one of each Pokémon\n|rule|OHKO Clause: OHKO moves are banned\n|rule|Evasion Moves Clause: Evasion moves are banned\n|rule|Gravity Sleep Clause: The combination of sleep-inducing moves with imperfect accuracy and Gravity or Gigantamax Orbeetle are banned\n|rule|Evasion Abilities Clause: Evasion abilities are banned\n|clearpoke\n|poke|p1|Chien-Pao|\n|poke|p1|Walking Wake|\n|poke|p1|Landorus-Therian, M|\n|poke|p1|Dragonite, F|\n|poke|p1|Garchomp, M|\n|poke|p1|Tornadus, M|\n|poke|p2|Sableye, M|\n|poke|p2|Rillaboom, M|\n|poke|p2|Garganacl, M|\n|poke|p2|Glimmora, M|\n|poke|p2|Dragonite, F|\n|poke|p2|Kingambit, M|\n|teampreview\n|\n|t:|1771229406\n|teamsize|p1|6\n|teamsize|p2|6\n|start\n|switch|p1a: Tornadus|Tornadus, M|100/100\n|switch|p1b: Walking Wake|Walking Wake|100/100\n|switch|p2a: Caillou|Glimmora, M|100/100\n|switch|p2b: Fairy Beater|Dragonite, F|100/100\n|-enditem|p1b: Walking Wake|Booster Energy\n|-activate|p1b: Walking Wake|ability: Protosynthesis|[fromitem]\n|-start|p1b: Walking Wake|protosynthesisspa\n|turn|1\n|\n|t:|1771229412\n|move|p1a: Tornadus|Bleakwind Storm|p2a: Caillou|[spread] p2a,p2b\n|-resisted|p2a: Caillou\n|-damage|p2a: Caillou|81/100\n|-damage|p2b: Fairy Beater|83/100\n|move|p1b: Walking Wake|Hydro Steam|p2a: Caillou\n|-supereffective|p2a: Caillou\n|-crit|p2a: Caillou\n|-damage|p2a: Caillou|0 fnt\n|faint|p2a: Caillou\n|move|p2b: Fairy Beater|Ice Spinner|p1a: Tornadus\n|-supereffective|p1a: Tornadus\n|-damage|p1a: Tornadus|4/100\n|\n|upkeep\n|\n|t:|1771229419\n|switch|p2a: The pranker|Sableye, M, shiny|100/100\n|turn|2\n|\n|t:|1771229440\n|switch|p1a: Garchomp|Garchomp, M|100/100\n|move|p2a: The pranker|Fake Out|p1b: Walking Wake\n|-damage|p1b: Walking Wake|92/100\n|move|p2b: Fairy Beater|Extreme Speed|p1a: Garchomp\n|-damage|p1a: Garchomp|79/100\n|-damage|p2b: Fairy Beater|71/100|[from] ability: Rough Skin|[of] p1a: Garchomp\n|-damage|p2b: Fairy Beater|54/100|[from] item: Rocky Helmet|[of] p1a: Garchomp\n|cant|p1b: Walking Wake|flinch\n|\n|upkeep\n|turn|3\n|\n|t:|1771229456\n|move|p1a: Garchomp|Protect|p1a: Garchomp\n|-singleturn|p1a: Garchomp|Protect\n|move|p2b: Fairy Beater|Extreme Speed|p1b: Walking Wake\n|-damage|p1b: Walking Wake|57/100\n|move|p2a: The pranker|Will-O-Wisp|p1a: Garchomp\n|-activate|p1a: Garchomp|move: Protect\n|move|p1b: Walking Wake|Draco Meteor|p2b: Fairy Beater\n|-supereffective|p2b: Fairy Beater\n|-damage|p2b: Fairy Beater|0 fnt\n|-unboost|p1b: Walking Wake|spa|2\n|faint|p2b: Fairy Beater\n|\n|upkeep\n|\n|t:|1771229461\n|switch|p2b: The Wall|Garganacl, M|100/100\n|turn|4\n|\n|t:|1771229484\n|switch|p1a: Tornadus|Tornadus, M|4/100\n|-terastallize|p2b: The Wall|Ghost\n|move|p2a: The pranker|Encore||[still]\n|-fail|p2a: The pranker\n|move|p1b: Walking Wake|Hydro Steam|p2b: The Wall\n|-damage|p2b: The Wall|80/100\n|move|p2b: The Wall|Iron Defense|p2b: The Wall\n|-boost|p2b: The Wall|def|2\n|\n|-heal|p2b: The Wall|86/100|[from] item: Leftovers\n|upkeep\n|turn|5\n|\n|t:|1771229500\n|move|p1a: Tornadus|Taunt|p2b: The Wall\n|-start|p2b: The Wall|move: Taunt\n|move|p2a: The pranker|Thunder Wave|p1b: Walking Wake\n|-status|p1b: Walking Wake|par\n|move|p1b: Walking Wake|Draco Meteor|p2b: The Wall|[miss]\n|-miss|p1b: Walking Wake|p2b: The Wall\n|move|p2b: The Wall|Salt Cure|p1a: Tornadus\n|-supereffective|p1a: Tornadus\n|-damage|p1a: Tornadus|0 fnt\n|faint|p1a: Tornadus\n|\n|-heal|p2b: The Wall|93/100|[from] item: Leftovers\n|upkeep\n|\n|t:|1771229520\n|switch|p1a: Chien-Pao|Chien-Pao|100/100\n|-ability|p1a: Chien-Pao|Sword of Ruin\n|turn|6\n|\n|t:|1771229530\n|switch|p2a: Slide in your dm|Rillaboom, M|100/100\n|-fieldstart|move: Grassy Terrain|[from] ability: Grassy Surge|[of] p2a: Slide in your dm\n|move|p1a: Chien-Pao|Throat Chop|p2b: The Wall\n|-supereffective|p2b: The Wall\n|-damage|p2b: The Wall|56/100\n|-start|p2b: The Wall|Throat Chop|[silent]\n|move|p1b: Walking Wake|Draco Meteor|p2b: The Wall\n|-damage|p2b: The Wall|23/100\n|-unboost|p1b: Walking Wake|spa|2\n|move|p2b: The Wall|Body Press|p1a: Chien-Pao\n|-supereffective|p1a: Chien-Pao\n|-enditem|p1a: Chien-Pao|Focus Sash\n|-damage|p1a: Chien-Pao|1/100\n|\n|-heal|p1a: Chien-Pao|7/100|[from] Grassy Terrain\n|-heal|p1b: Walking Wake|63/100 par|[from] Grassy Terrain\n|-heal|p2b: The Wall|29/100|[from] Grassy Terrain\n|-heal|p2b: The Wall|35/100|[from] item: Leftovers\n|upkeep\n|turn|7\n|\n|t:|1771229551\n|-end|p1b: Walking Wake|Protosynthesis|[silent]\n|switch|p1b: Dragonite|Dragonite, F, shiny|100/100\n|move|p1a: Chien-Pao|Protect|p1a: Chien-Pao\n|-singleturn|p1a: Chien-Pao|Protect\n|move|p2a: Slide in your dm|Grassy Glide|p1a: Chien-Pao\n|-activate|p1a: Chien-Pao|move: Protect\n|move|p2b: The Wall|Salt Cure|p1b: Dragonite\n|-supereffective|p1b: Dragonite\n|-damage|p1b: Dragonite|61/100\n|-start|p1b: Dragonite|Salt Cure\n|\n|-heal|p1a: Chien-Pao|13/100|[from] Grassy Terrain\n|-heal|p2b: The Wall|41/100|[from] Grassy Terrain\n|-heal|p2b: The Wall|48/100|[from] item: Leftovers\n|-damage|p1b: Dragonite|49/100|[from] Salt Cure\n|-end|p2b: The Wall|move: Taunt\n|-end|p2b: The Wall|Throat Chop|[silent]\n|upkeep\n|turn|8\n|\n|t:|1771229560\n|move|p2a: Slide in your dm|Grassy Glide|p1a: Chien-Pao\n|-damage|p1a: Chien-Pao|0 fnt\n|faint|p1a: Chien-Pao\n|move|p1b: Dragonite|Ice Spinner|p2b: The Wall\n|-damage|p2b: The Wall|33/100\n|-fieldend|move: Grassy Terrain\n|move|p2b: The Wall|Recover|p2b: The Wall\n|-heal|p2b: The Wall|83/100\n|\n|-heal|p2b: The Wall|89/100|[from] item: Leftovers\n|-damage|p1b: Dragonite|37/100|[from] Salt Cure\n|upkeep\n|\n|t:|1771229566\n|switch|p1a: Walking Wake|Walking Wake|63/100 par\n|turn|9\n|\n|t:|1771229576\n|move|p1b: Dragonite|Ice Spinner|p2a: Slide in your dm\n|-supereffective|p2a: Slide in your dm\n|-damage|p2a: Slide in your dm|16/100\n|move|p2a: Slide in your dm|Grassy Glide|p1a: Walking Wake\n|-damage|p1a: Walking Wake|29/100 par\n|move|p1a: Walking Wake|Hydro Steam|p2b: The Wall\n|-damage|p2b: The Wall|59/100\n|move|p2b: The Wall|Salt Cure|p1a: Walking Wake\n|-damage|p1a: Walking Wake|14/100 par\n|-start|p1a: Walking Wake|Salt Cure\n|\n|-heal|p2a: Slide in your dm|23/100|[from] item: Leftovers\n|-heal|p2b: The Wall|65/100|[from] item: Leftovers\n|-damage|p1b: Dragonite|24/100|[from] Salt Cure\n|-damage|p1a: Walking Wake|0 fnt|[from] Salt Cure\n|faint|p1a: Walking Wake\n|-end|p1a: Walking Wake|Protosynthesis|[silent]\n|upkeep\n|\n|t:|1771229580\n|switch|p1a: Landorus|Landorus-Therian, M|100/100\n|-ability|p1a: Landorus|Intimidate|boost\n|-unboost|p2a: Slide in your dm|atk|1\n|-unboost|p2b: The Wall|atk|1\n|turn|10\n|\n|t:|1771229587\n|move|p1a: Landorus|Earthquake|p2a: Slide in your dm|[spread] p2a,p2b\n|-immune|p1b: Dragonite\n|-resisted|p2a: Slide in your dm\n|-damage|p2a: Slide in your dm|3/100\n|-damage|p2b: The Wall|53/100\n|move|p1b: Dragonite|Ice Spinner|p2b: The Wall\n|-damage|p2b: The Wall|38/100\n|move|p2a: Slide in your dm|Grassy Glide|p1a: Landorus\n|-damage|p1a: Landorus|77/100\n|move|p2b: The Wall|Recover|p2b: The Wall\n|-heal|p2b: The Wall|88/100\n|\n|-heal|p2a: Slide in your dm|9/100|[from] item: Leftovers\n|-heal|p2b: The Wall|94/100|[from] item: Leftovers\n|-damage|p1b: Dragonite|12/100|[from] Salt Cure\n|upkeep\n|turn|11\n|\n|t:|1771229600\n|move|p1a: Landorus|Earthquake|p2a: Slide in your dm|[spread] p2a,p2b\n|-immune|p1b: Dragonite\n|-resisted|p2a: Slide in your dm\n|-damage|p2a: Slide in your dm|0 fnt\n|-damage|p2b: The Wall|80/100\n|faint|p2a: Slide in your dm\n|move|p1b: Dragonite|Ice Spinner|p2b: The Wall\n|-damage|p2b: The Wall|64/100\n|move|p2b: The Wall|Salt Cure|p1a: Landorus\n|-damage|p1a: Landorus|66/100\n|-start|p1a: Landorus|Salt Cure\n|\n|-heal|p2b: The Wall|70/100|[from] item: Leftovers\n|-damage|p1a: Landorus|54/100|[from] Salt Cure\n|-damage|p1b: Dragonite|0 fnt|[from] Salt Cure\n|faint|p1b: Dragonite\n|upkeep\n|\n|t:|1771229604\n|switch|p1b: Garchomp|Garchomp, M|79/100\n|switch|p2a: The pranker|Sableye, M, shiny|100/100\n|turn|12\n|\n|t:|1771229616\n|move|p2a: The pranker|Will-O-Wisp|p1a: Landorus\n|-status|p1a: Landorus|brn\n|move|p1a: Landorus|U-turn|p2a: The pranker\n|-damage|p2a: The pranker|85/100\n|move|p1b: Garchomp|Earthquake|p2a: The pranker|[spread] p2a,p2b\n|-immune|p1a: Landorus\n|-damage|p2a: The pranker|48/100\n|-damage|p2b: The Wall|58/100\n|move|p2b: The Wall|Salt Cure|p1b: Garchomp\n|-resisted|p1b: Garchomp\n|-damage|p1b: Garchomp|76/100\n|-start|p1b: Garchomp|Salt Cure\n|\n|-heal|p2b: The Wall|64/100|[from] item: Leftovers\n|-damage|p1a: Landorus|48/100 brn|[from] brn\n|-damage|p1a: Landorus|36/100 brn|[from] Salt Cure\n|-damage|p1b: Garchomp|64/100|[from] Salt Cure\n|upkeep\n|turn|13\n|-message|GTG_95 forfeited.\n|\n|win|Randaz\n|raw|GTG_95's rating: 1588 &rarr; <strong>1569</strong><br />(-19 for losing)\n|raw|Randaz's rating: 1599 &rarr; <strong>1618</strong><br />(+19 for winning)\n|l|☆GTG_95\n|player|p1|\n|l|☆Randaz\n|player|p2|\n", "uploadtime": 1771229996, "views": 17, "formatid": "gen9doublesou", "rating": 1569, "private": 0, "password": null}