{"id": "gen9doublesou-2539994863", "format": "[Gen 9] Doubles OU", "players": ["Seabound1", "slugpup stew"], "log": "|j|☆Seabound1\n|j|☆slugpup stew\n|t:|1771140595\n|gametype|doubles\n|player|p1|Seabound1|psychic-gen4|1649\n|player|p2|slugpup stew|265|1691\n|gen|9\n|tier|[Gen 9] Doubles OU\n|rated|\n|rule|HP Percentage Mod: HP is shown in percentages\n|rule|Endless Battle Clause: Forcing endless battles is banned\n|rule|Species Clause: Limit one of each Pokémon\n|rule|OHKO Clause: OHKO moves are banned\n|rule|Evasion Moves Clause: Evasion moves are banned\n|rule|Gravity Sleep Clause: The combination of sleep-inducing moves with imperfect accuracy and Gravity or Gigantamax Orbeetle are banned\n|rule|Evasion Abilities Clause: Evasion abilities are banned\n|clearpoke\n|poke|p1|Chien-Pao|\n|poke|p1|Ting-Lu|\n|poke|p1|Rillaboom, F|\n|poke|p1|Dragonite, M|\n|poke|p1|Gouging Fire|\n|poke|p1|Glimmora, M|\n|poke|p2|Iron Crown|\n|poke|p2|Indeedee-F, F|\n|poke|p2|Ogerpon-Hearthflame, F|\n|poke|p2|Ursaluna, F|\n|poke|p2|Regidrago|\n|poke|p2|Tornadus, M|\n|teampreview\n|inactive|Battle timer is ON: inactive players will automatically lose when time's up. (requested by Seabound1)\n|inactive|slugpup stew also wants the timer to be on.\n|inactive|slugpup stew has 120 seconds left.\n|j| ck233\n|l| ck233\n|inactive|slugpup stew has 90 seconds left.\n|c|☆Seabound1|!weak ogerpon hearthflame\n|c| Seabound1|/raw <div class=\"infobox\">Ogerpon-Hearthflame (ignoring abilities):<br /><span class=\"message-effect-weak\">Weaknesses</span>: Flying, Poison, Rock<br /><span class=\"message-effect-resist\">Resistances</span>: Electric, Fairy, <b>Grass</b>, Steel<br /><span class=\"message-effect-immune\">Immunities</span>: Burn, Powder moves</div>\n|j| bishop-manogue\n|inactive|slugpup stew has 60 seconds left.\n|l| bishop-manogue\n|\n|t:|1771140696\n|teamsize|p1|6\n|teamsize|p2|6\n|start\n|switch|p1a: Glimmora|Glimmora, M|100/100\n|switch|p1b: Ting-Lu|Ting-Lu|100/100\n|switch|p2a: Regidrago|Regidrago|100/100\n|switch|p2b: Tornadus|Tornadus, M|100/100\n|-ability|p1b: Ting-Lu|Vessel of Ruin\n|turn|1\n|j| bishop-manogue\n|inactive|slugpup stew has 120 seconds left.\n|\n|t:|1771140712\n|-terastallize|p2a: Regidrago|Dragon\n|move|p2b: Tornadus|Icy Wind|p1a: Glimmora|[spread] p1a,p1b\n|-supereffective|p1b: Ting-Lu\n|-damage|p1a: Glimmora|84/100\n|-damage|p1b: Ting-Lu|86/100\n|-unboost|p1a: Glimmora|spe|1\n|-unboost|p1b: Ting-Lu|spe|1\n|move|p2a: Regidrago|Dragon Energy|p1a: Glimmora|[spread] p1a,p1b\n|-damage|p1a: Glimmora|0 fnt\n|-damage|p1b: Ting-Lu|15/100\n|faint|p1a: Glimmora\n|move|p1b: Ting-Lu|Ruination|p2a: Regidrago\n|-damage|p2a: Regidrago|51/100\n|\n|-heal|p1b: Ting-Lu|21/100|[from] item: Leftovers\n|upkeep\n|\n|t:|1771140720\n|switch|p1a: Rillaboom|Rillaboom, F|100/100\n|-fieldstart|move: Grassy Terrain|[from] ability: Grassy Surge|[of] p1a: Rillaboom\n|turn|2\n|\n|t:|1771140728\n|switch|p2b: lace|Indeedee-F, F|100/100\n|-fieldstart|move: Psychic Terrain|[from] ability: Psychic Surge|[of] p2b: lace\n|-enditem|p2b: lace|Psychic Seed\n|-boost|p2b: lace|spd|1|[from] item: Psychic Seed\n|move|p1a: Rillaboom|Fake Out|p2a: Regidrago\n|-activate|p2a: Regidrago|move: Psychic Terrain\n|move|p2a: Regidrago|Draco Meteor|p1a: Rillaboom\n|-damage|p1a: Rillaboom|0 fnt\n|-unboost|p2a: Regidrago|spa|2\n|faint|p1a: Rillaboom\n|move|p1b: Ting-Lu|Spikes|p2b: lace\n|-sidestart|p2: slugpup stew|Spikes\n|\n|-heal|p1b: Ting-Lu|27/100|[from] item: Leftovers\n|upkeep\n|\n|t:|1771140733\n|switch|p1a: Gouging Fire|Gouging Fire|100/100\n|-enditem|p1a: Gouging Fire|Booster Energy\n|-activate|p1a: Gouging Fire|ability: Protosynthesis|[fromitem]\n|-start|p1a: Gouging Fire|protosynthesisatk\n|turn|3\n|\n|t:|1771140749\n|-terastallize|p1a: Gouging Fire|Fairy\n|move|p2b: lace|Follow Me|p2b: lace\n|-singleturn|p2b: lace|move: Follow Me\n|move|p1a: Gouging Fire|Howl|p1a: Gouging Fire|[spread] p1a,p1b\n|-boost|p1a: Gouging Fire|atk|1\n|-boost|p1b: Ting-Lu|atk|1\n|move|p2a: Regidrago|Dragon Energy|p1b: Ting-Lu|[spread] p1b\n|-immune|p1a: Gouging Fire\n|-damage|p1b: Ting-Lu|12/100\n|move|p1b: Ting-Lu|Spikes|p2b: lace\n|-sidestart|p2: slugpup stew|Spikes\n|\n|-heal|p1b: Ting-Lu|18/100|[from] item: Leftovers\n|upkeep\n|turn|4\n|\n|t:|1771140764\n|switch|p2a: Iron Crown|Iron Crown|100/100\n|-damage|p2a: Iron Crown|84/100|[from] Spikes\n|-enditem|p2a: Iron Crown|Booster Energy\n|-activate|p2a: Iron Crown|ability: Quark Drive|[fromitem]\n|-start|p2a: Iron Crown|quarkdrivespe\n|move|p2b: lace|Follow Me|p2b: lace\n|-singleturn|p2b: lace|move: Follow Me\n|move|p1a: Gouging Fire|Howl|p1a: Gouging Fire|[spread] p1a,p1b\n|-boost|p1a: Gouging Fire|atk|1\n|-boost|p1b: Ting-Lu|atk|1\n|move|p1b: Ting-Lu|Ruination|p2b: lace\n|-damage|p2b: lace|50/100\n|\n|-heal|p1b: Ting-Lu|24/100|[from] item: Leftovers\n|upkeep\n|turn|5\n|\n|t:|1771140778\n|move|p1a: Gouging Fire|Burning Bulwark|p1a: Gouging Fire\n|-singleturn|p1a: Gouging Fire|move: Protect\n|move|p2b: lace|Follow Me|p2b: lace\n|-singleturn|p2b: lace|move: Follow Me\n|move|p2a: Iron Crown|Tachyon Cutter|p1b: Ting-Lu\n|-damage|p1b: Ting-Lu|12/100\n|-damage|p1b: Ting-Lu|0 fnt\n|faint|p1b: Ting-Lu\n|-hitcount|p1: Ting-Lu|2\n|\n|upkeep\n|\n|t:|1771140786\n|switch|p1b: Chien-Pao|Chien-Pao|100/100\n|-ability|p1b: Chien-Pao|Sword of Ruin\n|turn|6\n|\n|t:|1771140804\n|switch|p2b: Ursaluna|Ursaluna, F|100/100\n|-damage|p2b: Ursaluna|84/100|[from] Spikes\n|move|p1b: Chien-Pao|Protect|p1b: Chien-Pao\n|-singleturn|p1b: Chien-Pao|Protect\n|move|p2a: Iron Crown|Tachyon Cutter|p1a: Gouging Fire\n|-supereffective|p1a: Gouging Fire\n|-damage|p1a: Gouging Fire|52/100\n|-supereffective|p1a: Gouging Fire\n|-damage|p1a: Gouging Fire|2/100\n|-hitcount|p1a: Gouging Fire|2\n|move|p1a: Gouging Fire|Breaking Swipe|p2b: Ursaluna|[spread] p2a,p2b\n|-resisted|p2a: Iron Crown\n|-damage|p2a: Iron Crown|47/100\n|-damage|p2b: Ursaluna|30/100\n|-unboost|p2a: Iron Crown|atk|1\n|-unboost|p2b: Ursaluna|atk|1\n|\n|-fieldend|move: Psychic Terrain\n|-status|p2b: Ursaluna|brn|[from] item: Flame Orb\n|upkeep\n|turn|7\n|-message|Seabound1 forfeited.\n|\n|win|slugpup stew\n|raw|Seabound1's rating: 1649 &rarr; <strong>1631</strong><br />(-18 for losing)\n|raw|slugpup stew's rating: 1691 &rarr; <strong>1709</strong><br />(+18 for winning)\n|l|☆Seabound1\n|player|p1|\n|l|☆slugpup stew\n|player|p2|\n", "uploadtime": 1771141153, "views": 16, "formatid": "gen9doublesou", "rating": 1631, "private": 0, "password": null}