{"id": "gen9doublesou-2539986380", "format": "[Gen 9] Doubles OU", "players": ["el cien", "parentsnobbish"], "log": "|j|‽el cien\n|j|☆parentsnobbish\n|t:|1771138814\n|gametype|doubles\n|player|p1|el cien|baker|1709\n|player|p2|parentsnobbish|lucas|1632\n|gen|9\n|tier|[Gen 9] Doubles OU\n|rated|\n|rule|HP Percentage Mod: HP is shown in percentages\n|rule|Endless Battle Clause: Forcing endless battles is banned\n|rule|Species Clause: Limit one of each Pokémon\n|rule|OHKO Clause: OHKO moves are banned\n|rule|Evasion Moves Clause: Evasion moves are banned\n|rule|Gravity Sleep Clause: The combination of sleep-inducing moves with imperfect accuracy and Gravity or Gigantamax Orbeetle are banned\n|rule|Evasion Abilities Clause: Evasion abilities are banned\n|clearpoke\n|poke|p1|Spectrier|\n|poke|p1|Chi-Yu|\n|poke|p1|Landorus-Therian, M|\n|poke|p1|Ogerpon-Wellspring, F|\n|poke|p1|Whimsicott, F|\n|poke|p1|Iron Hands|\n|poke|p2|Iron Crown|\n|poke|p2|Indeedee-F, F|\n|poke|p2|Ogerpon-Wellspring, F|\n|poke|p2|Ursaluna, M|\n|poke|p2|Roaring Moon|\n|poke|p2|Glimmora, F|\n|teampreview\n|inactive|Battle timer is ON: inactive players will automatically lose when time's up. (requested by parentsnobbish)\n|\n|t:|1771138825\n|teamsize|p1|6\n|teamsize|p2|6\n|start\n|switch|p1a: Spectrier|Spectrier|100/100\n|switch|p1b: Whimsicott|Whimsicott, F|100/100\n|switch|p2a: Iron Crown|Iron Crown|100/100\n|switch|p2b: lace|Indeedee-F, F|100/100\n|-fieldstart|move: Psychic Terrain|[from] ability: Psychic Surge|[of] p2b: lace\n|-enditem|p2b: lace|Psychic Seed\n|-boost|p2b: lace|spd|1|[from] item: Psychic Seed\n|-enditem|p2a: Iron Crown|Booster Energy\n|-activate|p2a: Iron Crown|ability: Quark Drive|[fromitem]\n|-start|p2a: Iron Crown|quarkdrivespe\n|turn|1\n|\n|t:|1771138843\n|move|p2b: lace|Follow Me|p2b: lace\n|-singleturn|p2b: lace|move: Follow Me\n|move|p1b: Whimsicott|Tailwind|p1b: Whimsicott\n|-sidestart|p1: el cien|move: Tailwind\n|move|p1a: Spectrier|Snarl|p2b: lace|[spread] p2a,p2b\n|-supereffective|p2a: Iron Crown\n|-supereffective|p2b: lace\n|-damage|p2a: Iron Crown|56/100\n|-damage|p2b: lace|68/100\n|-unboost|p2a: Iron Crown|spa|1\n|-unboost|p2b: lace|spa|1\n|move|p2a: Iron Crown|Calm Mind|p2a: Iron Crown\n|-boost|p2a: Iron Crown|spa|1\n|-boost|p2a: Iron Crown|spd|1\n|\n|upkeep\n|turn|2\n|\n|t:|1771138863\n|switch|p1b: Chi-Yu|Chi-Yu|100/100\n|-ability|p1b: Chi-Yu|Beads of Ruin\n|move|p2a: Iron Crown|Protect|p2a: Iron Crown\n|-singleturn|p2a: Iron Crown|Protect\n|move|p1a: Spectrier|Snarl|p2b: lace|[spread] p2b\n|-activate|p2a: Iron Crown|move: Protect\n|-supereffective|p2b: lace\n|-damage|p2b: lace|24/100\n|-unboost|p2b: lace|spa|1\n|move|p2b: lace|Trick Room|p2b: lace\n|-fieldstart|move: Trick Room|[of] p2b: lace\n|\n|upkeep\n|turn|3\n|\n|t:|1771138892\n|-terastallize|p2a: Iron Crown|Water\n|move|p2b: lace|Helping Hand|p2a: Iron Crown\n|-singleturn|p2a: Iron Crown|Helping Hand|[of] p2b: lace\n|move|p2a: Iron Crown|Tachyon Cutter|p1a: Spectrier\n|-damage|p1a: Spectrier|49/100\n|-damage|p1a: Spectrier|0 fnt\n|faint|p1a: Spectrier\n|-hitcount|p1: Spectrier|2\n|move|p1b: Chi-Yu|Dark Pulse|p2a: Iron Crown\n|-damage|p2a: Iron Crown|25/100\n|\n|upkeep\n|inactive|el cien has 120 seconds left.\n|\n|t:|1771138903\n|switch|p1a: Iron Hands|Iron Hands|100/100\n|turn|4\n|\n|t:|1771138910\n|move|p2b: lace|Follow Me|p2b: lace\n|-singleturn|p2b: lace|move: Follow Me\n|move|p1a: Iron Hands|Wild Charge|p2b: lace\n|-damage|p2b: lace|0 fnt\n|faint|p2b: lace\n|-damage|p1a: Iron Hands|96/100|[from] Recoil\n|move|p2a: Iron Crown|Expanding Force|p1a: Iron Hands|[spread] p1a\n|-immune|p1b: Chi-Yu\n|-supereffective|p1a: Iron Hands\n|-damage|p1a: Iron Hands|28/100\n|move|p1b: Chi-Yu|Nasty Plot|p1b: Chi-Yu\n|-boost|p1b: Chi-Yu|spa|2\n|\n|-sideend|p1: el cien|move: Tailwind\n|upkeep\n|\n|t:|1771138925\n|switch|p2b: Ursaluna|Ursaluna, M|100/100\n|turn|5\n|\n|t:|1771138934\n|-terastallize|p1b: Chi-Yu|Ghost\n|move|p2b: Ursaluna|Protect|p2b: Ursaluna\n|-singleturn|p2b: Ursaluna|Protect\n|move|p1a: Iron Hands|Close Combat|p2b: Ursaluna\n|-activate|p2b: Ursaluna|move: Protect\n|move|p1b: Chi-Yu|Heat Wave|p2a: Iron Crown|[spread] \n|-activate|p2b: Ursaluna|move: Protect\n|-miss|p1b: Chi-Yu|p2a: Iron Crown\n|move|p2a: Iron Crown|Tachyon Cutter|p1b: Chi-Yu\n|-damage|p1b: Chi-Yu|78/100\n|-damage|p1b: Chi-Yu|58/100\n|-hitcount|p1b: Chi-Yu|2\n|\n|-fieldend|move: Psychic Terrain\n|-status|p2b: Ursaluna|brn|[from] item: Flame Orb\n|upkeep\n|turn|6\n|\n|t:|1771138949\n|move|p1b: Chi-Yu|Protect|p1b: Chi-Yu\n|-singleturn|p1b: Chi-Yu|Protect\n|move|p1a: Iron Hands|Close Combat|p2a: Iron Crown\n|-damage|p2a: Iron Crown|0 fnt\n|-unboost|p1a: Iron Hands|def|1\n|-unboost|p1a: Iron Hands|spd|1\n|faint|p2a: Iron Crown\n|-end|p2a: Iron Crown|Quark Drive|[silent]\n|move|p2b: Ursaluna|Earthquake|p1a: Iron Hands|[spread] p1a\n|-activate|p1b: Chi-Yu|move: Protect\n|-supereffective|p1a: Iron Hands\n|-damage|p1a: Iron Hands|0 fnt\n|faint|p1a: Iron Hands\n|-end|p1a: Iron Hands|Quark Drive|[silent]\n|\n|-damage|p2b: Ursaluna|94/100 brn|[from] brn\n|-fieldend|move: Trick Room\n|upkeep\n|\n|t:|1771138964\n|switch|p2a: Glimmora|Glimmora, F|100/100\n|switch|p1a: Landorus|Landorus-Therian, M|100/100\n|-ability|p1a: Landorus|Intimidate|boost\n|-unboost|p2a: Glimmora|atk|1\n|-unboost|p2b: Ursaluna|atk|1\n|turn|7\n|\n|t:|1771138977\n|switch|p2b: Roaring Moon|Roaring Moon|100/100\n|-enditem|p2b: Roaring Moon|Booster Energy\n|-activate|p2b: Roaring Moon|ability: Protosynthesis|[fromitem]\n|-start|p2b: Roaring Moon|protosynthesisspe\n|move|p2a: Glimmora|Spiky Shield|p2a: Glimmora\n|-singleturn|p2a: Glimmora|move: Protect\n|move|p1a: Landorus|Stomping Tantrum|p2a: Glimmora\n|-activate|p2a: Glimmora|move: Protect\n|-damage|p1a: Landorus|88/100|[from] Spiky Shield|[of] p2a: Glimmora\n|move|p1b: Chi-Yu|Heat Wave|p2a: Glimmora|[spread] p2b\n|-activate|p2a: Glimmora|move: Protect\n|-resisted|p2b: Roaring Moon\n|-damage|p2b: Roaring Moon|61/100\n|\n|upkeep\n|turn|8\n|\n|t:|1771138990\n|switch|p2a: Ogerpon|Ogerpon-Wellspring, F|100/100\n|move|p1b: Chi-Yu|Protect|p1b: Chi-Yu\n|-singleturn|p1b: Chi-Yu|Protect\n|move|p2b: Roaring Moon|Tailwind|p2b: Roaring Moon\n|-sidestart|p2: parentsnobbish|move: Tailwind\n|move|p1a: Landorus|Stomping Tantrum|p2a: Ogerpon\n|-resisted|p2a: Ogerpon\n|-damage|p2a: Ogerpon|75/100\n|\n|upkeep\n|turn|9\n|\n|t:|1771139002\n|switch|p1b: Ogerpon|Ogerpon-Wellspring, F|100/100\n|move|p2b: Roaring Moon|Knock Off|p1b: Ogerpon\n|-damage|p1b: Ogerpon|67/100\n|move|p2a: Ogerpon|Horn Leech|p1a: Landorus\n|-damage|p1a: Landorus|47/100\n|-heal|p2a: Ogerpon|94/100|[from] drain|[of] p1a: Landorus\n|move|p1a: Landorus|Stomping Tantrum|p2b: Roaring Moon\n|-damage|p2b: Roaring Moon|9/100\n|\n|upkeep\n|turn|10\n|\n|t:|1771139015\n|switch|p1a: Whimsicott|Whimsicott, F|100/100\n|move|p1b: Ogerpon|Spiky Shield|p1b: Ogerpon\n|-singleturn|p1b: Ogerpon|move: Protect\n|move|p2b: Roaring Moon|Knock Off|p1a: Whimsicott\n|-resisted|p1a: Whimsicott\n|-damage|p1a: Whimsicott|66/100\n|-enditem|p1a: Whimsicott|Focus Sash|[from] move: Knock Off|[of] p2b: Roaring Moon\n|move|p2a: Ogerpon|Horn Leech|p1b: Ogerpon\n|-activate|p1b: Ogerpon|move: Protect\n|-damage|p2a: Ogerpon|82/100|[from] Spiky Shield|[of] p1b: Ogerpon\n|\n|upkeep\n|turn|11\n|\n|t:|1771139030\n|move|p1a: Whimsicott|Tailwind|p1a: Whimsicott\n|-sidestart|p1: el cien|move: Tailwind\n|move|p2b: Roaring Moon|Breaking Swipe|p1a: Whimsicott|[spread] p1b\n|-immune|p1a: Whimsicott\n|-damage|p1b: Ogerpon|42/100\n|-unboost|p1b: Ogerpon|atk|1\n|move|p1b: Ogerpon|Power Whip|p2a: Ogerpon\n|-damage|p2a: Ogerpon|35/100\n|move|p2a: Ogerpon|Horn Leech|p1b: Ogerpon\n|-damage|p1b: Ogerpon|0 fnt\n|-heal|p2a: Ogerpon|56/100|[from] drain|[of] p1b: Ogerpon\n|faint|p1b: Ogerpon\n|\n|-sideend|p2: parentsnobbish|move: Tailwind\n|upkeep\n|\n|t:|1771139048\n|switch|p1b: Landorus|Landorus-Therian, M|47/100\n|-ability|p1b: Landorus|Intimidate|boost\n|-unboost|p2a: Ogerpon|atk|1\n|-unboost|p2b: Roaring Moon|atk|1\n|turn|12\n|\n|t:|1771139054\n|switch|p2a: Glimmora|Glimmora, F|100/100\n|move|p2b: Roaring Moon|Protect|p2b: Roaring Moon\n|-singleturn|p2b: Roaring Moon|Protect\n|move|p1b: Landorus|U-turn|p2a: Glimmora\n|-resisted|p2a: Glimmora\n|-damage|p2a: Glimmora|82/100\n|-activate|p2a: Glimmora|ability: Toxic Debris\n|-sidestart|p1: el cien|move: Toxic Spikes\n|\n|t:|1771139058\n|switch|p1b: Chi-Yu|Chi-Yu, tera:Ghost|58/100|[from] U-turn\n|-status|p1b: Chi-Yu|psn\n|-ability|p1b: Chi-Yu|Beads of Ruin\n|move|p1a: Whimsicott|Moonblast|p2b: Roaring Moon\n|-activate|p2b: Roaring Moon|move: Protect\n|\n|-damage|p1b: Chi-Yu|46/100 psn|[from] psn\n|upkeep\n|-enditem|p1b: Chi-Yu|Sitrus Berry|[eat]\n|-heal|p1b: Chi-Yu|70/100 psn|[from] item: Sitrus Berry\n|turn|13\n|\n|t:|1771139068\n|move|p1a: Whimsicott|Fake Tears|p2a: Glimmora\n|-unboost|p2a: Glimmora|spd|2\n|move|p1b: Chi-Yu|Heat Wave|p2a: Glimmora|[spread] p2a\n|-miss|p1b: Chi-Yu|p2b: Roaring Moon\n|-resisted|p2a: Glimmora\n|-damage|p2a: Glimmora|16/100\n|move|p2b: Roaring Moon|Tailwind|p2b: Roaring Moon\n|-sidestart|p2: parentsnobbish|move: Tailwind\n|move|p2a: Glimmora|Sludge Bomb|p1a: Whimsicott\n|-supereffective|p1a: Whimsicott\n|-damage|p1a: Whimsicott|0 fnt\n|faint|p1a: Whimsicott\n|\n|-damage|p1b: Chi-Yu|58/100 psn|[from] psn\n|upkeep\n|\n|t:|1771139076\n|switch|p1a: Landorus|Landorus-Therian, M|47/100\n|-ability|p1a: Landorus|Intimidate|boost\n|-unboost|p2a: Glimmora|atk|1\n|-unboost|p2b: Roaring Moon|atk|1\n|turn|14\n|\n|t:|1771139084\n|move|p2b: Roaring Moon|Protect|p2b: Roaring Moon\n|-singleturn|p2b: Roaring Moon|Protect\n|move|p2a: Glimmora|Spiky Shield|p2a: Glimmora\n|-singleturn|p2a: Glimmora|move: Protect\n|move|p1a: Landorus|Stomping Tantrum|p2b: Roaring Moon\n|-activate|p2b: Roaring Moon|move: Protect\n|move|p1b: Chi-Yu|Dark Pulse|p2a: Glimmora\n|-activate|p2a: Glimmora|move: Protect\n|\n|-damage|p1b: Chi-Yu|46/100 psn|[from] psn\n|-sideend|p1: el cien|move: Tailwind\n|upkeep\n|turn|15\n|-message|el cien forfeited.\n|\n|win|parentsnobbish\n|raw|el cien's rating: 1709 &rarr; <strong>1685</strong><br />(-24 for losing)\n|raw|parentsnobbish's rating: 1632 &rarr; <strong>1656</strong><br />(+24 for winning)\n|l|‽el cien\n|player|p1|\n|l|☆parentsnobbish\n|player|p2|\n", "uploadtime": 1771139106, "views": 34, "formatid": "gen9doublesou", "rating": 1656, "private": 0, "password": null}