{"id": "gen9doublesou-2540070049", "format": "[Gen 9] Doubles OU", "players": ["Lemecano", "jondiiii"], "log": "|j|☆Lemecano\n|j|☆jondiiii\n|t:|1771156453\n|gametype|doubles\n|player|p1|Lemecano|170|1574\n|player|p2|jondiiii|roxie|1504\n|gen|9\n|tier|[Gen 9] Doubles OU\n|rated|\n|rule|HP Percentage Mod: HP is shown in percentages\n|rule|Endless Battle Clause: Forcing endless battles is banned\n|rule|Species Clause: Limit one of each Pokémon\n|rule|OHKO Clause: OHKO moves are banned\n|rule|Evasion Moves Clause: Evasion moves are banned\n|rule|Gravity Sleep Clause: The combination of sleep-inducing moves with imperfect accuracy and Gravity or Gigantamax Orbeetle are banned\n|rule|Evasion Abilities Clause: Evasion abilities are banned\n|clearpoke\n|poke|p1|Regidrago|\n|poke|p1|Incineroar, F|\n|poke|p1|Clefable, M|\n|poke|p1|Ogerpon-Wellspring, F|\n|poke|p1|Raging Bolt|\n|poke|p1|Sneasler, M|\n|poke|p2|Krookodile, F|\n|poke|p2|Talonflame, M|\n|poke|p2|Gouging Fire|\n|poke|p2|Dragonite, M|\n|poke|p2|Sinistcha|\n|poke|p2|Incineroar, M|\n|teampreview\n|inactive|Battle timer is ON: inactive players will automatically lose when time's up. (requested by Lemecano)\n|inactive|jondiiii has 120 seconds left.\n|inactive|Lemecano has 120 seconds left.\n|inactive|jondiiii has 90 seconds left.\n|c|☆Lemecano|glhf\n|inactive|jondiiii has 60 seconds left.\n|c|☆jondiiii|u2\n|\n|t:|1771156553\n|teamsize|p1|6\n|teamsize|p2|6\n|start\n|switch|p1a: Ogerpon|Ogerpon-Wellspring, F|100/100\n|switch|p1b: Sneasler|Sneasler, M|100/100\n|switch|p2a: Alfonso|Dragonite, M|100/100\n|switch|p2b: Princesita|Gouging Fire|100/100\n|-enditem|p2b: Princesita|Booster Energy\n|-activate|p2b: Princesita|ability: Protosynthesis|[fromitem]\n|-start|p2b: Princesita|protosynthesisspe\n|turn|1\n|\n|t:|1771156576\n|move|p2a: Alfonso|Protect|p2a: Alfonso\n|-singleturn|p2a: Alfonso|Protect\n|move|p1b: Sneasler|Fake Out|p2b: Princesita\n|-damage|p2b: Princesita|85/100\n|-damage|p1b: Sneasler|91/100|[from] item: Life Orb\n|cant|p2b: Princesita|flinch\n|move|p1a: Ogerpon|Ivy Cudgel|p2b: Princesita|[anim] Ivy Cudgel Water\n|-damage|p2b: Princesita|44/100\n|\n|upkeep\n|turn|2\n|inactive|jondiiii has 120 seconds left.\n|j| Masque de Onryo\n|\n|t:|1771156636\n|move|p1a: Ogerpon|Follow Me|p1a: Ogerpon\n|-singleturn|p1a: Ogerpon|move: Follow Me\n|move|p2b: Princesita|Breaking Swipe|p1a: Ogerpon|[spread] p1a,p1b\n|-damage|p1a: Ogerpon|78/100\n|-damage|p1b: Sneasler|59/100\n|-unboost|p1a: Ogerpon|atk|1\n|-unboost|p1b: Sneasler|atk|1\n|move|p1b: Sneasler|Dire Claw|p2a: Alfonso\n|-damage|p2a: Alfonso|82/100\n|-status|p2a: Alfonso|psn|[from] ability: Poison Touch|[of] p1b: Sneasler\n|-damage|p1b: Sneasler|49/100|[from] item: Life Orb\n|move|p2a: Alfonso|Scale Shot|p1a: Ogerpon\n|-damage|p1a: Ogerpon|63/100\n|-damage|p1a: Ogerpon|47/100\n|-crit|p1a: Ogerpon\n|-damage|p1a: Ogerpon|21/100\n|-damage|p1a: Ogerpon|3/100\n|-crit|p1a: Ogerpon\n|-damage|p1a: Ogerpon|0 fnt\n|faint|p1a: Ogerpon\n|-hitcount|p1: Ogerpon|5\n|-unboost|p2a: Alfonso|def|1\n|-boost|p2a: Alfonso|spe|1\n|\n|-damage|p2a: Alfonso|70/100 psn|[from] psn\n|upkeep\n|inactive|Lemecano has 120 seconds left.\n|\n|t:|1771156659\n|switch|p1a: Incineroar|Incineroar, F|100/100\n|-ability|p1a: Incineroar|Intimidate|boost\n|-unboost|p2a: Alfonso|atk|1\n|-unboost|p2b: Princesita|atk|1\n|turn|3\n|inactive|jondiiii has 120 seconds left.\n|c|☆Lemecano|you think a lot hey\n|c|☆jondiiii|mb\n|\n|t:|1771156690\n|move|p2a: Alfonso|Protect|p2a: Alfonso\n|-singleturn|p2a: Alfonso|Protect\n|move|p1a: Incineroar|Fake Out|p2b: Princesita\n|-damage|p2b: Princesita|36/100\n|cant|p2b: Princesita|flinch\n|move|p1b: Sneasler|Dire Claw|p2b: Princesita\n|-damage|p2b: Princesita|6/100\n|-damage|p1b: Sneasler|39/100|[from] item: Life Orb\n|\n|-damage|p2a: Alfonso|57/100 psn|[from] psn\n|upkeep\n|turn|4\n|c|☆Lemecano|no worry\n|c|☆Lemecano|it's normal\n|c|☆jondiiii|you cooking me tho\n|inactive|Lemecano has 120 seconds left.\n|inactive|jondiiii has 90 seconds left.\n|\n|t:|1771156732\n|switch|p1b: Clefable|Clefable, M|100/100\n|move|p2b: Princesita|Heat Crash|p1b: Clefable\n|-damage|p1b: Clefable|53/100\n|move|p2a: Alfonso|Scale Shot|p1a: Incineroar|[miss]\n|-miss|p2a: Alfonso|p1a: Incineroar\n|move|p1a: Incineroar|Knock Off|p2b: Princesita\n|-damage|p2b: Princesita|0 fnt\n|faint|p2b: Princesita\n|-end|p2b: Princesita|Protosynthesis|[silent]\n|\n|-damage|p2a: Alfonso|45/100 psn|[from] psn\n|upkeep\n|l| Masque de Onryo\n|\n|t:|1771156744\n|switch|p2b: Susan Deltarune|Krookodile, F|100/100\n|turn|5\n|\n|t:|1771156753\n|move|p1b: Clefable|Protect|p1b: Clefable\n|-singleturn|p1b: Clefable|Protect\n|move|p2a: Alfonso|Tailwind|p2a: Alfonso\n|-sidestart|p2: jondiiii|move: Tailwind\n|move|p2b: Susan Deltarune|Earthquake|p1a: Incineroar|[spread] p1a\n|-activate|p1b: Clefable|move: Protect\n|-immune|p2a: Alfonso\n|-supereffective|p1a: Incineroar\n|-crit|p1a: Incineroar\n|-damage|p1a: Incineroar|0 fnt\n|faint|p1a: Incineroar\n|-ability|p2b: Susan Deltarune|Moxie|boost\n|-boost|p2b: Susan Deltarune|atk|1\n|-damage|p2b: Susan Deltarune|91/100|[from] item: Life Orb\n|\n|-damage|p2a: Alfonso|32/100 psn|[from] psn\n|upkeep\n|c|☆jondiiii|holly crit\n|\n|t:|1771156768\n|switch|p1a: Sneasler|Sneasler, M|39/100\n|turn|6\n|inactive|jondiiii has 120 seconds left.\n|\n|t:|1771156783\n|switch|p2a: Michi-Man|Incineroar, M|100/100\n|-ability|p2a: Michi-Man|Intimidate|boost\n|-unboost|p1a: Sneasler|atk|1\n|-unboost|p1b: Clefable|atk|1\n|move|p2b: Susan Deltarune|Protect|p2b: Susan Deltarune\n|-singleturn|p2b: Susan Deltarune|Protect\n|move|p1b: Clefable|Follow Me|p1b: Clefable\n|-singleturn|p1b: Clefable|move: Follow Me\n|move|p1a: Sneasler|Close Combat|p2b: Susan Deltarune\n|-activate|p2b: Susan Deltarune|move: Protect\n|\n|upkeep\n|turn|7\n|inactive|jondiiii has 120 seconds left.\n|\n|t:|1771156809\n|move|p2a: Michi-Man|Fake Out|p1a: Sneasler\n|-damage|p1a: Sneasler|20/100\n|move|p2b: Susan Deltarune|Earthquake|p1b: Clefable|[spread] p2a,p1a,p1b\n|-supereffective|p2a: Michi-Man\n|-supereffective|p1a: Sneasler\n|-damage|p2a: Michi-Man|0 fnt\n|-damage|p1a: Sneasler|0 fnt\n|-damage|p1b: Clefable|8/100\n|-enditem|p1b: Clefable|Sitrus Berry|[eat]\n|-heal|p1b: Clefable|32/100|[from] item: Sitrus Berry\n|faint|p2a: Michi-Man\n|faint|p1a: Sneasler\n|-ability|p2b: Susan Deltarune|Moxie|boost\n|-boost|p2b: Susan Deltarune|atk|2\n|-damage|p2b: Susan Deltarune|81/100|[from] item: Life Orb\n|move|p1b: Clefable|Moonblast|p2b: Susan Deltarune\n|-supereffective|p2b: Susan Deltarune\n|-damage|p2b: Susan Deltarune|6/100\n|\n|upkeep\n|inactive|jondiiii has 120 seconds left.\n|inactive|Lemecano has 120 seconds left.\n|\n|t:|1771156836\n|switch|p1a: Raging Bolt|Raging Bolt|100/100\n|switch|p2a: Arigameplays|Sinistcha|100/100\n|-heal|p2b: Susan Deltarune|31/100|[from] ability: Hospitality|[of] p2a: Arigameplays\n|-enditem|p1a: Raging Bolt|Booster Energy\n|-activate|p1a: Raging Bolt|ability: Protosynthesis|[fromitem]\n|-start|p1a: Raging Bolt|protosynthesisspa\n|turn|8\n|inactive|Lemecano has 120 seconds left.\n|\n|t:|1771156858\n|move|p2b: Susan Deltarune|Earthquake|p1a: Raging Bolt|[spread] p2a,p1a,p1b\n|-resisted|p2a: Arigameplays\n|-supereffective|p1a: Raging Bolt\n|-crit|p1a: Raging Bolt\n|-damage|p2a: Arigameplays|48/100\n|-damage|p1a: Raging Bolt|0 fnt\n|-damage|p1b: Clefable|0 fnt\n|-enditem|p2a: Arigameplays|Sitrus Berry|[eat]\n|-heal|p2a: Arigameplays|73/100|[from] item: Sitrus Berry\n|faint|p1a: Raging Bolt\n|-end|p1a: Raging Bolt|Protosynthesis|[silent]\n|faint|p1b: Clefable\n|-ability|p2b: Susan Deltarune|Moxie|boost\n|-boost|p2b: Susan Deltarune|atk|2\n|-damage|p2b: Susan Deltarune|21/100|[from] item: Life Orb\n|move|p2a: Arigameplays|Life Dew|p2a: Arigameplays|[spread] p2a,p2b\n|-heal|p2a: Arigameplays|98/100\n|-heal|p2b: Susan Deltarune|46/100\n|\n|-sideend|p2: jondiiii|move: Tailwind\n|upkeep\n|\n|t:|1771156863\n|switch|p1b: Regidrago|Regidrago|100/100\n|turn|9\n|c|☆jondiiii|ggs\n|\n|t:|1771156875\n|-terastallize|p1b: Regidrago|Dragon\n|move|p2b: Susan Deltarune|Protect|p2b: Susan Deltarune\n|-singleturn|p2b: Susan Deltarune|Protect\n|move|p1b: Regidrago|Dragon Energy|p2b: Susan Deltarune|[spread] p2a\n|-activate|p2b: Susan Deltarune|move: Protect\n|-damage|p2a: Arigameplays|0 fnt\n|faint|p2a: Arigameplays\n|\n|upkeep\n|\n|t:|1771156881\n|switch|p2a: Pablo 🏍️s|Talonflame, M|100/100\n|turn|10\n|\n|t:|1771156885\n|move|p2a: Pablo 🏍️s|Tailwind|p2a: Pablo 🏍️s\n|-sidestart|p2: jondiiii|move: Tailwind\n|move|p2b: Susan Deltarune|Knock Off|p1b: Regidrago\n|-damage|p1b: Regidrago|0 fnt\n|-enditem|p1b: Regidrago|Draco Plate|[from] move: Knock Off|[of] p2b: Susan Deltarune\n|faint|p1b: Regidrago\n|-damage|p2b: Susan Deltarune|36/100|[from] item: Life Orb\n|\n|win|jondiiii\n|raw|Lemecano's rating: 1574 &rarr; <strong>1550</strong><br />(-24 for losing)\n|raw|jondiiii's rating: 1504 &rarr; <strong>1528</strong><br />(+24 for winning)\n|l|☆Lemecano\n|player|p1|\n", "uploadtime": 1771157234, "views": 10, "formatid": "gen9doublesou", "rating": 1528, "private": 0, "password": null}