{"id": "gen9doublesou-2540079042", "format": "[Gen 9] Doubles OU", "players": ["inakunana", "Dr Sly"], "log": "|badge|p1|bronze|gen9doublesou|100-8\n|uhtml|medal-msg|<div class=\"broadcast-blue\">Curious what those medals under the avatar are? PS now has Ladder Seasons! For more information, check out the <a href=\"https://www.smogon.com/forums/threads/3740067/\">thread on Smogon.</a></div>\n|j|☆inakunana\n|j|☆Dr Sly\n|t:|1771158121\n|gametype|doubles\n|player|p1|inakunana|erika|1731\n|player|p2|Dr Sly|camper|1673\n|gen|9\n|tier|[Gen 9] Doubles OU\n|rated|\n|rule|HP Percentage Mod: HP is shown in percentages\n|rule|Endless Battle Clause: Forcing endless battles is banned\n|rule|Species Clause: Limit one of each Pokémon\n|rule|OHKO Clause: OHKO moves are banned\n|rule|Evasion Moves Clause: Evasion moves are banned\n|rule|Gravity Sleep Clause: The combination of sleep-inducing moves with imperfect accuracy and Gravity or Gigantamax Orbeetle are banned\n|rule|Evasion Abilities Clause: Evasion abilities are banned\n|clearpoke\n|poke|p1|Gholdengo|\n|poke|p1|Glimmora, F|\n|poke|p1|Incineroar, M|\n|poke|p1|Ogerpon-Hearthflame, F|\n|poke|p1|Rillaboom, M|\n|poke|p1|Tornadus, M|\n|poke|p2|Hitmonchan, M|\n|poke|p2|Volcanion|\n|poke|p2|Comfey, M|\n|poke|p2|Araquanid, M|\n|poke|p2|Moltres-Galar|\n|poke|p2|Thundurus, M|\n|teampreview\n|inactive|Battle timer is ON: inactive players will automatically lose when time's up. (requested by inakunana)\n|\n|t:|1771158145\n|teamsize|p1|6\n|teamsize|p2|6\n|start\n|switch|p1a: low tide|Glimmora, F|100/100\n|switch|p1b: predefined evil|Incineroar, M|100/100\n|switch|p2a: Thundurus|Thundurus, M, shiny|100/100\n|switch|p2b: Hitmonchan|Hitmonchan, M|100/100\n|-ability|p1b: predefined evil|Intimidate|boost\n|-unboost|p2a: Thundurus|atk|1\n|-unboost|p2b: Hitmonchan|atk|1\n|turn|1\n|\n|t:|1771158170\n|move|p1a: low tide|Spiky Shield|p1a: low tide\n|-singleturn|p1a: low tide|move: Protect\n|move|p2b: Hitmonchan|Fake Out|p1b: predefined evil\n|-damage|p1b: predefined evil|93/100\n|move|p2a: Thundurus|Thunder Wave|p1a: low tide\n|-activate|p1a: low tide|move: Protect\n|cant|p1b: predefined evil|flinch\n|\n|upkeep\n|turn|2\n|\n|t:|1771158188\n|switch|p1a: bon voyage|Gholdengo|100/100\n|move|p2a: Thundurus|Thunderbolt|p1b: predefined evil\n|-damage|p1b: predefined evil|63/100\n|move|p2b: Hitmonchan|Drain Punch|p1b: predefined evil\n|-supereffective|p1b: predefined evil\n|-damage|p1b: predefined evil|12/100\n|move|p1b: predefined evil|Parting Shot|p2a: Thundurus\n|-unboost|p2a: Thundurus|atk|1\n|-unboost|p2a: Thundurus|spa|1\n|\n|t:|1771158204\n|switch|p1b: low tide|Glimmora, F|100/100|[from] Parting Shot\n|\n|upkeep\n|turn|3\n|\n|t:|1771158212\n|switch|p2b: Moltres|Moltres-Galar|100/100\n|move|p2a: Thundurus|Thunder Wave|p1b: low tide\n|-status|p1b: low tide|par\n|move|p1a: bon voyage|Nasty Plot|p1a: bon voyage\n|-boost|p1a: bon voyage|spa|2\n|move|p1b: low tide|Power Gem|p2a: Thundurus\n|-supereffective|p2a: Thundurus\n|-damage|p2a: Thundurus|24/100\n|-enditem|p2a: Thundurus|Aguav Berry|[eat]\n|-heal|p2a: Thundurus|57/100|[from] item: Aguav Berry\n|\n|upkeep\n|turn|4\n|\n|t:|1771158230\n|-terastallize|p2b: Moltres|Dark\n|move|p2a: Thundurus|Thunderbolt|p1a: bon voyage\n|-damage|p1a: bon voyage|78/100\n|move|p1a: bon voyage|Make It Rain|p2b: Moltres|[spread] p2a,p2b\n|-resisted|p2a: Thundurus\n|-damage|p2a: Thundurus|14/100\n|-damage|p2b: Moltres|33/100\n|-unboost|p1a: bon voyage|spa|1\n|-ability|p2b: Moltres|Berserk|boost\n|-boost|p2b: Moltres|spa|1\n|move|p2b: Moltres|Agility|p2b: Moltres\n|-boost|p2b: Moltres|spe|2\n|move|p1b: low tide|Power Gem|p2b: Moltres\n|-damage|p2b: Moltres|0 fnt\n|faint|p2b: Moltres\n|\n|upkeep\n|\n|t:|1771158249\n|switch|p2b: Volcanion|Volcanion|100/100\n|turn|5\n|\n|t:|1771158258\n|move|p1a: bon voyage|Protect|p1a: bon voyage\n|-singleturn|p1a: bon voyage|Protect\n|move|p2a: Thundurus|Thunderbolt|p1b: low tide\n|-damage|p1b: low tide|68/100 par\n|move|p2b: Volcanion|Heat Wave|p1b: low tide|[spread] p1b\n|-activate|p1a: bon voyage|move: Protect\n|-resisted|p1b: low tide\n|-damage|p1b: low tide|40/100 par\n|move|p1b: low tide|Power Gem|p2b: Volcanion\n|-supereffective|p2b: Volcanion\n|-damage|p2b: Volcanion|36/100\n|\n|upkeep\n|turn|6\n|\n|t:|1771158272\n|switch|p1b: predefined evil|Incineroar, M|12/100\n|-ability|p1b: predefined evil|Intimidate|boost\n|-unboost|p2a: Thundurus|atk|1\n|-unboost|p2b: Volcanion|atk|1\n|-terastallize|p1a: bon voyage|Dragon\n|move|p2a: Thundurus|Thunderbolt|p1b: predefined evil\n|-damage|p1b: predefined evil|0 fnt\n|faint|p1b: predefined evil\n|move|p1a: bon voyage|Make It Rain|p2a: Thundurus|[spread] p2a,p2b\n|-resisted|p2a: Thundurus\n|-resisted|p2b: Volcanion\n|-damage|p2a: Thundurus|0 fnt\n|-damage|p2b: Volcanion|24/100\n|-unboost|p1a: bon voyage|spa|1\n|faint|p2a: Thundurus\n|move|p2b: Volcanion|Heat Wave|p1a: bon voyage\n|-resisted|p1a: bon voyage\n|-damage|p1a: bon voyage|55/100\n|-status|p1a: bon voyage|brn\n|\n|-damage|p1a: bon voyage|49/100 brn|[from] brn\n|upkeep\n|\n|t:|1771158297\n|switch|p2a: Comfey|Comfey, M|100/100\n|switch|p1b: high tide|Tornadus, M|100/100\n|turn|7\n|\n|t:|1771158306\n|move|p2a: Comfey|Protect|p2a: Comfey\n|-singleturn|p2a: Comfey|Protect\n|move|p1b: high tide|Bleakwind Storm|p2b: Volcanion|[spread] \n|-activate|p2a: Comfey|move: Protect\n|-miss|p1b: high tide|p2b: Volcanion\n|move|p1a: bon voyage|Make It Rain|p2b: Volcanion|[spread] p2b\n|-activate|p2a: Comfey|move: Protect\n|-resisted|p2b: Volcanion\n|-damage|p2b: Volcanion|14/100\n|-unboost|p1a: bon voyage|spa|1\n|move|p2b: Volcanion|Heat Wave|p1a: bon voyage|[spread] p1a,p1b\n|-resisted|p1a: bon voyage\n|-damage|p1a: bon voyage|30/100 brn\n|-damage|p1b: high tide|45/100\n|\n|-damage|p1a: bon voyage|23/100 brn|[from] brn\n|upkeep\n|turn|8\n|\n|t:|1771158325\n|switch|p1a: wanted blood|Ogerpon-Hearthflame, F|100/100\n|-ability|p1a: wanted blood|Mold Breaker\n|switch|p2b: Hitmonchan|Hitmonchan, M|100/100\n|move|p2a: Comfey|Draining Kiss|p1a: wanted blood\n|-resisted|p1a: wanted blood\n|-damage|p1a: wanted blood|92/100\n|move|p1b: high tide|Bleakwind Storm|p2b: Hitmonchan|[spread] p2a,p2b\n|-supereffective|p2b: Hitmonchan\n|-damage|p2a: Comfey|63/100\n|-damage|p2b: Hitmonchan|52/100\n|-unboost|p2a: Comfey|spe|1\n|-unboost|p2b: Hitmonchan|spe|1\n|\n|upkeep\n|turn|9\n|\n|t:|1771158344\n|switch|p2b: Volcanion|Volcanion|14/100\n|move|p1b: high tide|Protect|p1b: high tide\n|-singleturn|p1b: high tide|Protect\n|move|p1a: wanted blood|Spiky Shield|p1a: wanted blood\n|-singleturn|p1a: wanted blood|move: Protect\n|move|p2a: Comfey|Floral Healing|p2b: Volcanion\n|-heal|p2b: Volcanion|65/100\n|\n|upkeep\n|turn|10\n|\n|t:|1771158357\n|switch|p1b: when it snapped|Rillaboom, M|100/100\n|-fieldstart|move: Grassy Terrain|[from] ability: Grassy Surge|[of] p1b: when it snapped\n|move|p2a: Comfey|Floral Healing|p2b: Volcanion\n|-heal|p2b: Volcanion|100/100\n|move|p1a: wanted blood|Grassy Glide|p2b: Volcanion\n|-damage|p2b: Volcanion|65/100\n|move|p2b: Volcanion|Sludge Bomb|p1a: wanted blood\n|-supereffective|p1a: wanted blood\n|-damage|p1a: wanted blood|16/100\n|\n|-heal|p1a: wanted blood|22/100|[from] Grassy Terrain\n|-heal|p2b: Volcanion|71/100|[from] Grassy Terrain\n|-heal|p2a: Comfey|69/100|[from] Grassy Terrain\n|upkeep\n|turn|11\n|\n|t:|1771158382\n|switch|p2b: Hitmonchan|Hitmonchan, M|52/100\n|move|p1b: when it snapped|Fake Out|p2b: Hitmonchan\n|-damage|p2b: Hitmonchan|32/100\n|move|p2a: Comfey|Floral Healing|p2b: Hitmonchan\n|-heal|p2b: Hitmonchan|99/100\n|move|p1a: wanted blood|Swords Dance|p1a: wanted blood\n|-boost|p1a: wanted blood|atk|2\n|\n|-heal|p1a: wanted blood|28/100|[from] Grassy Terrain\n|-heal|p2b: Hitmonchan|100/100|[from] Grassy Terrain\n|-heal|p2a: Comfey|75/100|[from] Grassy Terrain\n|upkeep\n|turn|12\n|\n|t:|1771158412\n|switch|p2a: Araquanid|Araquanid, M, shiny|100/100\n|move|p1a: wanted blood|Ivy Cudgel|p2b: Hitmonchan|[anim] Ivy Cudgel Fire\n|-damage|p2b: Hitmonchan|0 fnt\n|faint|p2b: Hitmonchan\n|move|p1b: when it snapped|Wood Hammer|p2a: Araquanid\n|-damage|p2a: Araquanid|31/100\n|-damage|p1b: when it snapped|84/100|[from] Recoil\n|\n|-heal|p1a: wanted blood|34/100|[from] Grassy Terrain\n|-heal|p1b: when it snapped|90/100|[from] Grassy Terrain\n|-heal|p2a: Araquanid|37/100|[from] Grassy Terrain\n|-heal|p2a: Araquanid|43/100|[from] item: Leftovers\n|upkeep\n|inactive|Dr Sly has 120 seconds left.\n|\n|t:|1771158425\n|switch|p2b: Comfey|Comfey, M|75/100\n|turn|13\n|\n|t:|1771158435\n|move|p2b: Comfey|Floral Healing|p2a: Araquanid\n|-heal|p2a: Araquanid|100/100\n|move|p1a: wanted blood|Grassy Glide|p2a: Araquanid\n|-damage|p2a: Araquanid|17/100\n|move|p1b: when it snapped|Wood Hammer|p2a: Araquanid\n|-damage|p2a: Araquanid|0 fnt\n|faint|p2a: Araquanid\n|-damage|p1b: when it snapped|86/100|[from] Recoil\n|\n|-heal|p1a: wanted blood|40/100|[from] Grassy Terrain\n|-heal|p2b: Comfey|81/100|[from] Grassy Terrain\n|-heal|p1b: when it snapped|92/100|[from] Grassy Terrain\n|upkeep\n|\n|t:|1771158447\n|switch|p2a: Volcanion|Volcanion|71/100\n|turn|14\n|\n|t:|1771158451\n|move|p2b: Comfey|Floral Healing|p2a: Volcanion\n|-heal|p2a: Volcanion|100/100\n|move|p1a: wanted blood|Ivy Cudgel|p2b: Comfey|[anim] Ivy Cudgel Fire\n|-damage|p2b: Comfey|0 fnt\n|faint|p2b: Comfey\n|move|p1b: when it snapped|Wood Hammer|p2a: Volcanion\n|-damage|p2a: Volcanion|42/100\n|-damage|p1b: when it snapped|77/100|[from] Recoil\n|move|p2a: Volcanion|Heat Wave|p1a: wanted blood|[spread] p1a,p1b\n|-supereffective|p1b: when it snapped\n|-damage|p1a: wanted blood|0 fnt\n|-damage|p1b: when it snapped|29/100\n|faint|p1a: wanted blood\n|\n|-heal|p1b: when it snapped|35/100|[from] Grassy Terrain\n|-heal|p2a: Volcanion|48/100|[from] Grassy Terrain\n|-fieldend|move: Grassy Terrain\n|upkeep\n|\n|t:|1771158458\n|switch|p1a: high tide|Tornadus, M|45/100\n|turn|15\n|\n|t:|1771158469\n|move|p1a: high tide|Tailwind|p1a: high tide\n|-sidestart|p1: inakunana|move: Tailwind\n|move|p1b: when it snapped|High Horsepower|p2a: Volcanion\n|-supereffective|p2a: Volcanion\n|-damage|p2a: Volcanion|0 fnt\n|faint|p2a: Volcanion\n|\n|win|inakunana\n|raw|inakunana's rating: 1731 &rarr; <strong>1748</strong><br />(+17 for winning)\n|raw|Dr Sly's rating: 1673 &rarr; <strong>1656</strong><br />(-17 for losing)\n|c|☆Dr Sly|gg\n|l|☆Dr Sly\n|player|p2|\n|j| nasty ploting\n", "uploadtime": 1771158777, "views": 11, "formatid": "gen9doublesou", "rating": 1656, "private": 0, "password": null}