{"id": "gen9doublesou-2540354381", "format": "[Gen 9] Doubles OU", "players": ["SHLOK101", "Jim Leader Adam"], "log": "|badge|p1|bronze|gen9doublesou|100-8\n|uhtml|medal-msg|<div class=\"broadcast-blue\">Curious what those medals under the avatar are? PS now has Ladder Seasons! For more information, check out the <a href=\"https://www.smogon.com/forums/threads/3740067/\">thread on Smogon.</a></div>\n|badge|p2|bronze|gen9doublesou|100-8\n|uhtml|medal-msg|<div class=\"broadcast-blue\">Curious what those medals under the avatar are? PS now has Ladder Seasons! For more information, check out the <a href=\"https://www.smogon.com/forums/threads/3740067/\">thread on Smogon.</a></div>\n|j|☆SHLOK101\n|j|☆Jim Leader Adam\n|t:|1771192127\n|gametype|doubles\n|player|p1|SHLOK101|cynthia|1783\n|player|p2|Jim Leader Adam|blue|1750\n|gen|9\n|tier|[Gen 9] Doubles OU\n|rated|\n|rule|HP Percentage Mod: HP is shown in percentages\n|rule|Endless Battle Clause: Forcing endless battles is banned\n|rule|Species Clause: Limit one of each Pokémon\n|rule|OHKO Clause: OHKO moves are banned\n|rule|Evasion Moves Clause: Evasion moves are banned\n|rule|Gravity Sleep Clause: The combination of sleep-inducing moves with imperfect accuracy and Gravity or Gigantamax Orbeetle are banned\n|rule|Evasion Abilities Clause: Evasion abilities are banned\n|clearpoke\n|poke|p1|Incineroar, F|\n|poke|p1|Chien-Pao|\n|poke|p1|Dragonite, M|\n|poke|p1|Ogerpon-Hearthflame, F|\n|poke|p1|Basculegion-F, F|\n|poke|p1|Smeargle, F|\n|poke|p2|Zoroark-Hisui, F|\n|poke|p2|Ursaluna-Bloodmoon, M|\n|poke|p2|Empoleon, M|\n|poke|p2|Kingambit, M|\n|poke|p2|Sneasler, F|\n|poke|p2|Mew|\n|teampreview\n|inactive|Battle timer is ON: inactive players will automatically lose when time's up. (requested by Jim Leader Adam)\n|inactive|SHLOK101 also wants the timer to be on.\n|c|☆Jim Leader Adam|damnnn shlok you been climbing the ladder these last few days eh\n|inactive|SHLOK101 has 120 seconds left.\n|inactive|Jim Leader Adam has 120 seconds left.\n|c|☆Jim Leader Adam|good luck as always\n|inactive|SHLOK101 has 90 seconds left.\n|inactive|Jim Leader Adam has 90 seconds left.\n|c|☆SHLOK101|naa man\n|c|☆SHLOK101|I would not call this climbing\n|c|☆SHLOK101|I am just playing in my break :)\n|inactive|SHLOK101 has 60 seconds left.\n|inactive|Jim Leader Adam has 60 seconds left.\n|\n|t:|1771192235\n|teamsize|p1|6\n|teamsize|p2|6\n|start\n|switch|p1a: Dragonite|Dragonite, M|100/100\n|switch|p1b: Incineroar|Incineroar, F|100/100\n|switch|p2a: The Wendigo|Sneasler, F, shiny|100/100\n|switch|p2b: Waxing Gibbous|Ursaluna-Bloodmoon, M|100/100\n|-ability|p1b: Incineroar|Intimidate|boost\n|-unboost|p2a: The Wendigo|atk|1\n|-unboost|p2b: Waxing Gibbous|atk|1\n|turn|1\n|c|☆SHLOK101|gl you too\n|j| InkleeKong\n|inactive|Jim Leader Adam has 120 seconds left.\n|inactive|Jim Leader Adam has 90 seconds left.\n|\n|t:|1771192275\n|-terastallize|p2b: Waxing Gibbous|Ghost\n|move|p1b: Incineroar|Fake Out|p2b: Waxing Gibbous\n|-immune|p2b: Waxing Gibbous\n|move|p2a: The Wendigo|Icy Wind|p1a: Dragonite|[spread] p1a\n|-miss|p2a: The Wendigo|p1b: Incineroar\n|-supereffective|p1a: Dragonite\n|-damage|p1a: Dragonite|52/100\n|-unboost|p1a: Dragonite|spe|1\n|move|p2b: Waxing Gibbous|Blood Moon|p1a: Dragonite\n|-damage|p1a: Dragonite|0 fnt\n|faint|p1a: Dragonite\n|\n|upkeep\n|inactive|SHLOK101 has 120 seconds left.\n|\n|t:|1771192288\n|switch|p1a: Smeargle|Smeargle, F|100/100\n|turn|2\n|\n|t:|1771192296\n|move|p1a: Smeargle|Wide Guard|p1a: Smeargle\n|-singleturn|p1a: Smeargle|Wide Guard\n|move|p2b: Waxing Gibbous|Vacuum Wave|p1a: Smeargle\n|-supereffective|p1a: Smeargle\n|-damage|p1a: Smeargle|40/100\n|move|p2a: The Wendigo|Icy Wind|p1a: Smeargle|[spread] \n|-activate|p1a: Smeargle|move: Wide Guard\n|-activate|p1b: Incineroar|move: Wide Guard\n|move|p1b: Incineroar|Knock Off|p2b: Waxing Gibbous\n|-supereffective|p2b: Waxing Gibbous\n|-damage|p2b: Waxing Gibbous|41/100\n|-enditem|p2b: Waxing Gibbous|Assault Vest|[from] move: Knock Off|[of] p1b: Incineroar\n|\n|-ability|p1a: Smeargle|Moody|boost\n|-boost|p1a: Smeargle|spe|2\n|-unboost|p1a: Smeargle|atk|1\n|upkeep\n|turn|3\n|inactive|Jim Leader Adam has 120 seconds left.\n|inactive|SHLOK101 has 120 seconds left.\n|\n|t:|1771192339\n|-terastallize|p1a: Smeargle|Ghost\n|move|p2b: Waxing Gibbous|Vacuum Wave|p1a: Smeargle\n|-damage|p1a: Smeargle|10/100\n|move|p1a: Smeargle|Spore|p2a: The Wendigo\n|-status|p2a: The Wendigo|slp|[from] move: Spore\n|cant|p2a: The Wendigo|slp\n|move|p1b: Incineroar|Knock Off|p2b: Waxing Gibbous\n|-supereffective|p2b: Waxing Gibbous\n|-damage|p2b: Waxing Gibbous|0 fnt\n|faint|p2b: Waxing Gibbous\n|\n|-ability|p1a: Smeargle|Moody|boost\n|-boost|p1a: Smeargle|spa|2\n|-unboost|p1a: Smeargle|atk|1\n|upkeep\n|j| GroudonAgenda\n|inactive|Jim Leader Adam has 90 seconds left.\n|inactive|Jim Leader Adam has 60 seconds left.\n|\n|t:|1771192408\n|switch|p2b: The Wendigo|Sneasler, F, shiny|100/100\n|turn|4\n|inactive|Jim Leader Adam has 60 seconds left.\n|\n|t:|1771192421\n|move|p2b: The Wendigo|Protect|p2b: The Wendigo\n|-singleturn|p2b: The Wendigo|Protect\n|move|p1a: Smeargle|Spore|p2b: The Wendigo\n|-activate|p2b: The Wendigo|move: Protect\n|-curestatus|p2a: The Wendigo|slp|[msg]\n|move|p2a: The Wendigo|Bitter Malice|p1a: Smeargle\n|-supereffective|p1a: Smeargle\n|-damage|p1a: Smeargle|0 fnt\n|faint|p1a: Smeargle\n|move|p1b: Incineroar|Knock Off|p2a: The Wendigo\n|-supereffective|p2a: The Wendigo\n|-enditem|p2a: The Wendigo|Focus Sash\n|-damage|p2a: The Wendigo|1/100\n|replace|p2a: GET CATFISHED|Zoroark-Hisui, F, shiny\n|-end|p2a: GET CATFISHED|Illusion\n|\n|upkeep\n|\n|t:|1771192439\n|switch|p1a: Chien-Pao|Chien-Pao|100/100\n|-ability|p1a: Chien-Pao|Sword of Ruin\n|turn|5\n|inactive|Jim Leader Adam has 60 seconds left.\n|\n|t:|1771192467\n|move|p1a: Chien-Pao|Throat Chop|p2b: The Wendigo\n|-resisted|p2b: The Wendigo\n|-damage|p2b: The Wendigo|43/100\n|-start|p2b: The Wendigo|Throat Chop|[silent]\n|-damage|p1a: Chien-Pao|91/100|[from] item: Life Orb\n|move|p2a: GET CATFISHED|Icy Wind|p1b: Incineroar|[spread] p1a,p1b\n|-resisted|p1a: Chien-Pao\n|-resisted|p1b: Incineroar\n|-damage|p1a: Chien-Pao|79/100\n|-damage|p1b: Incineroar|94/100\n|-unboost|p1a: Chien-Pao|spe|1\n|-unboost|p1b: Incineroar|spe|1\n|move|p2b: The Wendigo|Close Combat|p1b: Incineroar\n|-supereffective|p1b: Incineroar\n|-damage|p1b: Incineroar|0 fnt\n|-unboost|p2b: The Wendigo|def|1\n|-unboost|p2b: The Wendigo|spd|1\n|faint|p1b: Incineroar\n|\n|upkeep\n|\n|t:|1771192480\n|switch|p1b: Basculegion|Basculegion-F, F|100/100\n|turn|6\n|inactive|Jim Leader Adam has 60 seconds left.\n|\n|t:|1771192525\n|move|p2a: GET CATFISHED|Protect|p2a: GET CATFISHED\n|-singleturn|p2a: GET CATFISHED|Protect\n|move|p2b: The Wendigo|Protect|p2b: The Wendigo\n|-singleturn|p2b: The Wendigo|Protect\n|move|p1a: Chien-Pao|Protect|p1a: Chien-Pao\n|-singleturn|p1a: Chien-Pao|Protect\n|move|p1b: Basculegion|Aqua Jet|p2a: GET CATFISHED\n|-activate|p2a: GET CATFISHED|move: Protect\n|\n|-end|p2b: The Wendigo|Throat Chop|[silent]\n|upkeep\n|turn|7\n|inactive|Jim Leader Adam has 60 seconds left.\n|l| GroudonAgenda\n|inactive|Jim Leader Adam has 30 seconds left.\n|\n|t:|1771192573\n|switch|p2a: Loly|Empoleon, M, shiny|100/100\n|switch|p1a: Ogerpon|Ogerpon-Hearthflame, F|100/100\n|-ability|p1a: Ogerpon|Mold Breaker\n|move|p1b: Basculegion|Aqua Jet|p2a: Loly\n|-resisted|p2a: Loly\n|-damage|p2a: Loly|89/100\n|move|p2b: The Wendigo|Close Combat|p1a: Ogerpon\n|-damage|p1a: Ogerpon|12/100\n|-unboost|p2b: The Wendigo|def|1\n|-unboost|p2b: The Wendigo|spd|1\n|\n|-heal|p2a: Loly|95/100|[from] item: Leftovers\n|upkeep\n|turn|8\n|inactive|Jim Leader Adam has 30 seconds left.\n|inactive|SHLOK101 has 120 seconds left.\n|inactive|Jim Leader Adam has 20 seconds left.\n|\n|t:|1771192619\n|move|p2b: The Wendigo|Protect|p2b: The Wendigo\n|-singleturn|p2b: The Wendigo|Protect\n|move|p1a: Ogerpon|Horn Leech|p2a: Loly\n|-damage|p2a: Loly|47/100\n|-heal|p1a: Ogerpon|40/100|[from] drain|[of] p2a: Loly\n|move|p1b: Basculegion|Last Respects|p2a: Loly\n|-damage|p2a: Loly|0 fnt\n|faint|p2a: Loly\n|\n|upkeep\n|inactive|Jim Leader Adam has 25 seconds left this turn.\n|inactive|Jim Leader Adam has 20 seconds left.\n|inactive|Jim Leader Adam has 15 seconds left.\n|inactive|Jim Leader Adam has 10 seconds left.\n|\n|t:|1771192639\n|switch|p2a: Performative Male|Kingambit, M, shiny|1/100\n|turn|9\n|inactive|Jim Leader Adam has 30 seconds left.\n|inactive|Jim Leader Adam has 20 seconds left.\n|inactive|Jim Leader Adam has 15 seconds left.\n|inactive|Jim Leader Adam has 10 seconds left.\n|\n|t:|1771192666\n|switch|p2b: Performative Male|Kingambit, M, shiny|100/100\n|move|p1b: Basculegion|Aqua Jet|p2b: Performative Male\n|-damage|p2b: Performative Male|84/100\n|move|p2a: Performative Male|Icy Wind|p1b: Basculegion|[spread] p1a,p1b\n|-resisted|p1b: Basculegion\n|-damage|p1a: Ogerpon|22/100\n|-damage|p1b: Basculegion|92/100\n|-unboost|p1a: Ogerpon|spe|1\n|-unboost|p1b: Basculegion|spe|1\n|move|p1a: Ogerpon|Horn Leech|p2a: Performative Male\n|-damage|p2a: Performative Male|0 fnt\n|-heal|p1a: Ogerpon|23/100|[from] drain|[of] p2a: Performative Male\n|replace|p2a: GET CATFISHED|Zoroark-Hisui, F, shiny\n|-end|p2a: GET CATFISHED|Illusion\n|faint|p2a: GET CATFISHED\n|\n|upkeep\n|inactive|Jim Leader Adam has 15 seconds left this turn.\n|j| ToppyTopic\n|inactive|Jim Leader Adam has 10 seconds left.\n|\n|t:|1771192672\n|switch|p2a: Under the Truck|Mew, shiny|100/100\n|turn|10\n|inactive|Jim Leader Adam has 30 seconds left.\n|\n|t:|1771192687\n|move|p2a: Under the Truck|Psychic|p1a: Ogerpon\n|-damage|p1a: Ogerpon|0 fnt\n|faint|p1a: Ogerpon\n|move|p1b: Basculegion|Last Respects|p2a: Under the Truck\n|-supereffective|p2a: Under the Truck\n|-damage|p2a: Under the Truck|0 fnt\n|faint|p2a: Under the Truck\n|move|p2b: Performative Male|Kowtow Cleave|p1b: Basculegion\n|-supereffective|p1b: Basculegion\n|-damage|p1b: Basculegion|0 fnt\n|faint|p1b: Basculegion\n|\n|upkeep\n|inactive|Jim Leader Adam has 30 seconds left.\n|\n|t:|1771192698\n|switch|p2a: The Wendigo|Sneasler, F, shiny|43/100\n|switch|p1b: Chien-Pao|Chien-Pao|79/100\n|-ability|p1b: Chien-Pao|Sword of Ruin\n|turn|11\n|\n|t:|1771192710\n|move|p2a: The Wendigo|Fake Out|p1b: Chien-Pao\n|-crit|p1b: Chien-Pao\n|-damage|p1b: Chien-Pao|50/100\n|cant|p1b: Chien-Pao|flinch\n|move|p2b: Performative Male|Iron Head|p1b: Chien-Pao\n|-supereffective|p1b: Chien-Pao\n|-damage|p1b: Chien-Pao|0 fnt\n|faint|p1b: Chien-Pao\n|\n|win|Jim Leader Adam\n|raw|SHLOK101's rating: 1783 &rarr; <strong>1761</strong><br />(-22 for losing)\n|raw|Jim Leader Adam's rating: 1750 &rarr; <strong>1772</strong><br />(+22 for winning)\n|l|☆SHLOK101\n|player|p1|\n|c|☆Jim Leader Adam|gg <33\n|l| InkleeKong\n|c|☆Jim Leader Adam|hope yall liked spectating that\n|l| ToppyTopic\n|l|☆Jim Leader Adam\n|player|p2|\n", "uploadtime": 1771192741, "views": 12, "formatid": "gen9doublesou", "rating": 1761, "private": 0, "password": null}