{"id": "gen9doublesou-2540268601", "format": "[Gen 9] Doubles OU", "players": ["punyakoko", "Lokart"], "log": "|j|☆punyakoko\n|j|☆Lokart\n|t:|1771182776\n|gametype|doubles\n|player|p1|punyakoko|calem-masters|1680\n|player|p2|Lokart|2|1633\n|gen|9\n|tier|[Gen 9] Doubles OU\n|rated|\n|rule|HP Percentage Mod: HP is shown in percentages\n|rule|Endless Battle Clause: Forcing endless battles is banned\n|rule|Species Clause: Limit one of each Pokémon\n|rule|OHKO Clause: OHKO moves are banned\n|rule|Evasion Moves Clause: Evasion moves are banned\n|rule|Gravity Sleep Clause: The combination of sleep-inducing moves with imperfect accuracy and Gravity or Gigantamax Orbeetle are banned\n|rule|Evasion Abilities Clause: Evasion abilities are banned\n|clearpoke\n|poke|p1|Farigiraf, F|\n|poke|p1|Sylveon, M|\n|poke|p1|Landorus, M|\n|poke|p1|Roaring Moon|\n|poke|p1|Incineroar, M|\n|poke|p1|Ogerpon-Wellspring, F|\n|poke|p2|Corviknight, F|\n|poke|p2|Cresselia, F|\n|poke|p2|Dragapult, F|\n|poke|p2|Weezing-Galar, M|\n|poke|p2|Incineroar, M|\n|poke|p2|Ursaluna-Bloodmoon, M|\n|teampreview\n|\n|t:|1771182820\n|teamsize|p1|6\n|teamsize|p2|6\n|start\n|switch|p1a: Landorus|Landorus, M|100/100\n|switch|p1b: Sylveon|Sylveon, M, shiny|100/100\n|switch|p2a: Weezing|Weezing-Galar, M|100/100\n|switch|p2b: Incineroar|Incineroar, M|100/100\n|-ability|p2a: Weezing|Neutralizing Gas\n|turn|1\n|inactive|Battle timer is ON: inactive players will automatically lose when time's up. (requested by punyakoko)\n|\n|t:|1771182858\n|switch|p1b: Farigiraf|Farigiraf, F|100/100\n|move|p2b: Incineroar|Fake Out|p1a: Landorus\n|-crit|p1a: Landorus\n|-damage|p1a: Landorus|80/100\n|cant|p1a: Landorus|flinch\n|move|p2a: Weezing|Sludge Bomb|p1b: Farigiraf\n|-damage|p1b: Farigiraf|78/100\n|\n|upkeep\n|turn|2\n|inactive|punyakoko has 120 seconds left.\n|\n|t:|1771182904\n|switch|p1a: Ogerpon|Ogerpon-Wellspring, F|100/100\n|switch|p2b: Corviknight|Corviknight, F, shiny|100/100\n|-end|p2a: Weezing|ability: Neutralizing Gas\n|switch|p2a: Cresselia|Cresselia, F|100/100\n|move|p1b: Farigiraf|Hyper Voice|p2a: Cresselia|[spread] p2a,p2b\n|-resisted|p2b: Corviknight\n|-damage|p2a: Cresselia|85/100\n|-damage|p2b: Corviknight|91/100\n|\n|-heal|p2b: Corviknight|97/100|[from] item: Leftovers\n|upkeep\n|turn|3\n|inactive|punyakoko has 120 seconds left.\n|\n|t:|1771182923\n|switch|p2a: Dragapult|Dragapult, F|100/100\n|-terastallize|p1a: Ogerpon|Water\n|detailschange|p1a: Ogerpon|Ogerpon-Wellspring-Tera, F, tera:Water\n|-ability|p1a: Ogerpon|Embody Aspect (Wellspring)|boost\n|-boost|p1a: Ogerpon|spd|1\n|move|p1b: Farigiraf|Helping Hand|p1a: Ogerpon\n|-singleturn|p1a: Ogerpon|Helping Hand|[of] p1b: Farigiraf\n|move|p1a: Ogerpon|Ivy Cudgel|p2b: Corviknight|[anim] Ivy Cudgel Water\n|-damage|p2b: Corviknight|12/100\n|move|p2b: Corviknight|Brave Bird|p1a: Ogerpon\n|-damage|p1a: Ogerpon|51/100\n|-damage|p2b: Corviknight|0 fnt|[from] Recoil\n|faint|p2b: Corviknight\n|\n|upkeep\n|\n|t:|1771182939\n|switch|p2b: Weezing|Weezing-Galar, M|100/100\n|-ability|p2b: Weezing|Neutralizing Gas\n|turn|4\n|inactive|punyakoko has 120 seconds left.\n|\n|t:|1771182970\n|switch|p1b: Sylveon|Sylveon, M, shiny|100/100\n|-terastallize|p2a: Dragapult|Dragon\n|move|p1a: Ogerpon|Spiky Shield|p1a: Ogerpon\n|-singleturn|p1a: Ogerpon|move: Protect\n|move|p2a: Dragapult|Dragon Darts|p1a: Ogerpon\n|-immune|p1b: Sylveon\n|move|p2b: Weezing|Taunt|p1b: Sylveon\n|-start|p1b: Sylveon|move: Taunt\n|\n|upkeep\n|turn|5\n|inactive|punyakoko has 120 seconds left.\n|inactive|punyakoko has 90 seconds left.\n|\n|t:|1771183030\n|switch|p1a: Incineroar|Incineroar, M, shiny|100/100\n|switch|p1b: Farigiraf|Farigiraf, F|78/100\n|move|p2a: Dragapult|Dragon Darts|p1a: Incineroar\n|-damage|p1a: Incineroar|57/100\n|-anim|p2a: Dragapult|Dragon Darts|p1b: Farigiraf\n|-damage|p1b: Farigiraf|32/100\n|-enditem|p1b: Farigiraf|Sitrus Berry|[eat]\n|-heal|p1b: Farigiraf|57/100|[from] item: Sitrus Berry\n|move|p2b: Weezing|Sludge Bomb|p1b: Farigiraf\n|-damage|p1b: Farigiraf|32/100\n|\n|upkeep\n|turn|6\n|inactive|punyakoko has 90 seconds left.\n|\n|t:|1771183056\n|move|p1a: Incineroar|Fake Out|p2a: Dragapult\n|-damage|p2a: Dragapult|85/100\n|cant|p2a: Dragapult|flinch\n|move|p2b: Weezing|Taunt|p1b: Farigiraf\n|-start|p1b: Farigiraf|move: Taunt\n|cant|p1b: Farigiraf|move: Taunt|Trick Room\n|\n|upkeep\n|turn|7\n|\n|t:|1771183072\n|move|p2a: Dragapult|Dragon Darts|p1a: Incineroar\n|-damage|p1a: Incineroar|14/100\n|-anim|p2a: Dragapult|Dragon Darts|p1b: Farigiraf\n|-damage|p1b: Farigiraf|0 fnt\n|faint|p1b: Farigiraf\n|move|p1a: Incineroar|Knock Off|p2a: Dragapult\n|-damage|p2a: Dragapult|30/100\n|-enditem|p2a: Dragapult|Choice Band|[from] move: Knock Off|[of] p1a: Incineroar\n|move|p2b: Weezing|Sludge Bomb|p1a: Incineroar\n|-damage|p1a: Incineroar|0 fnt\n|faint|p1a: Incineroar\n|\n|upkeep\n|inactive|punyakoko has 90 seconds left.\n|\n|t:|1771183099\n|switch|p1a: Landorus|Landorus, M|80/100\n|switch|p1b: Roaring Moon|Roaring Moon|100/100\n|turn|8\n|inactive|punyakoko has 90 seconds left.\n|\n|t:|1771183115\n|move|p2a: Dragapult|Dragon Darts|p1a: Landorus\n|-damage|p1a: Landorus|46/100\n|-anim|p2a: Dragapult|Dragon Darts|p1b: Roaring Moon\n|-supereffective|p1b: Roaring Moon\n|-damage|p1b: Roaring Moon|23/100\n|move|p1b: Roaring Moon|Tailwind|p1b: Roaring Moon\n|-sidestart|p1: punyakoko|move: Tailwind\n|move|p1a: Landorus|Sandsear Storm|p2a: Dragapult|[spread] p2a,p2b\n|-supereffective|p2b: Weezing\n|-damage|p2a: Dragapult|0 fnt\n|-damage|p2b: Weezing|19/100\n|faint|p2a: Dragapult\n|-damage|p1a: Landorus|37/100|[from] item: Life Orb\n|move|p2b: Weezing|Dazzling Gleam|p1a: Landorus|[spread] p1a,p1b\n|-supereffective|p1b: Roaring Moon\n|-damage|p1a: Landorus|16/100\n|-damage|p1b: Roaring Moon|0 fnt\n|faint|p1b: Roaring Moon\n|-end|p1b: Roaring Moon|Protosynthesis|[silent]\n|\n|-heal|p2b: Weezing|25/100|[from] item: Leftovers\n|upkeep\n|\n|t:|1771183136\n|switch|p2a: Cresselia|Cresselia, F|85/100\n|switch|p1b: Ogerpon|Ogerpon-Wellspring-Tera, F, tera:Water|51/100\n|turn|9\n|inactive|punyakoko has 90 seconds left.\n|\n|t:|1771183160\n|move|p1b: Ogerpon|Ivy Cudgel|p2a: Cresselia|[anim] Ivy Cudgel Water\n|-damage|p2a: Cresselia|29/100\n|move|p1a: Landorus|Earth Power|p2b: Weezing\n|-supereffective|p2b: Weezing\n|-damage|p2b: Weezing|0 fnt\n|faint|p2b: Weezing\n|-end|p2b: Weezing|ability: Neutralizing Gas\n|-ability|p1b: Ogerpon|Embody Aspect (Wellspring)|boost\n|-boost|p1b: Ogerpon|spd|1\n|-damage|p1a: Landorus|6/100|[from] item: Life Orb\n|move|p2a: Cresselia|Trick Room|p2a: Cresselia\n|-fieldstart|move: Trick Room|[of] p2a: Cresselia\n|\n|upkeep\n|\n|t:|1771183171\n|switch|p2b: Ursaluna|Ursaluna-Bloodmoon, M|100/100\n|turn|10\n|inactive|punyakoko has 90 seconds left.\n|\n|t:|1771183208\n|move|p1b: Ogerpon|Spiky Shield|p1b: Ogerpon\n|-singleturn|p1b: Ogerpon|move: Protect\n|move|p2b: Ursaluna|Hyper Voice|p1a: Landorus|[spread] p1a\n|-activate|p1b: Ogerpon|move: Protect\n|-damage|p1a: Landorus|0 fnt\n|faint|p1a: Landorus\n|-enditem|p2b: Ursaluna|Throat Spray\n|-boost|p2b: Ursaluna|spa|1|[from] item: Throat Spray\n|move|p2a: Cresselia|Psychic|p1b: Ogerpon\n|-activate|p1b: Ogerpon|move: Protect\n|\n|upkeep\n|l|☆punyakoko\n|inactive|punyakoko disconnected and has a minute to reconnect!\n|player|p1|\n|j|☆punyakoko\n|inactive|punyakoko reconnected and has 50 seconds left.\n|player|p1|punyakoko|calem-masters|\n|\n|t:|1771183239\n|switch|p1a: Sylveon|Sylveon, M, shiny|100/100\n|turn|11\n|inactive|punyakoko has 60 seconds left.\n|\n|t:|1771183267\n|move|p2a: Cresselia|Ally Switch|p2a: Cresselia\n|swap|p2a: Cresselia|1|[from] move: Ally Switch\n|move|p2a: Ursaluna|Hyper Voice|p1a: Sylveon|[spread] p1a,p1b\n|-damage|p1a: Sylveon|49/100\n|-damage|p1b: Ogerpon|6/100\n|move|p1a: Sylveon|Hyper Voice|p2b: Cresselia|[spread] p2a,p2b\n|-damage|p2a: Ursaluna|33/100\n|-damage|p2b: Cresselia|0 fnt\n|faint|p2b: Cresselia\n|move|p1b: Ogerpon|Horn Leech|p2a: Ursaluna\n|-supereffective|p2a: Ursaluna\n|-damage|p2a: Ursaluna|0 fnt\n|-heal|p1b: Ogerpon|28/100|[from] drain|[of] p2a: Ursaluna\n|faint|p2a: Ursaluna\n|\n|-sideend|p1: punyakoko|move: Tailwind\n|upkeep\n|\n|t:|1771183282\n|switch|p2b: Incineroar|Incineroar, M|100/100\n|-ability|p2b: Incineroar|Intimidate|boost\n|-unboost|p1a: Sylveon|atk|1\n|-unboost|p1b: Ogerpon|atk|1\n|turn|12\n|\n|t:|1771183301\n|move|p1b: Ogerpon|Spiky Shield|p1b: Ogerpon\n|-singleturn|p1b: Ogerpon|move: Protect\n|move|p2b: Incineroar|Knock Off|p1b: Ogerpon\n|-activate|p1b: Ogerpon|move: Protect\n|-damage|p2b: Incineroar|88/100|[from] Spiky Shield|[of] p1b: Ogerpon\n|move|p1a: Sylveon|Hyper Voice|p2b: Incineroar\n|-damage|p2b: Incineroar|34/100\n|\n|upkeep\n|turn|13\n|-message|Lokart forfeited.\n|\n|win|punyakoko\n|raw|punyakoko's rating: 1680 &rarr; <strong>1697</strong><br />(+17 for winning)\n|raw|Lokart's rating: 1633 &rarr; <strong>1616</strong><br />(-17 for losing)\n|l|☆Lokart\n|player|p2|\n", "uploadtime": 1771183543, "views": 11, "formatid": "gen9doublesou", "rating": 1616, "private": 0, "password": null}