{"id": "gen9doublesou-2540834092", "format": "[Gen 9] Doubles OU", "players": ["Natures Conqueror", "drapionelectivire"], "log": "|badge|p1|bronze|gen9doublesou|100-8\n|badge|p1|gold|gen9ru|3-8\n|uhtml|medal-msg|<div class=\"broadcast-blue\">Curious what those medals under the avatar are? PS now has Ladder Seasons! For more information, check out the <a href=\"https://www.smogon.com/forums/threads/3740067/\">thread on Smogon.</a></div>\n|badge|p2|bronze|gen9doublesou|100-8\n|uhtml|medal-msg|<div class=\"broadcast-blue\">Curious what those medals under the avatar are? PS now has Ladder Seasons! For more information, check out the <a href=\"https://www.smogon.com/forums/threads/3740067/\">thread on Smogon.</a></div>\n|j|☆Natures Conqueror\n|j|☆drapionelectivire\n|t:|1771258841\n|gametype|doubles\n|player|p1|Natures Conqueror|dancer|1776\n|player|p2|drapionelectivire|102|1789\n|gen|9\n|tier|[Gen 9] Doubles OU\n|rated|\n|rule|HP Percentage Mod: HP is shown in percentages\n|rule|Endless Battle Clause: Forcing endless battles is banned\n|rule|Species Clause: Limit one of each Pokémon\n|rule|OHKO Clause: OHKO moves are banned\n|rule|Evasion Moves Clause: Evasion moves are banned\n|rule|Gravity Sleep Clause: The combination of sleep-inducing moves with imperfect accuracy and Gravity or Gigantamax Orbeetle are banned\n|rule|Evasion Abilities Clause: Evasion abilities are banned\n|clearpoke\n|poke|p1|Hoopa-Unbound|\n|poke|p1|Indeedee-F, F|\n|poke|p1|Torkoal, M|\n|poke|p1|Diancie|\n|poke|p1|Hatterene, F|\n|poke|p1|Malamar, M|\n|poke|p2|Torkoal, F|\n|poke|p2|Lilligant-Hisui, F|\n|poke|p2|Farigiraf, F|\n|poke|p2|Raging Bolt|\n|poke|p2|Walking Wake|\n|poke|p2|Typhlosion-Hisui, F|\n|teampreview\n|l|☆Natures Conqueror\n|player|p1|\n|inactive|Battle timer is ON: inactive players will automatically lose when time's up. (requested by drapionelectivire)\n|inactive|Natures Conqueror has 30 seconds to reconnect!\n|j|☆Natures Conqueror\n|inactive|Natures Conqueror reconnected and has 120 seconds left.\n|player|p1|Natures Conqueror|dancer|\n|\n|t:|1771258892\n|teamsize|p1|6\n|teamsize|p2|6\n|start\n|switch|p1a: Skips|Hoopa-Unbound|100/100\n|switch|p1b: Mordecai|Indeedee-F, F|100/100\n|switch|p2a: Torkoal|Torkoal, F|100/100\n|switch|p2b: Lilligant|Lilligant-Hisui, F, shiny|100/100\n|-fieldstart|move: Psychic Terrain|[from] ability: Psychic Surge|[of] p1b: Mordecai\n|-enditem|p1a: Skips|Psychic Seed\n|-boost|p1a: Skips|spd|1|[from] item: Psychic Seed\n|-weather|SunnyDay|[from] ability: Drought|[of] p2a: Torkoal\n|turn|1\n|\n|t:|1771258906\n|move|p2a: Torkoal|Protect|p2a: Torkoal\n|-singleturn|p2a: Torkoal|Protect\n|move|p2b: Lilligant|Sleep Powder|p1a: Skips\n|-status|p1a: Skips|slp|[from] move: Sleep Powder\n|cant|p1a: Skips|slp\n|move|p1b: Mordecai|Trick Room|p1b: Mordecai\n|-fieldstart|move: Trick Room|[of] p1b: Mordecai\n|\n|-weather|SunnyDay|[upkeep]\n|upkeep\n|turn|2\n|\n|t:|1771258922\n|move|p2a: Torkoal|Eruption|p1b: Mordecai|[spread] p1a,p1b\n|-damage|p1a: Skips|64/100 slp\n|-damage|p1b: Mordecai|35/100\n|cant|p1a: Skips|slp\n|move|p1b: Mordecai|Dazzling Gleam|p2b: Lilligant|[spread] p2a,p2b\n|-resisted|p2a: Torkoal\n|-crit|p2a: Torkoal\n|-supereffective|p2b: Lilligant\n|-damage|p2a: Torkoal|88/100\n|-damage|p2b: Lilligant|62/100\n|move|p2b: Lilligant|Solar Blade||[still]\n|-prepare|p2b: Lilligant|Solar Blade\n|-anim|p2b: Lilligant|Solar Blade|p1a: Skips\n|-damage|p1a: Skips|0 fnt\n|faint|p1a: Skips\n|\n|-weather|SunnyDay|[upkeep]\n|upkeep\n|\n|t:|1771258927\n|switch|p1a: Hi Five Ghost|Hatterene, F|100/100\n|turn|3\n|\n|t:|1771258949\n|switch|p1b: Muscle Man|Diancie, shiny|100/100\n|switch|p2b: Farigiraf|Farigiraf, F|100/100\n|move|p2a: Torkoal|Heat Wave|p1b: Muscle Man|[spread] p1a,p1b\n|-resisted|p1b: Muscle Man\n|-damage|p1a: Hi Five Ghost|50/100\n|-damage|p1b: Muscle Man|83/100\n|-status|p1b: Muscle Man|brn\n|move|p1a: Hi Five Ghost|Expanding Force|p2b: Farigiraf|[spread] p2a,p2b\n|-crit|p2a: Torkoal\n|-resisted|p2b: Farigiraf\n|-damage|p2a: Torkoal|0 fnt\n|-damage|p2b: Farigiraf|60/100\n|faint|p2a: Torkoal\n|\n|-weather|SunnyDay|[upkeep]\n|-damage|p1b: Muscle Man|77/100 brn|[from] brn\n|upkeep\n|\n|t:|1771258963\n|switch|p2a: Raging Bolt|Raging Bolt|100/100\n|-activate|p2a: Raging Bolt|ability: Protosynthesis\n|-start|p2a: Raging Bolt|protosynthesisspa\n|turn|4\n|\n|t:|1771258973\n|move|p2a: Raging Bolt|Protect|p2a: Raging Bolt\n|-singleturn|p2a: Raging Bolt|Protect\n|move|p1a: Hi Five Ghost|Expanding Force|p2b: Farigiraf|[spread] p2b\n|-activate|p2a: Raging Bolt|move: Protect\n|-resisted|p2b: Farigiraf\n|-damage|p2b: Farigiraf|14/100\n|move|p1b: Muscle Man|Diamond Storm|p2b: Farigiraf|[spread] p2b\n|-activate|p2a: Raging Bolt|move: Protect\n|-damage|p2b: Farigiraf|0 fnt\n|faint|p2b: Farigiraf\n|\n|-weather|SunnyDay|[upkeep]\n|-damage|p1b: Muscle Man|71/100 brn|[from] brn\n|upkeep\n|\n|t:|1771258990\n|switch|p2b: Walking Wake|Walking Wake|100/100\n|-activate|p2b: Walking Wake|ability: Protosynthesis\n|-start|p2b: Walking Wake|protosynthesisspe\n|turn|5\n|\n|t:|1771259005\n|-terastallize|p2a: Raging Bolt|Fairy\n|move|p2b: Walking Wake|Protect|p2b: Walking Wake\n|-singleturn|p2b: Walking Wake|Protect\n|move|p1a: Hi Five Ghost|Expanding Force|p2a: Raging Bolt|[spread] p2a\n|-activate|p2b: Walking Wake|move: Protect\n|-damage|p2a: Raging Bolt|36/100\n|move|p1b: Muscle Man|Diamond Storm|p2a: Raging Bolt|[spread] p2a\n|-activate|p2b: Walking Wake|move: Protect\n|-damage|p2a: Raging Bolt|17/100\n|move|p2a: Raging Bolt|Thunderbolt|p1b: Muscle Man\n|-damage|p1b: Muscle Man|18/100 brn\n|\n|-weather|SunnyDay|[upkeep]\n|-heal|p2a: Raging Bolt|23/100|[from] item: Leftovers\n|-damage|p1b: Muscle Man|12/100 brn|[from] brn\n|-fieldend|move: Trick Room\n|-fieldend|move: Psychic Terrain\n|upkeep\n|turn|6\n|\n|t:|1771259028\n|switch|p1b: Mordecai|Indeedee-F, F|35/100\n|-fieldstart|move: Psychic Terrain|[from] ability: Psychic Surge|[of] p1b: Mordecai\n|move|p1a: Hi Five Ghost|Protect|p1a: Hi Five Ghost\n|-singleturn|p1a: Hi Five Ghost|Protect\n|move|p2b: Walking Wake|Hydro Steam|p1a: Hi Five Ghost\n|-activate|p1a: Hi Five Ghost|move: Protect\n|move|p2a: Raging Bolt|Thunderbolt|p1b: Mordecai\n|-damage|p1b: Mordecai|0 fnt\n|faint|p1b: Mordecai\n|\n|-weather|SunnyDay|[upkeep]\n|-heal|p2a: Raging Bolt|30/100|[from] item: Leftovers\n|upkeep\n|\n|t:|1771259035\n|switch|p1b: Benson|Malamar, M|100/100\n|turn|7\n|\n|t:|1771259049\n|switch|p1a: Muscle Man|Diancie, shiny|12/100 brn\n|move|p2b: Walking Wake|Hydro Steam|p1a: Muscle Man\n|-supereffective|p1a: Muscle Man\n|-damage|p1a: Muscle Man|0 fnt\n|faint|p1a: Muscle Man\n|-damage|p2b: Walking Wake|91/100|[from] item: Life Orb\n|move|p2a: Raging Bolt|Tera Blast|p1b: Benson|[anim] Tera Blast Fairy\n|-supereffective|p1b: Benson\n|-damage|p1b: Benson|0 fnt\n|faint|p1b: Benson\n|\n|-weather|SunnyDay|[upkeep]\n|-heal|p2a: Raging Bolt|36/100|[from] item: Leftovers\n|upkeep\n|\n|t:|1771259061\n|switch|p1b: Pops|Torkoal, M|100/100\n|switch|p1a: Hi Five Ghost|Hatterene, F|50/100\n|turn|8\n|j| avlavlavlavl\n|\n|t:|1771259072\n|move|p1b: Pops|Protect|p1b: Pops\n|-singleturn|p1b: Pops|Protect\n|move|p2b: Walking Wake|Hydro Steam|p1b: Pops\n|-activate|p1b: Pops|move: Protect\n|move|p2a: Raging Bolt|Thunderbolt|p1a: Hi Five Ghost\n|-damage|p1a: Hi Five Ghost|0 fnt\n|faint|p1a: Hi Five Ghost\n|\n|-weather|none\n|-end|p2b: Walking Wake|Protosynthesis\n|-end|p2a: Raging Bolt|Protosynthesis\n|-heal|p2a: Raging Bolt|42/100|[from] item: Leftovers\n|upkeep\n|turn|9\n|-message|Natures Conqueror forfeited.\n|\n|win|drapionelectivire\n|raw|Natures Conqueror's rating: 1776 &rarr; <strong>1757</strong><br />(-19 for losing)\n|raw|drapionelectivire's rating: 1789 &rarr; <strong>1808</strong><br />(+19 for winning)\n|c|☆Natures Conqueror|Gg\n|l|☆Natures Conqueror\n|player|p1|\n|c|☆drapionelectivire|Ggwp\n|l| avlavlavlavl\n|l|☆drapionelectivire\n|player|p2|\n", "uploadtime": 1771259306, "views": 6, "formatid": "gen9doublesou", "rating": 1757, "private": 0, "password": null}