{"id": "gen9doublesou-2539959602", "format": "[Gen 9] Doubles OU", "players": ["Coldblooded0706", "Semayu117"], "log": "|j|☆Coldblooded0706\n|j|☆Semayu117\n|t:|1771133675\n|gametype|doubles\n|player|p1|Coldblooded0706|2|1611\n|player|p2|Semayu117|silver|1619\n|gen|9\n|tier|[Gen 9] Doubles OU\n|rated|\n|rule|HP Percentage Mod: HP is shown in percentages\n|rule|Endless Battle Clause: Forcing endless battles is banned\n|rule|Species Clause: Limit one of each Pokémon\n|rule|OHKO Clause: OHKO moves are banned\n|rule|Evasion Moves Clause: Evasion moves are banned\n|rule|Gravity Sleep Clause: The combination of sleep-inducing moves with imperfect accuracy and Gravity or Gigantamax Orbeetle are banned\n|rule|Evasion Abilities Clause: Evasion abilities are banned\n|clearpoke\n|poke|p1|Murkrow, F|\n|poke|p1|Chandelure, M|\n|poke|p1|Zapdos-Galar|\n|poke|p1|Tsareena, F|\n|poke|p1|Metagross|\n|poke|p1|Sylveon, F|\n|poke|p2|Tyranitar, M|\n|poke|p2|Excadrill, F|\n|poke|p2|Hitmontop, M|\n|poke|p2|Amoonguss, M|\n|poke|p2|Gholdengo|\n|poke|p2|Landorus, M|\n|teampreview\n|inactive|Battle timer is ON: inactive players will automatically lose when time's up. (requested by Coldblooded0706)\n|\n|t:|1771133693\n|teamsize|p1|6\n|teamsize|p2|6\n|start\n|switch|p1a: Zapdos|Zapdos-Galar|100/100\n|switch|p1b: Metagross|Metagross|100/100\n|switch|p2a: Z AvaTAR|Tyranitar, M|100/100\n|switch|p2b: ZUKO|Gholdengo|100/100\n|-weather|Sandstorm|[from] ability: Sand Stream|[of] p2a: Z AvaTAR\n|turn|1\n|\n|t:|1771133716\n|-terastallize|p1b: Metagross|Ground\n|-terastallize|p2a: Z AvaTAR|Flying\n|move|p1a: Zapdos|U-turn|p2b: ZUKO\n|-resisted|p2b: ZUKO\n|-damage|p2b: ZUKO|94/100\n|inactive|Coldblooded0706 has 120 seconds left.\n|\n|t:|1771133746\n|switch|p1a: Tsareena|Tsareena, F|100/100|[from] U-turn\n|move|p2b: ZUKO|Make It Rain|p1b: Metagross|[spread] p1a,p1b\n|-damage|p1a: Tsareena|49/100\n|-damage|p1b: Metagross|61/100\n|-unboost|p2b: ZUKO|spa|1\n|move|p1b: Metagross|Earthquake|p2b: ZUKO|[spread] p1a,p2b\n|-immune|p2a: Z AvaTAR\n|-resisted|p1a: Tsareena\n|-supereffective|p2b: ZUKO\n|-damage|p1a: Tsareena|24/100\n|-damage|p2b: ZUKO|0 fnt\n|faint|p2b: ZUKO\n|move|p2a: Z AvaTAR|Knock Off|p1b: Metagross\n|-damage|p1b: Metagross|9/100\n|-enditem|p1b: Metagross|Assault Vest|[from] move: Knock Off|[of] p2a: Z AvaTAR\n|\n|-weather|Sandstorm|[upkeep]\n|-damage|p1a: Tsareena|18/100|[from] Sandstorm\n|-damage|p2a: Z AvaTAR|94/100|[from] Sandstorm\n|upkeep\n|\n|t:|1771133767\n|switch|p2b: TOPH|Excadrill, F|100/100\n|turn|2\n|inactive|Coldblooded0706 has 120 seconds left.\n|inactive|Semayu117 has 120 seconds left.\n|j| InkleeKong\n|\n|t:|1771133826\n|move|p1a: Tsareena|Helping Hand|p1b: Metagross\n|-singleturn|p1b: Metagross|Helping Hand|[of] p1a: Tsareena\n|move|p1b: Metagross|Bullet Punch|p2b: TOPH\n|-resisted|p2b: TOPH\n|-damage|p2b: TOPH|76/100\n|move|p2b: TOPH|Earthquake|p1a: Tsareena|[spread] p1a,p1b\n|-immune|p2a: Z AvaTAR\n|-resisted|p1a: Tsareena\n|-damage|p1a: Tsareena|0 fnt\n|-damage|p1b: Metagross|0 fnt\n|faint|p1a: Tsareena\n|faint|p1b: Metagross\n|move|p2a: Z AvaTAR|Knock Off|p1: Tsareena|[notarget]\n|-fail|p2a: Z AvaTAR\n|\n|-weather|Sandstorm|[upkeep]\n|-damage|p2a: Z AvaTAR|88/100|[from] Sandstorm\n|upkeep\n|inactive|Coldblooded0706 has 90 seconds left.\n|\n|t:|1771133852\n|switch|p1b: Murkrow|Murkrow, F|100/100\n|switch|p1a: Zapdos|Zapdos-Galar|100/100\n|turn|3\n|inactive|Coldblooded0706 has 90 seconds left.\n|\n|t:|1771133867\n|move|p2b: TOPH|Protect|p2b: TOPH\n|-singleturn|p2b: TOPH|Protect\n|move|p1a: Zapdos|Brave Bird|p2a: Z AvaTAR\n|-damage|p2a: Z AvaTAR|26/100\n|-damage|p1a: Zapdos|78/100|[from] Recoil\n|move|p1b: Murkrow|Foul Play|p2a: Z AvaTAR\n|-damage|p2a: Z AvaTAR|0 fnt\n|faint|p2a: Z AvaTAR\n|\n|-weather|Sandstorm|[upkeep]\n|-damage|p1a: Zapdos|72/100|[from] Sandstorm\n|-damage|p1b: Murkrow|94/100|[from] Sandstorm\n|upkeep\n|inactive|Semayu117 has 120 seconds left.\n|\n|t:|1771133879\n|switch|p2a: KING BOOMIE|Landorus, M|100/100\n|turn|4\n|\n|t:|1771133894\n|move|p1b: Murkrow|Tailwind|p1b: Murkrow\n|-sidestart|p1: Coldblooded0706|move: Tailwind\n|move|p1a: Zapdos|Brave Bird|p2a: KING BOOMIE\n|-damage|p2a: KING BOOMIE|18/100\n|-damage|p1a: Zapdos|45/100|[from] Recoil\n|move|p2b: TOPH|Iron Head|p1a: Zapdos\n|-damage|p1a: Zapdos|0 fnt\n|faint|p1a: Zapdos\n|move|p2a: KING BOOMIE|Substitute|p2a: KING BOOMIE\n|-fail|p2a: KING BOOMIE|move: Substitute|[weak]\n|\n|-weather|Sandstorm|[upkeep]\n|-damage|p1b: Murkrow|88/100|[from] Sandstorm\n|upkeep\n|\n|t:|1771133905\n|switch|p1a: Chandelure|Chandelure, M|100/100\n|turn|5\n|c|☆Semayu117|ngl dunno what i expected there\n|-message|Semayu117 forfeited.\n|\n|win|Coldblooded0706\n|raw|Coldblooded0706's rating: 1611 &rarr; <strong>1631</strong><br />(+20 for winning)\n|raw|Semayu117's rating: 1619 &rarr; <strong>1599</strong><br />(-20 for losing)\n|l|☆Coldblooded0706\n|player|p1|\n|l| InkleeKong\n|l|☆Semayu117\n|player|p2|\n", "uploadtime": 1771134272, "views": 16, "formatid": "gen9doublesou", "rating": 1599, "private": 0, "password": null}