{"id": "gen9doublesou-2540886306", "format": "[Gen 9] Doubles OU", "players": ["rahhhhhhhhlkl", "herq"], "log": "|j|☆rahhhhhhhhlkl\n|j|☆herq\n|t:|1771263974\n|gametype|doubles\n|player|p1|rahhhhhhhhlkl|pokemonbreederf-gen4|1528\n|player|p2|herq|266|1621\n|gen|9\n|tier|[Gen 9] Doubles OU\n|rated|\n|rule|HP Percentage Mod: HP is shown in percentages\n|rule|Endless Battle Clause: Forcing endless battles is banned\n|rule|Species Clause: Limit one of each Pokémon\n|rule|OHKO Clause: OHKO moves are banned\n|rule|Evasion Moves Clause: Evasion moves are banned\n|rule|Gravity Sleep Clause: The combination of sleep-inducing moves with imperfect accuracy and Gravity or Gigantamax Orbeetle are banned\n|rule|Evasion Abilities Clause: Evasion abilities are banned\n|clearpoke\n|poke|p1|Regigigas|\n|poke|p1|Whimsicott, F|\n|poke|p1|Slaking, F|\n|poke|p1|Weezing-Galar, M|\n|poke|p1|Toedscruel, F|\n|poke|p1|Cresselia, F|\n|poke|p2|Amoonguss, M|\n|poke|p2|Glimmora, F|\n|poke|p2|Sinistcha|\n|poke|p2|Ting-Lu|\n|poke|p2|Volcanion|\n|poke|p2|Incineroar, M|\n|teampreview\n|inactive|Battle timer is ON: inactive players will automatically lose when time's up. (requested by herq)\n|\n|t:|1771264000\n|teamsize|p1|6\n|teamsize|p2|6\n|start\n|switch|p1a: Regigigas|Regigigas|100/100\n|switch|p1b: Weezing|Weezing-Galar, M|100/100\n|switch|p2a: Glimmora|Glimmora, F|100/100\n|switch|p2b: Incineroar|Incineroar, M|100/100\n|-ability|p1b: Weezing|Neutralizing Gas\n|turn|1\n|\n|t:|1771264016\n|-terastallize|p1a: Regigigas|Ground\n|move|p2b: Incineroar|Fake Out|p1a: Regigigas\n|-damage|p1a: Regigigas|91/100\n|cant|p1a: Regigigas|flinch\n|move|p2a: Glimmora|Meteor Beam||[still]\n|-prepare|p2a: Glimmora|Meteor Beam\n|-boost|p2a: Glimmora|spa|1\n|-enditem|p2a: Glimmora|Power Herb\n|-anim|p2a: Glimmora|Meteor Beam|p1b: Weezing\n|-damage|p1b: Weezing|9/100\n|-enditem|p1b: Weezing|Sitrus Berry|[eat]\n|-heal|p1b: Weezing|34/100|[from] item: Sitrus Berry\n|move|p1b: Weezing|Taunt|p2a: Glimmora\n|-start|p2a: Glimmora|move: Taunt\n|\n|upkeep\n|turn|2\n|\n|t:|1771264045\n|switch|p2a: Sinistcha|Sinistcha|100/100\n|-terastallize|p2b: Incineroar|Ghost\n|move|p1b: Weezing|Protect|p1b: Weezing\n|-singleturn|p1b: Weezing|Protect\n|move|p1a: Regigigas|Earthquake|p2b: Incineroar|[spread] p2a,p2b\n|-activate|p1b: Weezing|move: Protect\n|-resisted|p2a: Sinistcha\n|-damage|p2a: Sinistcha|68/100\n|-damage|p2b: Incineroar|33/100\n|-enditem|p2b: Incineroar|Sitrus Berry|[eat]\n|-heal|p2b: Incineroar|58/100|[from] item: Sitrus Berry\n|move|p2b: Incineroar|Flare Blitz|p1b: Weezing\n|-activate|p1b: Weezing|move: Protect\n|\n|upkeep\n|turn|3\n|inactive|rahhhhhhhhlkl has 120 seconds left.\n|\n|t:|1771264084\n|switch|p1a: Slaking|Slaking, F|100/100\n|-end|p1b: Weezing|ability: Neutralizing Gas\n|-ability|p2b: Incineroar|Intimidate|boost\n|-unboost|p1a: Slaking|atk|1\n|-unboost|p1b: Weezing|atk|1\n|-heal|p2b: Incineroar|83/100|[from] ability: Hospitality|[of] p2a: Sinistcha\n|switch|p1b: Whimsicott|Whimsicott, F|100/100\n|move|p2b: Incineroar|Flare Blitz|p1b: Whimsicott\n|-supereffective|p1b: Whimsicott\n|-enditem|p1b: Whimsicott|Focus Sash\n|-damage|p1b: Whimsicott|1/100\n|-damage|p2b: Incineroar|56/100|[from] Recoil\n|move|p2a: Sinistcha|Matcha Gotcha|p1a: Slaking|[spread] p1a,p1b\n|-resisted|p1b: Whimsicott\n|-damage|p1a: Slaking|77/100\n|-heal|p2a: Sinistcha|85/100|[from] drain|[of] p1a: Slaking\n|-damage|p1b: Whimsicott|0 fnt\n|-heal|p2a: Sinistcha|86/100|[from] drain|[of] p1b: Whimsicott\n|faint|p1b: Whimsicott\n|\n|upkeep\n|\n|t:|1771264091\n|switch|p1b: Weezing|Weezing-Galar, M|34/100\n|-ability|p1b: Weezing|Neutralizing Gas\n|turn|4\n|\n|t:|1771264117\n|switch|p2b: Ting-Lu|Ting-Lu|100/100\n|move|p1b: Weezing|Protect|p1b: Weezing\n|-singleturn|p1b: Weezing|Protect\n|move|p2a: Sinistcha|Protect|p2a: Sinistcha\n|-singleturn|p2a: Sinistcha|Protect\n|move|p1a: Slaking|Yawn|p2a: Sinistcha\n|-activate|p2a: Sinistcha|move: Protect\n|\n|upkeep\n|turn|5\n|\n|t:|1771264131\n|switch|p1a: Regigigas|Regigigas, tera:Ground|91/100\n|move|p1b: Weezing|Taunt|p2b: Ting-Lu\n|-start|p2b: Ting-Lu|move: Taunt\n|move|p2a: Sinistcha|Matcha Gotcha|p1b: Weezing|[spread] p1a,p1b\n|-supereffective|p1a: Regigigas\n|-resisted|p1b: Weezing\n|-damage|p1a: Regigigas|41/100\n|-heal|p2a: Sinistcha|100/100|[from] drain|[of] p1a: Regigigas\n|-damage|p1b: Weezing|22/100\n|cant|p2b: Ting-Lu|move: Taunt|Stealth Rock\n|\n|upkeep\n|turn|6\n|\n|t:|1771264150\n|move|p1b: Weezing|Protect|p1b: Weezing\n|-singleturn|p1b: Weezing|Protect\n|move|p1a: Regigigas|Drain Punch|p2b: Ting-Lu\n|-supereffective|p2b: Ting-Lu\n|-damage|p2b: Ting-Lu|61/100\n|-heal|p1a: Regigigas|69/100|[from] drain|[of] p2b: Ting-Lu\n|move|p2a: Sinistcha|Matcha Gotcha|p1b: Weezing|[spread] p1a\n|-activate|p1b: Weezing|move: Protect\n|-supereffective|p1a: Regigigas\n|-crit|p1a: Regigigas\n|-damage|p1a: Regigigas|0 fnt\n|faint|p1a: Regigigas\n|-end|p1a: Regigigas|Slow Start|[silent]\n|move|p2b: Ting-Lu|Earthquake|p1b: Weezing|[spread] p2a\n|-activate|p1b: Weezing|move: Protect\n|-resisted|p2a: Sinistcha\n|-damage|p2a: Sinistcha|88/100\n|\n|-heal|p2b: Ting-Lu|67/100|[from] item: Leftovers\n|upkeep\n|\n|t:|1771264160\n|switch|p1a: Slaking|Slaking, F|77/100\n|turn|7\n|\n|t:|1771264174\n|switch|p2b: Incineroar|Incineroar, M, tera:Ghost|56/100\n|move|p1a: Slaking|Drain Punch|p2b: Incineroar\n|-immune|p2b: Incineroar\n|move|p1b: Weezing|Will-O-Wisp|p2b: Incineroar\n|-status|p2b: Incineroar|brn\n|move|p2a: Sinistcha|Matcha Gotcha|p1b: Weezing|[spread] p1a,p1b\n|-resisted|p1b: Weezing\n|-damage|p1a: Slaking|54/100\n|-heal|p2a: Sinistcha|100/100|[from] drain|[of] p1a: Slaking\n|-damage|p1b: Weezing|10/100\n|\n|-damage|p2b: Incineroar|50/100 brn|[from] brn\n|upkeep\n|turn|8\n|\n|t:|1771264200\n|move|p1b: Weezing|Protect|p1b: Weezing\n|-singleturn|p1b: Weezing|Protect\n|move|p2b: Incineroar|Fake Out|p1a: Slaking\n|-damage|p1a: Slaking|50/100\n|cant|p1a: Slaking|flinch\n|move|p2a: Sinistcha|Calm Mind|p2a: Sinistcha\n|-boost|p2a: Sinistcha|spa|1\n|-boost|p2a: Sinistcha|spd|1\n|\n|-damage|p2b: Incineroar|44/100 brn|[from] brn\n|upkeep\n|turn|9\n|\n|t:|1771264211\n|-end|p1b: Weezing|ability: Neutralizing Gas\n|-ability|p2b: Incineroar|Intimidate|boost\n|-unboost|p1a: Slaking|atk|1\n|-unboost|p1b: Weezing|atk|1\n|-heal|p2b: Incineroar|69/100 brn|[from] ability: Hospitality|[of] p2a: Sinistcha\n|switch|p1b: Toedscruel|Toedscruel, F|100/100\n|switch|p2b: Amoonguss|Amoonguss, M|100/100\n|move|p1a: Slaking|Yawn|p2a: Sinistcha\n|-start|p2a: Sinistcha|move: Yawn|[of] p1a: Slaking\n|move|p2a: Sinistcha|Matcha Gotcha|p1a: Slaking|[spread] p1a,p1b\n|-crit|p1b: Toedscruel\n|-damage|p1a: Slaking|11/100\n|-damage|p1b: Toedscruel|54/100\n|\n|upkeep\n|turn|10\n|-message|rahhhhhhhhlkl forfeited.\n|\n|win|herq\n|raw|rahhhhhhhhlkl's rating: 1528 &rarr; <strong>1513</strong><br />(-15 for losing)\n|raw|herq's rating: 1621 &rarr; <strong>1636</strong><br />(+15 for winning)\n|l|☆rahhhhhhhhlkl\n|player|p1|\n|l|☆herq\n|player|p2|\n", "uploadtime": 1771264517, "views": 3, "formatid": "gen9doublesou", "rating": 1513, "private": 0, "password": null}