{"id": "gen9doublesou-2540627149", "format": "[Gen 9] Doubles OU", "players": ["enexis", "prithalt67"], "log": "|j|☆enexis\n|j|‽prithalt67\n|t:|1771229981\n|gametype|doubles\n|player|p1|enexis|2|1485\n|player|p2|prithalt67|n|1583\n|gen|9\n|tier|[Gen 9] Doubles OU\n|rated|\n|rule|HP Percentage Mod: HP is shown in percentages\n|rule|Endless Battle Clause: Forcing endless battles is banned\n|rule|Species Clause: Limit one of each Pokémon\n|rule|OHKO Clause: OHKO moves are banned\n|rule|Evasion Moves Clause: Evasion moves are banned\n|rule|Gravity Sleep Clause: The combination of sleep-inducing moves with imperfect accuracy and Gravity or Gigantamax Orbeetle are banned\n|rule|Evasion Abilities Clause: Evasion abilities are banned\n|clearpoke\n|poke|p1|Grimmsnarl, M|\n|poke|p1|Sneasler, F|\n|poke|p1|Milotic, F|\n|poke|p1|Pelipper, F|\n|poke|p1|Bruxish, M|\n|poke|p1|Kilowattrel, F|\n|poke|p2|Chien-Pao|\n|poke|p2|Iron Crown|\n|poke|p2|Rillaboom, M|\n|poke|p2|Dragonite, M|\n|poke|p2|Heatran, M|\n|poke|p2|Amoonguss, F|\n|teampreview\n|inactive|Battle timer is ON: inactive players will automatically lose when time's up. (requested by prithalt67)\n|\n|t:|1771229990\n|teamsize|p1|6\n|teamsize|p2|6\n|start\n|switch|p1a: Grimmsnarl|Grimmsnarl, M|100/100\n|switch|p1b: Sneasler|Sneasler, F|100/100\n|switch|p2a: Rillaboom|Rillaboom, M|100/100\n|switch|p2b: Amoonguss|Amoonguss, F|100/100\n|-fieldstart|move: Grassy Terrain|[from] ability: Grassy Surge|[of] p2a: Rillaboom\n|turn|1\n|\n|t:|1771229999\n|switch|p2a: Iron Crown|Iron Crown|100/100\n|-enditem|p2a: Iron Crown|Booster Energy\n|-activate|p2a: Iron Crown|ability: Quark Drive|[fromitem]\n|-start|p2a: Iron Crown|quarkdrivespa\n|move|p1a: Grimmsnarl|Swagger|p2b: Amoonguss\n|-boost|p2b: Amoonguss|atk|2\n|-start|p2b: Amoonguss|confusion\n|-enditem|p1b: Sneasler|Mirror Herb\n|-boost|p1b: Sneasler|atk|2|[from] item: Mirror Herb\n|-enditem|p1a: Grimmsnarl|Mirror Herb\n|-boost|p1a: Grimmsnarl|atk|2|[from] item: Mirror Herb\n|move|p1b: Sneasler|Acrobatics|p2b: Amoonguss\n|-supereffective|p2b: Amoonguss\n|-damage|p2b: Amoonguss|0 fnt\n|faint|p2b: Amoonguss\n|\n|upkeep\n|\n|t:|1771230015\n|switch|p2b: Rillaboom|Rillaboom, M|100/100\n|turn|2\n|\n|t:|1771230022\n|move|p1b: Sneasler|Quick Guard|p1b: Sneasler\n|-singleturn|p1b: Sneasler|Quick Guard\n|move|p2b: Rillaboom|Fake Out|p1b: Sneasler\n|-activate|p1b: Sneasler|move: Quick Guard\n|move|p1a: Grimmsnarl|Sucker Punch|p2a: Iron Crown\n|-supereffective|p2a: Iron Crown\n|-damage|p2a: Iron Crown|0 fnt\n|faint|p2a: Iron Crown\n|-end|p2a: Iron Crown|Quark Drive|[silent]\n|\n|upkeep\n|\n|t:|1771230033\n|switch|p2a: Chien-Pao|Chien-Pao|100/100\n|-ability|p2a: Chien-Pao|Sword of Ruin\n|turn|3\n|\n|t:|1771230051\n|move|p1b: Sneasler|Dire Claw|p2b: Rillaboom\n|-supereffective|p2b: Rillaboom\n|-damage|p2b: Rillaboom|0 fnt\n|faint|p2b: Rillaboom\n|move|p2a: Chien-Pao|Icicle Crash|p1b: Sneasler\n|-crit|p1b: Sneasler\n|-damage|p1b: Sneasler|0 fnt\n|faint|p1b: Sneasler\n|move|p1a: Grimmsnarl|Spirit Break|p2a: Chien-Pao\n|-supereffective|p2a: Chien-Pao\n|-enditem|p2a: Chien-Pao|Focus Sash\n|-damage|p2a: Chien-Pao|1/100\n|-unboost|p2a: Chien-Pao|spa|1\n|\n|-heal|p2a: Chien-Pao|7/100|[from] Grassy Terrain\n|upkeep\n|\n|t:|1771230070\n|switch|p1b: Milotic|Milotic, F|100/100\n|switch|p2b: Heatran|Heatran, M|100/100\n|turn|4\n|\n|t:|1771230076\n|move|p2a: Chien-Pao|Sucker Punch|p1a: Grimmsnarl\n|-resisted|p1a: Grimmsnarl\n|-damage|p1a: Grimmsnarl|86/100\n|move|p1a: Grimmsnarl|Sucker Punch||[still]\n|-fail|p1a: Grimmsnarl\n|move|p1b: Milotic|Muddy Water|p2a: Chien-Pao|[spread] p2a,p2b\n|-supereffective|p2b: Heatran\n|-damage|p2a: Chien-Pao|0 fnt\n|-damage|p2b: Heatran|52/100\n|faint|p2a: Chien-Pao\n|move|p2b: Heatran|Heat Wave|p1b: Milotic|[spread] p1a,p1b\n|-resisted|p1b: Milotic\n|-crit|p1b: Milotic\n|-damage|p1a: Grimmsnarl|34/100\n|-damage|p1b: Milotic|76/100\n|\n|-heal|p1b: Milotic|82/100|[from] Grassy Terrain\n|-heal|p2b: Heatran|58/100|[from] Grassy Terrain\n|-heal|p2b: Heatran|64/100|[from] item: Leftovers\n|-heal|p1a: Grimmsnarl|40/100|[from] Grassy Terrain\n|upkeep\n|\n|t:|1771230083\n|switch|p2a: Dragonite|Dragonite, M|100/100\n|turn|5\n|\n|t:|1771230097\n|switch|p1b: Bruxish|Bruxish, M|100/100\n|-terastallize|p2b: Heatran|Grass\n|move|p2a: Dragonite|Extreme Speed||[still]\n|cant|p1b: Bruxish|ability: Dazzling|Extreme Speed|[of] p2a: Dragonite\n|move|p1a: Grimmsnarl|Sucker Punch||[still]\n|-fail|p1a: Grimmsnarl\n|move|p2b: Heatran|Substitute|p2b: Heatran\n|-start|p2b: Heatran|Substitute\n|-damage|p2b: Heatran|39/100\n|\n|-heal|p2b: Heatran|46/100|[from] Grassy Terrain\n|-heal|p2b: Heatran|52/100|[from] item: Leftovers\n|-heal|p1a: Grimmsnarl|46/100|[from] Grassy Terrain\n|-fieldend|move: Grassy Terrain\n|upkeep\n|turn|6\n|\n|t:|1771230118\n|move|p1b: Bruxish|Psychic Fangs|p2b: Heatran\n|-end|p2b: Heatran|Substitute\n|move|p2a: Dragonite|Brick Break|p1a: Grimmsnarl\n|-damage|p1a: Grimmsnarl|10/100\n|move|p2b: Heatran|Heat Wave|p1b: Bruxish|[spread] p1a,p1b\n|-resisted|p1b: Bruxish\n|-damage|p1a: Grimmsnarl|0 fnt\n|-damage|p1b: Bruxish|69/100\n|faint|p1a: Grimmsnarl\n|\n|-heal|p2b: Heatran|58/100|[from] item: Leftovers\n|upkeep\n|\n|t:|1771230127\n|switch|p1a: Pelipper|Pelipper, F|100/100\n|-weather|RainDance|[from] ability: Drizzle|[of] p1a: Pelipper\n|turn|7\n|-message|prithalt67 forfeited.\n|\n|win|enexis\n|raw|enexis's rating: 1485 &rarr; <strong>1510</strong><br />(+25 for winning)\n|raw|prithalt67's rating: 1583 &rarr; <strong>1558</strong><br />(-25 for losing)\n|l|‽prithalt67\n|player|p2|\n|l|☆enexis\n|player|p1|\n", "uploadtime": 1771230548, "views": 14, "formatid": "gen9doublesou", "rating": 1510, "private": 0, "password": null}