{"id": "gen9doublesou-2540656270", "format": "[Gen 9] Doubles OU", "players": ["Kyyper", "avlavlavlavl"], "log": "|j|☆Kyyper\n|j|☆avlavlavlavl\n|t:|1771235173\n|gametype|doubles\n|player|p1|Kyyper|cheren-gen5bw2|1516\n|player|p2|avlavlavlavl|lacey|1620\n|gen|9\n|tier|[Gen 9] Doubles OU\n|rated|\n|rule|HP Percentage Mod: HP is shown in percentages\n|rule|Endless Battle Clause: Forcing endless battles is banned\n|rule|Species Clause: Limit one of each Pokémon\n|rule|OHKO Clause: OHKO moves are banned\n|rule|Evasion Moves Clause: Evasion moves are banned\n|rule|Gravity Sleep Clause: The combination of sleep-inducing moves with imperfect accuracy and Gravity or Gigantamax Orbeetle are banned\n|rule|Evasion Abilities Clause: Evasion abilities are banned\n|clearpoke\n|poke|p1|Whimsicott, M|\n|poke|p1|Samurott-Hisui, F|\n|poke|p1|Chi-Yu|\n|poke|p1|Zapdos-Galar|\n|poke|p1|Farigiraf, M|\n|poke|p1|Kleavor, F|\n|poke|p2|Chi-Yu|\n|poke|p2|Landorus, M|\n|poke|p2|Ogerpon-Wellspring, F|\n|poke|p2|Tornadus, M|\n|poke|p2|Iron Hands|\n|poke|p2|Gholdengo|\n|teampreview\n|inactive|Battle timer is ON: inactive players will automatically lose when time's up. (requested by Kyyper)\n|\n|t:|1771235238\n|teamsize|p1|6\n|teamsize|p2|6\n|start\n|switch|p1a: Mint|Whimsicott, M, shiny|100/100\n|switch|p1b: Skale|Kleavor, F, shiny|100/100\n|switch|p2a: Iron Hands|Iron Hands|100/100\n|switch|p2b: Tornadus|Tornadus, M|100/100\n|turn|1\n|\n|t:|1771235262\n|move|p2a: Iron Hands|Fake Out|p1b: Skale\n|-resisted|p1b: Skale\n|-damage|p1b: Skale|92/100\n|move|p1a: Mint|Tailwind|p1a: Mint\n|-sidestart|p1: Kyyper|move: Tailwind\n|cant|p1b: Skale|flinch\n|move|p2b: Tornadus|Bleakwind Storm|p1a: Mint|[spread] p1a,p1b\n|-supereffective|p1a: Mint\n|-crit|p1a: Mint\n|-enditem|p1a: Mint|Focus Sash\n|-damage|p1a: Mint|1/100\n|-damage|p1b: Skale|33/100\n|\n|upkeep\n|turn|2\n|\n|t:|1771235290\n|move|p2b: Tornadus|Protect|p2b: Tornadus\n|-singleturn|p2b: Tornadus|Protect\n|move|p1a: Mint|Encore|p2a: Iron Hands\n|-start|p2a: Iron Hands|Encore\n|move|p1b: Skale|Stone Axe|p2b: Tornadus\n|-activate|p2b: Tornadus|move: Protect\n|move|p2a: Iron Hands|Fake Out||[still]\n|-hint|Fake Out only works on your first turn out.\n|-fail|p2a: Iron Hands\n|\n|upkeep\n|turn|3\n|inactive|avlavlavlavl has 120 seconds left.\n|\n|t:|1771235331\n|switch|p2b: Gholdengo|Gholdengo|100/100\n|-end|p2a: Iron Hands|Quark Drive|[silent]\n|switch|p2a: Chi-Yu|Chi-Yu|100/100\n|-ability|p2a: Chi-Yu|Beads of Ruin\n|move|p1a: Mint|Encore|p2b: Gholdengo\n|-immune|p2b: Gholdengo|[from] ability: Good as Gold\n|move|p1b: Skale|Stone Axe|p2a: Chi-Yu\n|-supereffective|p2a: Chi-Yu\n|-damage|p2a: Chi-Yu|0 fnt\n|-sidestart|p2: avlavlavlavl|move: Stealth Rock\n|faint|p2a: Chi-Yu\n|\n|upkeep\n|\n|t:|1771235355\n|switch|p2a: Tornadus|Tornadus, M|100/100\n|-damage|p2a: Tornadus|76/100|[from] Stealth Rock\n|turn|4\n|\n|t:|1771235372\n|switch|p1a: Chip|Farigiraf, M, shiny|100/100\n|move|p2a: Tornadus|Tailwind|p2a: Tornadus\n|-sidestart|p2: avlavlavlavl|move: Tailwind\n|move|p2b: Gholdengo|Dazzling Gleam|p1a: Chip|[spread] p1a,p1b\n|-damage|p1a: Chip|81/100\n|-damage|p1b: Skale|3/100\n|move|p1b: Skale|Stone Axe|p2a: Tornadus\n|-supereffective|p2a: Tornadus\n|-damage|p2a: Tornadus|0 fnt\n|faint|p2a: Tornadus\n|\n|-sideend|p1: Kyyper|move: Tailwind\n|upkeep\n|inactive|avlavlavlavl has 90 seconds left.\n|\n|t:|1771235416\n|switch|p2a: Iron Hands|Iron Hands|100/100\n|-damage|p2a: Iron Hands|94/100|[from] Stealth Rock\n|turn|5\n|\n|t:|1771235422\n|move|p2b: Gholdengo|Dazzling Gleam|p1b: Skale|[spread] p1a,p1b\n|-damage|p1a: Chip|64/100\n|-damage|p1b: Skale|0 fnt\n|faint|p1b: Skale\n|move|p2a: Iron Hands|Wild Charge|p1a: Chip\n|-damage|p1a: Chip|16/100\n|-enditem|p1a: Chip|Sitrus Berry|[eat]\n|-heal|p1a: Chip|41/100|[from] item: Sitrus Berry\n|-damage|p2a: Iron Hands|82/100|[from] Recoil\n|move|p1a: Chip|Psychic|p2a: Iron Hands\n|-supereffective|p2a: Iron Hands\n|-damage|p2a: Iron Hands|38/100\n|\n|upkeep\n|\n|t:|1771235439\n|switch|p1b: Mint|Whimsicott, M, shiny|1/100\n|turn|6\n|inactive|avlavlavlavl has 120 seconds left.\n|\n|t:|1771235468\n|switch|p1b: Quary|Chi-Yu, shiny|100/100\n|-ability|p1b: Quary|Beads of Ruin\n|move|p1a: Chip|Protect|p1a: Chip\n|-singleturn|p1a: Chip|Protect\n|move|p2b: Gholdengo|Dazzling Gleam|p1b: Quary|[spread] p1b\n|-activate|p1a: Chip|move: Protect\n|-damage|p1b: Quary|79/100\n|move|p2a: Iron Hands|Wild Charge|p1a: Chip\n|-activate|p1a: Chip|move: Protect\n|\n|upkeep\n|turn|7\n|inactive|avlavlavlavl has 120 seconds left.\n|\n|t:|1771235485\n|-terastallize|p1b: Quary|Ghost\n|move|p2b: Gholdengo|Dazzling Gleam|p1b: Quary|[spread] p1a,p1b\n|-damage|p1a: Chip|15/100\n|-damage|p1b: Quary|56/100\n|move|p2a: Iron Hands|Drain Punch|p1b: Quary\n|-immune|p1b: Quary\n|move|p1b: Quary|Heat Wave|p2b: Gholdengo|[spread] p2a,p2b\n|-supereffective|p2b: Gholdengo\n|-damage|p2a: Iron Hands|0 fnt\n|-damage|p2b: Gholdengo|0 fnt\n|faint|p2a: Iron Hands\n|-end|p2a: Iron Hands|Quark Drive|[silent]\n|faint|p2b: Gholdengo\n|move|p1a: Chip|Psychic|p2: Iron Hands|[notarget]\n|-fail|p1a: Chip\n|\n|-sideend|p2: avlavlavlavl|move: Tailwind\n|upkeep\n|\n|t:|1771235495\n|switch|p2b: Landorus|Landorus, M|100/100\n|switch|p2a: Ogerpon|Ogerpon-Wellspring, F|100/100\n|-damage|p2a: Ogerpon|88/100|[from] Stealth Rock\n|-damage|p2b: Landorus|88/100|[from] Stealth Rock\n|turn|8\n|inactive|avlavlavlavl has 120 seconds left.\n|\n|t:|1771235516\n|switch|p1b: Marley|Samurott-Hisui, F, shiny|100/100\n|move|p2a: Ogerpon|Wood Hammer|p1b: Marley\n|-supereffective|p1b: Marley\n|-crit|p1b: Marley\n|-damage|p1b: Marley|0 fnt\n|faint|p1b: Marley\n|-damage|p2a: Ogerpon|49/100|[from] Recoil\n|move|p2b: Landorus|Sludge Bomb|p1a: Chip\n|-damage|p1a: Chip|0 fnt\n|faint|p1a: Chip\n|\n|upkeep\n|\n|t:|1771235526\n|switch|p1b: Quary|Chi-Yu, shiny, tera:Ghost|56/100\n|switch|p1a: Mint|Whimsicott, M, shiny|1/100\n|-ability|p1b: Quary|Beads of Ruin\n|turn|9\n|\n|t:|1771235551\n|-terastallize|p2a: Ogerpon|Water\n|detailschange|p2a: Ogerpon|Ogerpon-Wellspring-Tera, F, tera:Water\n|-ability|p2a: Ogerpon|Embody Aspect (Wellspring)|boost\n|-boost|p2a: Ogerpon|spd|1\n|move|p1a: Mint|Tailwind|p1a: Mint\n|-sidestart|p1: Kyyper|move: Tailwind\n|move|p1b: Quary|Heat Wave|p2b: Landorus|[spread] p2a,p2b\n|-resisted|p2a: Ogerpon\n|-damage|p2a: Ogerpon|16/100\n|-damage|p2b: Landorus|0 fnt\n|faint|p2b: Landorus\n|move|p2a: Ogerpon|Ivy Cudgel|p1b: Quary|[anim] Ivy Cudgel Water\n|-damage|p1b: Quary|0 fnt\n|faint|p1b: Quary\n|\n|upkeep\n|\n|t:|1771235561\n|switch|p1b: JoJo|Zapdos-Galar, shiny|100/100\n|turn|10\n|\n|t:|1771235566\n|move|p1a: Mint|Moonblast|p2a: Ogerpon\n|-crit|p2a: Ogerpon\n|-damage|p2a: Ogerpon|0 fnt\n|faint|p2a: Ogerpon\n|detailschange|p2: Ogerpon|Ogerpon-Wellspring, F|[silent]\n|\n|win|Kyyper\n|raw|Kyyper's rating: 1516 &rarr; <strong>1542</strong><br />(+26 for winning)\n|raw|avlavlavlavl's rating: 1620 &rarr; <strong>1594</strong><br />(-26 for losing)\n|l|☆Kyyper\n|player|p1|\n|l|☆avlavlavlavl\n|player|p2|\n", "uploadtime": 1771235952, "views": 11, "formatid": "gen9doublesou", "rating": 1542, "private": 0, "password": null}