{"id": "gen9doublesou-2540304592", "format": "[Gen 9] Doubles OU", "players": ["takisopalios", "ilikelampent"], "log": "|j|☆takisopalios\n|j|☆ilikelampent\n|t:|1771186685\n|gametype|doubles\n|player|p1|takisopalios|shadowtriad|1595\n|player|p2|ilikelampent|roxie|1623\n|gen|9\n|tier|[Gen 9] Doubles OU\n|rated|\n|rule|HP Percentage Mod: HP is shown in percentages\n|rule|Endless Battle Clause: Forcing endless battles is banned\n|rule|Species Clause: Limit one of each Pokémon\n|rule|OHKO Clause: OHKO moves are banned\n|rule|Evasion Moves Clause: Evasion moves are banned\n|rule|Gravity Sleep Clause: The combination of sleep-inducing moves with imperfect accuracy and Gravity or Gigantamax Orbeetle are banned\n|rule|Evasion Abilities Clause: Evasion abilities are banned\n|clearpoke\n|poke|p1|Tornadus, M|\n|poke|p1|Chien-Pao|\n|poke|p1|Gallade, M|\n|poke|p1|Chi-Yu|\n|poke|p1|Okidogi, M|\n|poke|p1|Raging Bolt|\n|poke|p2|Torkoal, F|\n|poke|p2|Lilligant-Hisui, F|\n|poke|p2|Walking Wake|\n|poke|p2|Gouging Fire|\n|poke|p2|Whimsicott, M|\n|poke|p2|Landorus-Therian, M|\n|teampreview\n|\n|t:|1771186724\n|teamsize|p1|6\n|teamsize|p2|6\n|start\n|switch|p1a: Chien-Pao|Chien-Pao|100/100\n|switch|p1b: Gallade|Gallade, M|100/100\n|switch|p2a: Torkoal|Torkoal, F|100/100\n|switch|p2b: Lilligant|Lilligant-Hisui, F|100/100\n|-ability|p1a: Chien-Pao|Sword of Ruin\n|-weather|SunnyDay|[from] ability: Drought|[of] p2a: Torkoal\n|turn|1\n|\n|t:|1771186742\n|move|p1b: Gallade|Wide Guard|p1b: Gallade\n|-singleturn|p1b: Gallade|Wide Guard\n|move|p2b: Lilligant|Close Combat|p1a: Chien-Pao\n|-supereffective|p1a: Chien-Pao\n|-enditem|p1a: Chien-Pao|Focus Sash\n|-damage|p1a: Chien-Pao|1/100\n|-unboost|p2b: Lilligant|def|1\n|-unboost|p2b: Lilligant|spd|1\n|move|p1a: Chien-Pao|Ice Spinner|p2b: Lilligant\n|-supereffective|p2b: Lilligant\n|-enditem|p2b: Lilligant|Focus Sash\n|-damage|p2b: Lilligant|1/100\n|move|p2a: Torkoal|Heat Wave|p1b: Gallade|[spread] \n|-activate|p1a: Chien-Pao|move: Wide Guard\n|-activate|p1b: Gallade|move: Wide Guard\n|\n|-weather|SunnyDay|[upkeep]\n|upkeep\n|turn|2\n|\n|t:|1771186764\n|move|p1a: Chien-Pao|Ice Shard|p2b: Lilligant\n|-supereffective|p2b: Lilligant\n|-damage|p2b: Lilligant|0 fnt\n|faint|p2b: Lilligant\n|move|p1b: Gallade|Sacred Sword|p2a: Torkoal\n|-damage|p2a: Torkoal|24/100\n|move|p2a: Torkoal|Earth Power|p1a: Chien-Pao\n|-damage|p1a: Chien-Pao|0 fnt\n|faint|p1a: Chien-Pao\n|\n|-weather|SunnyDay|[upkeep]\n|upkeep\n|\n|t:|1771186782\n|switch|p1a: Chi-Yu|Chi-Yu|100/100\n|switch|p2b: Gouging Fire|Gouging Fire|100/100\n|-ability|p1a: Chi-Yu|Beads of Ruin\n|-activate|p2b: Gouging Fire|ability: Protosynthesis\n|-start|p2b: Gouging Fire|protosynthesisatk\n|turn|3\n|\n|t:|1771186797\n|switch|p2a: Walking Wake|Walking Wake|100/100\n|-activate|p2a: Walking Wake|ability: Protosynthesis\n|-start|p2a: Walking Wake|protosynthesisspe\n|move|p1b: Gallade|Wide Guard|p1b: Gallade\n|-singleturn|p1b: Gallade|Wide Guard\n|move|p1a: Chi-Yu|Heat Wave|p2a: Walking Wake|[spread] p2a,p2b\n|-resisted|p2a: Walking Wake\n|-resisted|p2b: Gouging Fire\n|-damage|p2a: Walking Wake|76/100\n|-damage|p2b: Gouging Fire|82/100\n|move|p2b: Gouging Fire|Dragon Dance|p2b: Gouging Fire\n|-boost|p2b: Gouging Fire|atk|1\n|-boost|p2b: Gouging Fire|spe|1\n|\n|-weather|SunnyDay|[upkeep]\n|-heal|p2b: Gouging Fire|88/100|[from] item: Leftovers\n|upkeep\n|turn|4\n|\n|t:|1771186825\n|move|p2a: Walking Wake|Hydro Steam|p1a: Chi-Yu\n|-supereffective|p1a: Chi-Yu\n|-damage|p1a: Chi-Yu|0 fnt\n|faint|p1a: Chi-Yu\n|move|p2b: Gouging Fire|Flare Blitz|p1b: Gallade\n|-damage|p1b: Gallade|0 fnt\n|faint|p1b: Gallade\n|-damage|p2b: Gouging Fire|64/100|[from] Recoil\n|\n|-weather|SunnyDay|[upkeep]\n|-heal|p2b: Gouging Fire|70/100|[from] item: Leftovers\n|upkeep\n|\n|t:|1771186838\n|switch|p1a: Tornadus|Tornadus, M|100/100\n|switch|p1b: Raging Bolt|Raging Bolt|100/100\n|-activate|p1b: Raging Bolt|ability: Protosynthesis\n|-start|p1b: Raging Bolt|protosynthesisspa\n|turn|5\n|\n|t:|1771186867\n|-end|p2a: Walking Wake|Protosynthesis|[silent]\n|switch|p2a: Landorus|Landorus-Therian, M|100/100\n|-ability|p2a: Landorus|Intimidate|boost\n|-unboost|p1a: Tornadus|atk|1\n|-unboost|p1b: Raging Bolt|atk|1\n|-terastallize|p2b: Gouging Fire|Water\n|-terastallize|p1b: Raging Bolt|Electric\n|move|p1a: Tornadus|Tailwind|p1a: Tornadus\n|-sidestart|p1: takisopalios|move: Tailwind\n|move|p2b: Gouging Fire|Dragon Claw|p1b: Raging Bolt\n|-damage|p1b: Raging Bolt|35/100\n|move|p1b: Raging Bolt|Dragon Pulse|p2a: Landorus\n|-damage|p2a: Landorus|53/100\n|\n|-weather|none\n|-end|p2b: Gouging Fire|Protosynthesis\n|-end|p1b: Raging Bolt|Protosynthesis\n|-heal|p2b: Gouging Fire|76/100|[from] item: Leftovers\n|upkeep\n|-enditem|p1b: Raging Bolt|Booster Energy\n|-activate|p1b: Raging Bolt|ability: Protosynthesis|[fromitem]\n|-start|p1b: Raging Bolt|protosynthesisspa\n|turn|6\n|\n|t:|1771186891\n|move|p2b: Gouging Fire|Burning Bulwark|p2b: Gouging Fire\n|-singleturn|p2b: Gouging Fire|move: Protect\n|move|p1b: Raging Bolt|Thunderclap||[still]\n|-fail|p1b: Raging Bolt\n|move|p1a: Tornadus|Bleakwind Storm|p2b: Gouging Fire|[spread] p2a\n|-activate|p2b: Gouging Fire|move: Protect\n|-damage|p2a: Landorus|25/100\n|-unboost|p2a: Landorus|spe|1\n|move|p2a: Landorus|Stomping Tantrum|p1b: Raging Bolt\n|-supereffective|p1b: Raging Bolt\n|-damage|p1b: Raging Bolt|0 fnt\n|faint|p1b: Raging Bolt\n|-end|p1b: Raging Bolt|Protosynthesis|[silent]\n|\n|-heal|p2b: Gouging Fire|82/100|[from] item: Leftovers\n|upkeep\n|\n|t:|1771186904\n|switch|p1b: Okidogi|Okidogi, M|100/100\n|turn|7\n|\n|t:|1771186922\n|switch|p2a: Torkoal|Torkoal, F|24/100\n|-weather|SunnyDay|[from] ability: Drought|[of] p2a: Torkoal\n|-activate|p2b: Gouging Fire|ability: Protosynthesis\n|-start|p2b: Gouging Fire|protosynthesisatk\n|move|p1a: Tornadus|Bleakwind Storm|p2a: Torkoal|[spread] p2a,p2b\n|-damage|p2a: Torkoal|0 fnt\n|-damage|p2b: Gouging Fire|41/100\n|-unboost|p2b: Gouging Fire|spe|1\n|faint|p2a: Torkoal\n|move|p1b: Okidogi|Gunk Shot|p2b: Gouging Fire\n|-damage|p2b: Gouging Fire|0 fnt\n|faint|p2b: Gouging Fire\n|-end|p2b: Gouging Fire|Protosynthesis|[silent]\n|\n|-weather|SunnyDay|[upkeep]\n|upkeep\n|\n|t:|1771186938\n|switch|p2b: Walking Wake|Walking Wake|76/100\n|switch|p2a: Whimsicott|Whimsicott, M|100/100\n|-activate|p2b: Walking Wake|ability: Protosynthesis\n|-start|p2b: Walking Wake|protosynthesisspe\n|turn|8\n|\n|t:|1771186957\n|move|p2a: Whimsicott|Tailwind|p2a: Whimsicott\n|-sidestart|p2: ilikelampent|move: Tailwind\n|move|p2b: Walking Wake|Hydro Steam|p1b: Okidogi\n|-damage|p1b: Okidogi|9/100\n|-enditem|p1b: Okidogi|Sitrus Berry|[eat]\n|-heal|p1b: Okidogi|34/100|[from] item: Sitrus Berry\n|move|p1a: Tornadus|Bleakwind Storm|p2a: Whimsicott|[spread] p2a,p2b\n|-supereffective|p2a: Whimsicott\n|-damage|p2a: Whimsicott|0 fnt\n|-damage|p2b: Walking Wake|30/100\n|-unboost|p2b: Walking Wake|spe|1\n|faint|p2a: Whimsicott\n|move|p1b: Okidogi|Gunk Shot|p2b: Walking Wake|[miss]\n|-miss|p1b: Okidogi|p2b: Walking Wake\n|\n|-weather|SunnyDay|[upkeep]\n|-sideend|p1: takisopalios|move: Tailwind\n|upkeep\n|\n|t:|1771186971\n|switch|p2a: Landorus|Landorus-Therian, M|25/100\n|-ability|p2a: Landorus|Intimidate|boost\n|-unboost|p1a: Tornadus|atk|1\n|-ability|p1b: Okidogi|Guard Dog|boost\n|-boost|p1b: Okidogi|atk|1\n|turn|9\n|\n|t:|1771186988\n|move|p1b: Okidogi|Protect|p1b: Okidogi\n|-singleturn|p1b: Okidogi|Protect\n|move|p1a: Tornadus|Tailwind|p1a: Tornadus\n|-sidestart|p1: takisopalios|move: Tailwind\n|move|p2b: Walking Wake|Hydro Steam|p1a: Tornadus\n|-damage|p1a: Tornadus|0 fnt\n|faint|p1a: Tornadus\n|move|p2a: Landorus|Stomping Tantrum|p1b: Okidogi\n|-activate|p1b: Okidogi|move: Protect\n|\n|-weather|SunnyDay|[upkeep]\n|upkeep\n|turn|10\n|\n|t:|1771187004\n|move|p2b: Walking Wake|Hydro Steam|p1b: Okidogi\n|-damage|p1b: Okidogi|0 fnt\n|faint|p1b: Okidogi\n|\n|win|ilikelampent\n|raw|takisopalios's rating: 1595 &rarr; <strong>1577</strong><br />(-18 for losing)\n|raw|ilikelampent's rating: 1623 &rarr; <strong>1641</strong><br />(+18 for winning)\n|l|☆ilikelampent\n|player|p2|\n|l|☆takisopalios\n|player|p1|\n", "uploadtime": 1771187359, "views": 11, "formatid": "gen9doublesou", "rating": 1577, "private": 0, "password": null}