{"id": "gen9doublesou-2540615241", "format": "[Gen 9] Doubles OU", "players": ["mobtitan", "Randaz"], "log": "|j|☆mobtitan\n|j|☆Randaz\n|t:|1771227720\n|gametype|doubles\n|player|p1|mobtitan|tate|1546\n|player|p2|Randaz|giovanni|1507\n|gen|9\n|tier|[Gen 9] Doubles OU\n|rated|\n|rule|HP Percentage Mod: HP is shown in percentages\n|rule|Endless Battle Clause: Forcing endless battles is banned\n|rule|Species Clause: Limit one of each Pokémon\n|rule|OHKO Clause: OHKO moves are banned\n|rule|Evasion Moves Clause: Evasion moves are banned\n|rule|Gravity Sleep Clause: The combination of sleep-inducing moves with imperfect accuracy and Gravity or Gigantamax Orbeetle are banned\n|rule|Evasion Abilities Clause: Evasion abilities are banned\n|clearpoke\n|poke|p1|Tyranitar, M|\n|poke|p1|Diancie|\n|poke|p1|Sudowoodo, L1, M|\n|poke|p1|Grimmsnarl, M|\n|poke|p1|Kleavor, M|\n|poke|p1|Tornadus, M|\n|poke|p2|Sableye, F|\n|poke|p2|Rillaboom, M|\n|poke|p2|Garganacl, F|\n|poke|p2|Glimmora, F|\n|poke|p2|Dragonite, F|\n|poke|p2|Kingambit, M|\n|teampreview\n|inactive|Battle timer is ON: inactive players will automatically lose when time's up. (requested by mobtitan)\n|inactive|Randaz has 120 seconds left.\n|\n|t:|1771227760\n|teamsize|p1|6\n|teamsize|p2|6\n|start\n|switch|p1a: Tyranitar|Tyranitar, M|100/100\n|switch|p1b: Kleavor|Kleavor, M|100/100\n|switch|p2a: Caillou|Glimmora, F|100/100\n|switch|p2b: Fairy Beater|Dragonite, F|100/100\n|-weather|Sandstorm|[from] ability: Sand Stream|[of] p1a: Tyranitar\n|turn|1\n|\n|t:|1771227787\n|move|p2a: Caillou|Spiky Shield|p2a: Caillou\n|-singleturn|p2a: Caillou|move: Protect\n|move|p1b: Kleavor|Stone Axe|p2b: Fairy Beater\n|-supereffective|p2b: Fairy Beater\n|-damage|p2b: Fairy Beater|46/100\n|-enditem|p2b: Fairy Beater|Weakness Policy\n|-boost|p2b: Fairy Beater|atk|2|[from] item: Weakness Policy\n|-boost|p2b: Fairy Beater|spa|2|[from] item: Weakness Policy\n|-sidestart|p2: Randaz|move: Stealth Rock\n|move|p2b: Fairy Beater|Earthquake|p1b: Kleavor|[spread] p1a,p1b\n|-activate|p2a: Caillou|move: Protect\n|-supereffective|p1a: Tyranitar\n|-damage|p1a: Tyranitar|15/100\n|-damage|p1b: Kleavor|38/100\n|move|p1a: Tyranitar|Rock Slide|p2a: Caillou|[spread] p2b\n|-activate|p2a: Caillou|move: Protect\n|-supereffective|p2b: Fairy Beater\n|-damage|p2b: Fairy Beater|2/100\n|\n|-weather|Sandstorm|[upkeep]\n|-damage|p2b: Fairy Beater|0 fnt|[from] Sandstorm\n|faint|p2b: Fairy Beater\n|upkeep\n|\n|t:|1771227806\n|switch|p2b: Slide in your dm|Rillaboom, M|100/100\n|-damage|p2b: Slide in your dm|88/100|[from] Stealth Rock\n|-fieldstart|move: Grassy Terrain|[from] ability: Grassy Surge|[of] p2b: Slide in your dm\n|turn|2\n|\n|t:|1771227822\n|switch|p1a: Diancie|Diancie|100/100\n|move|p2b: Slide in your dm|Grassy Glide|p1b: Kleavor\n|-damage|p1b: Kleavor|0 fnt\n|faint|p1b: Kleavor\n|move|p2a: Caillou|Mortal Spin|p1a: Diancie\n|-damage|p1a: Diancie|96/100\n|-status|p1a: Diancie|psn\n|-sideend|p2: Randaz|Stealth Rock|[from] move: Mortal Spin|[of] p2a: Caillou\n|\n|-weather|Sandstorm|[upkeep]\n|-damage|p2b: Slide in your dm|82/100|[from] Sandstorm\n|-heal|p2b: Slide in your dm|88/100|[from] Grassy Terrain\n|-heal|p2b: Slide in your dm|94/100|[from] item: Leftovers\n|-heal|p1a: Diancie|100/100 psn|[from] Grassy Terrain\n|-damage|p1a: Diancie|88/100 psn|[from] psn\n|upkeep\n|inactive|mobtitan has 120 seconds left.\n|\n|t:|1771227847\n|switch|p1b: Sudowoodo|Sudowoodo, L1, M|100/100\n|turn|3\n|\n|t:|1771227855\n|move|p2a: Caillou|Stealth Rock|p1a: Diancie\n|-sidestart|p1: mobtitan|move: Stealth Rock\n|move|p2b: Slide in your dm|Drain Punch|p1b: Sudowoodo\n|-supereffective|p1b: Sudowoodo\n|-ability|p1b: Sudowoodo|Sturdy\n|-damage|p1b: Sudowoodo|9/100\n|-heal|p2b: Slide in your dm|96/100|[from] drain|[of] p1b: Sudowoodo\n|move|p1a: Diancie|Earth Power|p2a: Caillou\n|-supereffective|p2a: Caillou\n|-damage|p2a: Caillou|43/100\n|move|p1b: Sudowoodo|Endeavor|p2b: Slide in your dm\n|-damage|p2b: Slide in your dm|1/100\n|-heal|p1b: Sudowoodo|100/100|[from] item: Shell Bell|[of] p2b: Slide in your dm\n|\n|-weather|Sandstorm|[upkeep]\n|-damage|p2b: Slide in your dm|0 fnt|[from] Sandstorm\n|faint|p2b: Slide in your dm\n|-heal|p2a: Caillou|49/100|[from] Grassy Terrain\n|-heal|p1a: Diancie|94/100 psn|[from] Grassy Terrain\n|-damage|p1a: Diancie|82/100 psn|[from] psn\n|upkeep\n|\n|t:|1771227860\n|switch|p2b: The Wall|Garganacl, F|100/100\n|turn|4\n|\n|t:|1771227881\n|-terastallize|p2b: The Wall|Ghost\n|move|p2a: Caillou|Spikes|p1b: Sudowoodo\n|-sidestart|p1: mobtitan|Spikes\n|move|p1a: Diancie|Earth Power|p2a: Caillou\n|-supereffective|p2a: Caillou\n|-damage|p2a: Caillou|0 fnt\n|faint|p2a: Caillou\n|move|p2b: The Wall|Salt Cure|p1b: Sudowoodo\n|-ability|p1b: Sudowoodo|Sturdy\n|-damage|p1b: Sudowoodo|9/100\n|-start|p1b: Sudowoodo|Salt Cure\n|move|p1b: Sudowoodo|Endeavor|p2b: The Wall\n|-immune|p2b: The Wall\n|\n|-weather|Sandstorm|[upkeep]\n|-damage|p2b: The Wall|94/100|[from] Sandstorm\n|-heal|p1a: Diancie|88/100 psn|[from] Grassy Terrain\n|-heal|p2b: The Wall|100/100|[from] Grassy Terrain\n|-heal|p1b: Sudowoodo|17/100|[from] Grassy Terrain\n|-damage|p1a: Diancie|75/100 psn|[from] psn\n|-damage|p1b: Sudowoodo|9/100|[from] Salt Cure\n|upkeep\n|\n|t:|1771227890\n|switch|p2a: The pranker|Sableye, F, shiny|100/100\n|turn|5\n|\n|t:|1771227906\n|move|p1b: Sudowoodo|Protect|p1b: Sudowoodo\n|-singleturn|p1b: Sudowoodo|Protect\n|move|p2a: The pranker|Encore|p1b: Sudowoodo\n|-activate|p1b: Sudowoodo|move: Protect\n|move|p1a: Diancie|Diamond Storm|p2b: The Wall|[spread] p2a,p2b\n|-damage|p2a: The pranker|68/100\n|-damage|p2b: The Wall|84/100\n|-boost|p1a: Diancie|def|2\n|move|p2b: The Wall|Iron Defense|p2b: The Wall\n|-boost|p2b: The Wall|def|2\n|\n|-weather|none\n|-heal|p2a: The pranker|74/100|[from] Grassy Terrain\n|-heal|p1a: Diancie|82/100 psn|[from] Grassy Terrain\n|-heal|p2b: The Wall|90/100|[from] Grassy Terrain\n|-heal|p2b: The Wall|96/100|[from] item: Leftovers\n|-heal|p1b: Sudowoodo|17/100|[from] Grassy Terrain\n|-damage|p1a: Diancie|69/100 psn|[from] psn\n|-damage|p1b: Sudowoodo|9/100|[from] Salt Cure\n|upkeep\n|turn|6\n|inactive|mobtitan has 120 seconds left.\n|\n|t:|1771227945\n|move|p2a: The pranker|Encore|p1b: Sudowoodo\n|-start|p1b: Sudowoodo|Encore\n|move|p1a: Diancie|Dazzling Gleam|p2a: The pranker|[spread] p2a,p2b\n|-supereffective|p2a: The pranker\n|-damage|p2a: The pranker|23/100\n|-damage|p2b: The Wall|81/100\n|move|p2b: The Wall|Salt Cure|p1a: Diancie\n|-damage|p1a: Diancie|64/100 psn\n|-start|p1a: Diancie|Salt Cure\n|move|p1b: Sudowoodo|Protect||[still]\n|-fail|p1b: Sudowoodo\n|\n|-heal|p2a: The pranker|29/100|[from] Grassy Terrain\n|-heal|p1a: Diancie|71/100 psn|[from] Grassy Terrain\n|-heal|p2b: The Wall|87/100|[from] Grassy Terrain\n|-heal|p2b: The Wall|94/100|[from] item: Leftovers\n|-heal|p1b: Sudowoodo|17/100|[from] Grassy Terrain\n|-damage|p1a: Diancie|58/100 psn|[from] psn\n|-damage|p1a: Diancie|46/100 psn|[from] Salt Cure\n|-damage|p1b: Sudowoodo|9/100|[from] Salt Cure\n|-fieldend|move: Grassy Terrain\n|upkeep\n|turn|7\n|inactive|mobtitan has 120 seconds left.\n|\n|t:|1771227966\n|move|p1b: Sudowoodo|Protect|p1b: Sudowoodo\n|-singleturn|p1b: Sudowoodo|Protect\n|move|p2a: The pranker|Will-O-Wisp|p1b: Sudowoodo\n|-activate|p1b: Sudowoodo|move: Protect\n|move|p1a: Diancie|Dazzling Gleam|p2a: The pranker|[spread] p2a,p2b\n|-supereffective|p2a: The pranker\n|-damage|p2a: The pranker|0 fnt\n|-damage|p2b: The Wall|79/100\n|faint|p2a: The pranker\n|move|p2b: The Wall|Body Press|p1a: Diancie\n|-damage|p1a: Diancie|30/100 psn\n|\n|-heal|p2b: The Wall|85/100|[from] item: Leftovers\n|-damage|p1a: Diancie|18/100 psn|[from] psn\n|-damage|p1a: Diancie|5/100 psn|[from] Salt Cure\n|-damage|p1b: Sudowoodo|0 fnt|[from] Salt Cure\n|faint|p1b: Sudowoodo\n|upkeep\n|inactive|mobtitan has 120 seconds left.\n|\n|t:|1771227985\n|switch|p2a: Ozaï|Kingambit, M|100/100\n|switch|p1b: Tyranitar|Tyranitar, M|15/100\n|-damage|p1b: Tyranitar|3/100|[from] Stealth Rock\n|-damage|p1b: Tyranitar|0 fnt|[from] Spikes\n|faint|p1b: Tyranitar\n|-activate|p2a: Ozaï|ability: Supreme Overlord\n|-start|p2a: Ozaï|fallen4|[silent]\n|\n|t:|1771227998\n|switch|p1b: Grimmsnarl|Grimmsnarl, M|100/100\n|-damage|p1b: Grimmsnarl|88/100|[from] Stealth Rock\n|-damage|p1b: Grimmsnarl|76/100|[from] Spikes\n|turn|8\n|inactive|mobtitan has 120 seconds left.\n|\n|t:|1771228013\n|move|p1b: Grimmsnarl|Reflect|p1b: Grimmsnarl\n|-sidestart|p1: mobtitan|Reflect\n|move|p2a: Ozaï|Sucker Punch|p1a: Diancie\n|-resisted|p1a: Diancie\n|-damage|p1a: Diancie|0 fnt\n|faint|p1a: Diancie\n|move|p2b: The Wall|Recover|p2b: The Wall\n|-heal|p2b: The Wall|100/100\n|\n|upkeep\n|inactive|mobtitan has 120 seconds left.\n|\n|t:|1771228022\n|switch|p1a: Tornadus|Tornadus, M|100/100\n|-damage|p1a: Tornadus|76/100|[from] Stealth Rock\n|turn|9\n|\n|t:|1771228042\n|-terastallize|p1b: Grimmsnarl|Fairy\n|move|p1a: Tornadus|Heat Wave|p2a: Ozaï|[spread] p2a,p2b\n|-supereffective|p2a: Ozaï\n|-damage|p2a: Ozaï|53/100\n|-damage|p2b: The Wall|82/100\n|move|p1b: Grimmsnarl|Play Rough|p2a: Ozaï\n|-damage|p2a: Ozaï|6/100\n|move|p2a: Ozaï|Iron Head|p1b: Grimmsnarl\n|-supereffective|p1b: Grimmsnarl\n|-damage|p1b: Grimmsnarl|0 fnt\n|faint|p1b: Grimmsnarl\n|move|p2b: The Wall|Salt Cure|p1a: Tornadus\n|-supereffective|p1a: Tornadus\n|-damage|p1a: Tornadus|53/100\n|-start|p1a: Tornadus|Salt Cure\n|\n|-heal|p2b: The Wall|88/100|[from] item: Leftovers\n|-damage|p1a: Tornadus|41/100|[from] Salt Cure\n|upkeep\n|turn|10\n|c|☆Randaz|gg\n|\n|t:|1771228066\n|move|p2a: Ozaï|Sucker Punch|p1a: Tornadus\n|-damage|p1a: Tornadus|0 fnt\n|faint|p1a: Tornadus\n|\n|win|Randaz\n|raw|mobtitan's rating: 1546 &rarr; <strong>1524</strong><br />(-22 for losing)\n|raw|Randaz's rating: 1507 &rarr; <strong>1529</strong><br />(+22 for winning)\n|l|☆mobtitan\n|player|p1|\n|l|☆Randaz\n|player|p2|\n", "uploadtime": 1771228479, "views": 15, "formatid": "gen9doublesou", "rating": 1524, "private": 0, "password": null}