{"id": "gen9randomdoublesbattle-2539275280", "format": "[Gen 9] Random Doubles Battle", "players": ["Malaron", "caoscontrol"], "log": "|j|☆Malaron\n|j|☆caoscontrol\n|t:|1771031791\n|gametype|doubles\n|player|p1|Malaron|101|1675\n|player|p2|caoscontrol|170|1609\n|gen|9\n|tier|[Gen 9] Random Doubles Battle\n|rated|\n|rule|Species Clause: Limit one of each Pokémon\n|rule|HP Percentage Mod: HP is shown in percentages\n|rule|Illusion Level Mod: Illusion disguises the Pokémon's true level\n|rule|Sleep Clause Mod: Limit one foe put to sleep\n|\n|t:|1771031791\n|teamsize|p1|6\n|teamsize|p2|6\n|start\n|switch|p1a: Gouging Fire|Gouging Fire, L75|281/281\n|switch|p1b: Iron Valiant|Iron Valiant, L79|247/247\n|switch|p2a: Drifblim|Drifblim, L85, F|394/394\n|switch|p2b: Lurantis|Lurantis, L85, M|258/258\n|turn|1\n|inactive|Battle timer is ON: inactive players will automatically lose when time's up. (requested by caoscontrol)\n|\n|t:|1771031812\n|-terastallize|p2b: Lurantis|Stellar\n|move|p1b: Iron Valiant|Close Combat|p2b: Lurantis\n|-damage|p2b: Lurantis|66/258\n|-unboost|p1b: Iron Valiant|def|1\n|-unboost|p1b: Iron Valiant|spd|1\n|-damage|p1b: Iron Valiant|223/247|[from] item: Life Orb\n|move|p2a: Drifblim|Tailwind|p2a: Drifblim\n|-sidestart|p2: caoscontrol|move: Tailwind\n|move|p2b: Lurantis|Superpower|p1a: Gouging Fire\n|-damage|p1a: Gouging Fire|189/281\n|-boost|p2b: Lurantis|atk|1\n|-boost|p2b: Lurantis|def|1\n|move|p1a: Gouging Fire|Dragon Dance|p1a: Gouging Fire\n|-boost|p1a: Gouging Fire|atk|1\n|-boost|p1a: Gouging Fire|spe|1\n|\n|upkeep\n|turn|2\n|inactive|caoscontrol has 120 seconds left.\n|\n|t:|1771031861\n|move|p1a: Gouging Fire|Burning Bulwark|p1a: Gouging Fire\n|-singleturn|p1a: Gouging Fire|move: Protect\n|move|p2a: Drifblim|Strength Sap|p2b: Lurantis\n|-boost|p2b: Lurantis|atk|1\n|move|p2b: Lurantis|Tera Blast|p1b: Iron Valiant|[anim] Tera Blast Stellar\n|-damage|p1b: Iron Valiant|0 fnt\n|-boost|p2b: Lurantis|atk|1\n|-boost|p2b: Lurantis|spa|1\n|faint|p1b: Iron Valiant\n|-end|p1b: Iron Valiant|Quark Drive|[silent]\n|\n|upkeep\n|\n|t:|1771031872\n|switch|p1b: Politoed|Politoed, L82, F|282/282\n|-weather|RainDance|[from] ability: Drizzle|[of] p1b: Politoed\n|turn|3\n|inactive|caoscontrol has 120 seconds left.\n|\n|t:|1771031892\n|move|p2a: Drifblim|Shadow Ball|p1a: Gouging Fire\n|-damage|p1a: Gouging Fire|101/281\n|move|p1a: Gouging Fire|Dragon Claw|p2b: Lurantis\n|-damage|p2b: Lurantis|0 fnt\n|faint|p2b: Lurantis\n|move|p1b: Politoed|Muddy Water|p2a: Drifblim\n|-damage|p2a: Drifblim|109/394\n|-enditem|p2a: Drifblim|Sitrus Berry|[eat]\n|-heal|p2a: Drifblim|207/394|[from] item: Sitrus Berry\n|\n|-weather|RainDance|[upkeep]\n|upkeep\n|inactive|caoscontrol has 120 seconds left.\n|\n|t:|1771031900\n|switch|p2b: Lumineon|Lumineon, L92, F|276/276\n|turn|4\n|\n|t:|1771031913\n|switch|p1b: Samurott|Samurott-Hisui, L83, F|285/285\n|move|p1a: Gouging Fire|Burning Bulwark|p1a: Gouging Fire\n|-singleturn|p1a: Gouging Fire|move: Protect\n|move|p2a: Drifblim|Shadow Ball|p1a: Gouging Fire\n|-activate|p1a: Gouging Fire|move: Protect\n|move|p2b: Lumineon|Encore||[still]\n|-fail|p2b: Lumineon\n|\n|-weather|RainDance|[upkeep]\n|-sideend|p2: caoscontrol|move: Tailwind\n|upkeep\n|turn|5\n|\n|t:|1771031937\n|switch|p2a: Appletun|Appletun, L92, F|352/352\n|move|p1a: Gouging Fire|Dragon Claw|p2a: Appletun\n|-supereffective|p2a: Appletun\n|-damage|p2a: Appletun|140/352\n|-enditem|p2a: Appletun|Sitrus Berry|[eat]\n|-heal|p2a: Appletun|228/352|[from] item: Sitrus Berry\n|move|p2b: Lumineon|Hydro Pump|p1a: Gouging Fire\n|-damage|p1a: Gouging Fire|0 fnt\n|faint|p1a: Gouging Fire\n|-end|p1a: Gouging Fire|Protosynthesis|[silent]\n|move|p1b: Samurott|Ceaseless Edge|p2b: Lumineon\n|-damage|p2b: Lumineon|101/276\n|-sidestart|p2: caoscontrol|Spikes\n|-enditem|p2b: Lumineon|Sitrus Berry|[eat]\n|-heal|p2b: Lumineon|170/276|[from] item: Sitrus Berry\n|\n|-weather|RainDance|[upkeep]\n|upkeep\n|\n|t:|1771031952\n|switch|p1a: Politoed|Politoed, L82, F|282/282\n|turn|6\n|\n|t:|1771031964\n|move|p2b: Lumineon|Icy Wind|p1b: Samurott|[spread] p1a,p1b\n|-resisted|p1a: Politoed\n|-resisted|p1b: Samurott\n|-damage|p1a: Politoed|269/282\n|-damage|p1b: Samurott|269/285\n|-unboost|p1a: Politoed|spe|1\n|-unboost|p1b: Samurott|spe|1\n|move|p1b: Samurott|Ceaseless Edge|p2b: Lumineon\n|-damage|p2b: Lumineon|7/276\n|-sidestart|p2: caoscontrol|Spikes\n|move|p1a: Politoed|Ice Beam|p2a: Appletun\n|-supereffective|p2a: Appletun\n|-damage|p2a: Appletun|72/352\n|move|p2a: Appletun|Apple Acid|p1b: Samurott\n|-supereffective|p1b: Samurott\n|-damage|p1b: Samurott|27/285\n|-unboost|p1b: Samurott|spd|1\n|\n|-weather|RainDance|[upkeep]\n|upkeep\n|turn|7\n|\n|t:|1771031984\n|switch|p1b: Pyroar|Pyroar, L83, F|278/278\n|-ability|p1b: Pyroar|Unnerve\n|move|p2b: Lumineon|Icy Wind|p1a: Politoed|[spread] p1a,p1b\n|-resisted|p1a: Politoed\n|-resisted|p1b: Pyroar\n|-damage|p1a: Politoed|256/282\n|-damage|p1b: Pyroar|262/278\n|-unboost|p1a: Politoed|spe|1\n|-unboost|p1b: Pyroar|spe|1\n|move|p2a: Appletun|Apple Acid|p1a: Politoed\n|-supereffective|p1a: Politoed\n|-damage|p1a: Politoed|46/282\n|-unboost|p1a: Politoed|spd|1\n|move|p1a: Politoed|Ice Beam|p2b: Lumineon\n|-resisted|p2b: Lumineon\n|-damage|p2b: Lumineon|0 fnt\n|faint|p2b: Lumineon\n|\n|-weather|none\n|upkeep\n|inactive|caoscontrol has 120 seconds left.\n|\n|t:|1771032010\n|switch|p2b: Drifblim|Drifblim, L85, F|207/394\n|turn|8\n|\n|t:|1771032032\n|switch|p1a: Baxcalibur|Baxcalibur, L78, M|307/307\n|move|p2b: Drifblim|Tailwind|p2b: Drifblim\n|-sidestart|p2: caoscontrol|move: Tailwind\n|move|p2a: Appletun|Dragon Pulse|p1a: Baxcalibur\n|-supereffective|p1a: Baxcalibur\n|-damage|p1a: Baxcalibur|55/307\n|move|p1b: Pyroar|Fire Blast|p2b: Drifblim|[miss]\n|-miss|p1b: Pyroar|p2b: Drifblim\n|\n|upkeep\n|turn|9\n|\n|t:|1771032051\n|move|p1a: Baxcalibur|Ice Shard|p2a: Appletun\n|-supereffective|p2a: Appletun\n|-damage|p2a: Appletun|0 fnt\n|faint|p2a: Appletun\n|move|p2b: Drifblim|Shadow Ball|p1a: Baxcalibur\n|-damage|p1a: Baxcalibur|0 fnt\n|faint|p1a: Baxcalibur\n|move|p1b: Pyroar|Fire Blast|p2b: Drifblim\n|-crit|p2b: Drifblim\n|-damage|p2b: Drifblim|0 fnt\n|faint|p2b: Drifblim\n|-damage|p1b: Pyroar|235/278|[from] item: Life Orb\n|\n|upkeep\n|\n|t:|1771032066\n|switch|p2b: Glaceon|Glaceon, L86, F|252/252\n|switch|p1a: Politoed|Politoed, L82, F|46/282\n|switch|p2a: Fezandipiti|Fezandipiti, L81, M|275/275\n|-damage|p2a: Fezandipiti|230/275|[from] Spikes\n|-damage|p2b: Glaceon|210/252|[from] Spikes\n|-weather|RainDance|[from] ability: Drizzle|[of] p1a: Politoed\n|turn|10\n|inactive|caoscontrol has 120 seconds left.\n|\n|t:|1771032097\n|-terastallize|p1b: Pyroar|Water\n|move|p2a: Fezandipiti|Moonblast|p1a: Politoed\n|-damage|p1a: Politoed|0 fnt\n|faint|p1a: Politoed\n|move|p2b: Glaceon|Mud Shot|p1b: Pyroar\n|-crit|p1b: Pyroar\n|-damage|p1b: Pyroar|137/278\n|-unboost|p1b: Pyroar|spe|1\n|move|p1b: Pyroar|Hyper Voice|p2a: Fezandipiti|[spread] p2a,p2b\n|-damage|p2a: Fezandipiti|147/275\n|-damage|p2b: Glaceon|115/252\n|-damage|p1b: Pyroar|110/278|[from] item: Life Orb\n|\n|-weather|RainDance|[upkeep]\n|upkeep\n|\n|t:|1771032110\n|switch|p1a: Samurott|Samurott-Hisui, L83, F|27/285\n|turn|11\n|\n|t:|1771032119\n|move|p1a: Samurott|Sucker Punch|p2b: Glaceon\n|-damage|p2b: Glaceon|24/252\n|move|p2a: Fezandipiti|Moonblast|p1a: Samurott\n|-supereffective|p1a: Samurott\n|-damage|p1a: Samurott|0 fnt\n|faint|p1a: Samurott\n|move|p2b: Glaceon|Freeze-Dry|p1b: Pyroar\n|-supereffective|p1b: Pyroar\n|-damage|p1b: Pyroar|0 fnt\n|faint|p1b: Pyroar\n|\n|win|caoscontrol\n|raw|Malaron's rating: 1675 &rarr; <strong>1651</strong><br />(-24 for losing)\n|raw|caoscontrol's rating: 1609 &rarr; <strong>1633</strong><br />(+24 for winning)\n|l|☆Malaron\n|player|p1|\n", "inputlog": ">version ccdc32dd7cde25fd9e4bed64820e885f66e78a4e\n>start {\"formatid\":\"gen9randomdoublesbattle\",\"seed\":\"sodium,c673a2a8a553c5b439b28f7ba41c8693\",\"rated\":\"Rated battle\"}\n>player p1 {\"name\":\"Malaron\",\"avatar\":\"101\",\"rating\":1675,\"seed\":\"sodium,797e99568fdd761de21603582aaff40f\"}\n>player p2 {\"name\":\"caoscontrol\",\"avatar\":\"170\",\"rating\":1609,\"seed\":\"sodium,7ae8791ea64449ad17e54e2e4ca86461\"}\n>p1 move dragondance, move closecombat +2\n>p2 move tailwind, move superpower +1 terastallize\n>p1 move burningbulwark, move dazzlinggleam\n>p2 move strengthsap -2, move terablast +2\n>p1 pass, switch 6\n>p1 move dragonclaw +2, move muddywater\n>p2 move shadowball +1, move terablast +1\n>p2 pass, switch 3\n>p1 move burningbulwark, switch 4\n>p2 move shadowball +1, move encore +2\n>p1 move dragonclaw +1, move ceaselessedge +2\n>p2 switch 4, move hydropump +1\n>p1 switch 4, pass\n>p1 move icebeam +1, move ceaselessedge +2\n>p2 move appleacid +2, move icywind\n>p1 move icebeam +2, switch 3\n>p2 move appleacid +1, move icywind\n>p2 pass, switch 4\n>p1 switch 5, move fireblast +2\n>p2 move dragonpulse +1, move tailwind\n>p1 move iceshard +1, move fireblast +2\n>p2 move leechseed +2, move shadowball +1\n>p1 switch 5, pass\n>p2 switch 5, switch 6\n>p1 move weatherball +1, move hypervoice terastallize\n>p2 move moonblast +1, move mudshot +2\n>p1 switch 3, pass\n>p1 move suckerpunch +2, move hypervoice\n>p2 move moonblast +1, move freezedry +2", "uploadtime": 1771032129, "views": 77, "formatid": "gen9randomdoublesbattle", "rating": 1633, "private": 0, "password": null}