{"id": "gen9randomdoublesbattle-2540111511", "format": "[Gen 9] Random Doubles Battle", "players": ["LazzarinoCominazzo", "soy.el.piri"], "log": "|j|☆LazzarinoCominazzo\n|j|☆soy.el.piri\n|t:|1771163588\n|gametype|doubles\n|player|p1|LazzarinoCominazzo|170|1623\n|player|p2|soy.el.piri|waiter-gen4dp|1657\n|gen|9\n|tier|[Gen 9] Random Doubles Battle\n|rated|\n|rule|Species Clause: Limit one of each Pokémon\n|rule|HP Percentage Mod: HP is shown in percentages\n|rule|Illusion Level Mod: Illusion disguises the Pokémon's true level\n|rule|Sleep Clause Mod: Limit one foe put to sleep\n|\n|t:|1771163588\n|teamsize|p1|6\n|teamsize|p2|6\n|start\n|switch|p1a: Palkia|Palkia-Origin, L72|249/249\n|switch|p1b: Mightyena|Mightyena, L95, F|287/287\n|switch|p2a: Probopass|Probopass, L90, M|254/254\n|switch|p2b: Excadrill|Excadrill, L82, F|315/315\n|-ability|p2b: Excadrill|Mold Breaker\n|-ability|p1b: Mightyena|Intimidate|boost\n|-unboost|p2a: Probopass|atk|1\n|-unboost|p2b: Excadrill|atk|1\n|turn|1\n|inactive|Battle timer is ON: inactive players will automatically lose when time's up. (requested by LazzarinoCominazzo)\n|\n|t:|1771163644\n|switch|p2b: Dewgong|Dewgong, L91, M|312/312\n|move|p1a: Palkia|Hydro Pump|p2a: Probopass\n|-supereffective|p2a: Probopass\n|-damage|p2a: Probopass|86/254\n|move|p1b: Mightyena|Howl|p1b: Mightyena|[spread] p1a,p1b\n|-boost|p1a: Palkia|atk|1\n|-boost|p1b: Mightyena|atk|1\n|move|p2a: Probopass|Thunder Wave|p1a: Palkia\n|-status|p1a: Palkia|par\n|\n|-heal|p2a: Probopass|101/254|[from] item: Leftovers\n|upkeep\n|turn|2\n|inactive|soy.el.piri has 120 seconds left.\n|\n|t:|1771163675\n|move|p2b: Dewgong|Fake Out|p1a: Palkia\n|-damage|p1a: Palkia|222/249 par\n|move|p1b: Mightyena|Throat Chop|p2a: Probopass\n|-damage|p2a: Probopass|0 fnt\n|faint|p2a: Probopass\n|-damage|p1b: Mightyena|259/287|[from] item: Life Orb\n|cant|p1a: Palkia|flinch\n|\n|upkeep\n|inactive|soy.el.piri has 120 seconds left.\n|\n|t:|1771163692\n|switch|p2a: Breloom|Breloom, L84, F|238/238\n|turn|3\n|inactive|soy.el.piri has 120 seconds left.\n|\n|t:|1771163711\n|move|p2a: Breloom|Mach Punch|p1b: Mightyena\n|-supereffective|p1b: Mightyena\n|-damage|p1b: Mightyena|54/287\n|-damage|p2a: Breloom|215/238|[from] item: Life Orb\n|move|p1b: Mightyena|Play Rough|p2a: Breloom\n|-supereffective|p2a: Breloom\n|-damage|p2a: Breloom|0 fnt\n|faint|p2a: Breloom\n|-damage|p1b: Mightyena|26/287|[from] item: Life Orb\n|move|p2b: Dewgong|Icy Wind|p1b: Mightyena|[spread] p1a,p1b\n|-damage|p1a: Palkia|185/249 par\n|-damage|p1b: Mightyena|0 fnt\n|-unboost|p1a: Palkia|spe|1\n|faint|p1b: Mightyena\n|move|p1a: Palkia|Spacial Rend|p2b: Dewgong\n|-damage|p2b: Dewgong|189/312\n|\n|upkeep\n|inactive|soy.el.piri has 120 seconds left.\n|inactive|LazzarinoCominazzo has 120 seconds left.\n|\n|t:|1771163736\n|switch|p1b: Dialga|Dialga-Origin, L74|270/270\n|switch|p2a: Scream Tail|Scream Tail, L82|323/323\n|turn|4\n|inactive|soy.el.piri has 120 seconds left.\n|\n|t:|1771163750\n|move|p2a: Scream Tail|Play Rough|p1a: Palkia\n|-supereffective|p1a: Palkia\n|-damage|p1a: Palkia|51/249 par\n|move|p2b: Dewgong|Icy Wind|p1b: Dialga|[spread] p1a,p1b\n|-damage|p1a: Palkia|12/249 par\n|-damage|p1b: Dialga|237/270\n|-unboost|p1a: Palkia|spe|1\n|-unboost|p1b: Dialga|spe|1\n|move|p1b: Dialga|Thunder Wave|p2a: Scream Tail\n|-status|p2a: Scream Tail|par\n|move|p1a: Palkia|Spacial Rend|p2b: Dewgong\n|-damage|p2b: Dewgong|83/312\n|-enditem|p2b: Dewgong|Sitrus Berry|[eat]\n|-heal|p2b: Dewgong|161/312|[from] item: Sitrus Berry\n|\n|upkeep\n|turn|5\n|inactive|soy.el.piri has 120 seconds left.\n|\n|t:|1771163787\n|move|p2b: Dewgong|Icy Wind|p1b: Dialga|[spread] p1a,p1b\n|-damage|p1a: Palkia|0 fnt\n|-damage|p1b: Dialga|198/270\n|-unboost|p1b: Dialga|spe|1\n|faint|p1a: Palkia\n|move|p2a: Scream Tail|Stealth Rock|p1b: Dialga\n|-sidestart|p1: LazzarinoCominazzo|move: Stealth Rock\n|move|p1b: Dialga|Flash Cannon|p2a: Scream Tail\n|-supereffective|p2a: Scream Tail\n|-damage|p2a: Scream Tail|141/323 par\n|-unboost|p2a: Scream Tail|spd|1\n|-enditem|p2a: Scream Tail|Sitrus Berry|[eat]\n|-heal|p2a: Scream Tail|221/323 par|[from] item: Sitrus Berry\n|\n|upkeep\n|\n|t:|1771163800\n|switch|p1a: Ambipom|Ambipom, L87, M|272/272\n|-damage|p1a: Ambipom|238/272|[from] Stealth Rock\n|turn|6\n|\n|t:|1771163813\n|-terastallize|p2a: Scream Tail|Steel\n|move|p1a: Ambipom|Double-Edge|p2b: Dewgong\n|-damage|p2b: Dewgong|0 fnt\n|faint|p2b: Dewgong\n|-damage|p1a: Ambipom|185/272|[from] Recoil\n|move|p2a: Scream Tail|Disable|p1b: Dialga\n|-start|p1b: Dialga|Disable|Flash Cannon\n|cant|p1b: Dialga|Disable|Flash Cannon\n|\n|upkeep\n|\n|t:|1771163825\n|switch|p2b: Carbink|Carbink, L88|231/231\n|turn|7\n|\n|t:|1771163834\n|switch|p1a: Farigiraf|Farigiraf, L84, M|339/339\n|-damage|p1a: Farigiraf|297/339|[from] Stealth Rock\n|switch|p1b: Dondozo|Dondozo, L85, M|394/394\n|-damage|p1b: Dondozo|345/394|[from] Stealth Rock\n|move|p2a: Scream Tail|Play Rough|p1a: Farigiraf\n|-damage|p1a: Farigiraf|221/339\n|move|p2b: Carbink|Trick Room|p2b: Carbink\n|-fieldstart|move: Trick Room|[of] p2b: Carbink\n|\n|upkeep\n|turn|8\n|inactive|soy.el.piri has 120 seconds left.\n|inactive|soy.el.piri has 90 seconds left.\n|\n|t:|1771163902\n|move|p2b: Carbink|Iron Defense|p2b: Carbink\n|-boost|p2b: Carbink|def|2\n|move|p1a: Farigiraf|Nasty Plot|p1a: Farigiraf\n|-boost|p1a: Farigiraf|spa|2\n|move|p1b: Dondozo|Heavy Slam|p2b: Carbink\n|-supereffective|p2b: Carbink\n|-damage|p2b: Carbink|23/231\n|move|p2a: Scream Tail|Play Rough|p1a: Farigiraf|[miss]\n|-miss|p2a: Scream Tail|p1a: Farigiraf\n|\n|-heal|p2b: Carbink|37/231|[from] item: Leftovers\n|upkeep\n|turn|9\n|\n|t:|1771163921\n|move|p2b: Carbink|Body Press|p1a: Farigiraf\n|-damage|p1a: Farigiraf|1/339\n|-enditem|p1a: Farigiraf|Sitrus Berry|[eat]\n|-heal|p1a: Farigiraf|85/339|[from] item: Sitrus Berry\n|move|p1a: Farigiraf|Hyper Voice|p2b: Carbink|[spread] p2a,p2b\n|-resisted|p2a: Scream Tail\n|-resisted|p2b: Carbink\n|-damage|p2a: Scream Tail|123/323 par\n|-damage|p2b: Carbink|0 fnt\n|faint|p2b: Carbink\n|move|p1b: Dondozo|Heavy Slam|p2a: Scream Tail\n|-resisted|p2a: Scream Tail\n|-damage|p2a: Scream Tail|83/323 par\n|move|p2a: Scream Tail|Disable|p1b: Dondozo\n|-start|p1b: Dondozo|Disable|Heavy Slam\n|\n|upkeep\n|inactive|soy.el.piri has 90 seconds left.\n|\n|t:|1771163937\n|switch|p2b: Excadrill|Excadrill, L82, F|315/315\n|-ability|p2b: Excadrill|Mold Breaker\n|turn|10\n|\n|t:|1771163953\n|move|p1a: Farigiraf|Hyper Voice|p2a: Scream Tail|[spread] p2a,p2b\n|-resisted|p2a: Scream Tail\n|-resisted|p2b: Excadrill\n|-damage|p2a: Scream Tail|0 fnt\n|-damage|p2b: Excadrill|248/315\n|faint|p2a: Scream Tail\n|-end|p2a: Scream Tail|Protosynthesis|[silent]\n|move|p1b: Dondozo|Wave Crash|p2b: Excadrill\n|-supereffective|p2b: Excadrill\n|-damage|p2b: Excadrill|0 fnt\n|faint|p2b: Excadrill\n|-damage|p1b: Dondozo|263/394|[from] Recoil\n|\n|win|LazzarinoCominazzo\n|raw|LazzarinoCominazzo's rating: 1623 &rarr; <strong>1645</strong><br />(+22 for winning)\n|raw|soy.el.piri's rating: 1657 &rarr; <strong>1635</strong><br />(-22 for losing)\n", "inputlog": ">version 686819e5e19f8a7fd2345cfc5a08a5085efa2cc3\n>start {\"formatid\":\"gen9randomdoublesbattle\",\"seed\":\"sodium,67e0b10bd78c4b61ef42823c0a95d9eb\",\"rated\":\"Rated battle\"}\n>player p1 {\"name\":\"LazzarinoCominazzo\",\"avatar\":\"170\",\"rating\":1623,\"seed\":\"sodium,26949233b84949235f1a4c69be0c4d8f\"}\n>player p2 {\"name\":\"soy.el.piri\",\"avatar\":\"waiter-gen4dp\",\"rating\":1657,\"seed\":\"sodium,b885ffff301e7e840fa4d9165c8c2d06\"}\n>p1 move hydropump +1, move howl\n>p2 move thunderwave +1, switch 3\n>p1 move hydropump +1, move throatchop +1\n>p2 move bodypress +2, move fakeout +1\n>p2 switch 4, pass\n>p1 move spacialrend +2, move playrough +1\n>p2 move machpunch +2, move icywind\n>p1 pass, switch 5\n>p2 switch 6, pass\n>p1 move spacialrend +2, move thunderwave +1\n>p2 move playrough +1, move icywind\n>p1 move spacialrend +2, move flashcannon +1\n>p2 move stealthrock, move icywind\n>p1 switch 4, pass\n>p1 move doubleedge +2, move flashcannon +1\n>p2 move disable +2 terastallize, move hydropump +1\n>p2 pass, switch 5\n>p1 switch 3, switch 6\n>p2 move playrough +1, move trickroom\n>p1 move nastyplot, move heavyslam +2\n>p2 move playrough +1, move irondefense\n>p1 move hypervoice, move heavyslam +2\n>p2 move disable +2, move bodypress +1\n>p2 pass, switch 3\n>p1 move hypervoice, move wavecrash +2\n>p2 move disable +1, move rockslide", "uploadtime": 1771163975, "views": 83, "formatid": "gen9randomdoublesbattle", "rating": 1635, "private": 0, "password": null}