{"id": "gen9randomdoublesbattle-2534551082", "format": "[Gen 9] Random Doubles Battle", "players": ["baseballlover", "Silverback_Jack"], "log": "|j|☆baseballlover\n|j|☆Silverback_Jack\n|t:|1770435836\n|gametype|doubles\n|player|p1|baseballlover|1|1649\n|player|p2|Silverback_Jack|alder|1738\n|gen|9\n|tier|[Gen 9] Random Doubles Battle\n|rated|\n|rule|Species Clause: Limit one of each Pokémon\n|rule|HP Percentage Mod: HP is shown in percentages\n|rule|Illusion Level Mod: Illusion disguises the Pokémon's true level\n|rule|Sleep Clause Mod: Limit one foe put to sleep\n|\n|t:|1770435836\n|teamsize|p1|6\n|teamsize|p2|6\n|start\n|switch|p1a: Venusaur|Venusaur, L86, M|278/278\n|switch|p1b: Jumpluff|Jumpluff, L92, F|287/287\n|switch|p2a: Chien-Pao|Chien-Pao, L75|244/244\n|switch|p2b: Dialga|Dialga, L74|270/270\n|-ability|p2a: Chien-Pao|Sword of Ruin\n|turn|1\n|inactive|Battle timer is ON: inactive players will automatically lose when time's up. (requested by baseballlover)\n|inactive|baseballlover has 120 seconds left.\n|inactive|baseballlover has 90 seconds left.\n|\n|t:|1770435907\n|switch|p1a: Registeel|Registeel, L78|253/253\n|move|p2a: Chien-Pao|Protect|p2a: Chien-Pao\n|-singleturn|p2a: Chien-Pao|Protect\n|move|p1b: Jumpluff|Tailwind|p1b: Jumpluff\n|-sidestart|p1: baseballlover|move: Tailwind\n|move|p2b: Dialga|Fire Blast|p1b: Jumpluff\n|-supereffective|p1b: Jumpluff\n|-damage|p1b: Jumpluff|151/287\n|\n|upkeep\n|turn|2\n|\n|t:|1770435925\n|switch|p2a: Hitmontop|Hitmontop, L88, M|231/231\n|-ability|p2a: Hitmontop|Intimidate|boost\n|-fail|p1a: Registeel|unboost|[from] ability: Clear Body|[of] p1a: Registeel\n|-unboost|p1b: Jumpluff|atk|1\n|move|p1b: Jumpluff|Strength Sap|p2a: Hitmontop\n|-unboost|p2a: Hitmontop|atk|1\n|-heal|p1b: Jumpluff|287/287\n|move|p1a: Registeel|Body Press|p2a: Hitmontop\n|-damage|p2a: Hitmontop|163/231\n|move|p2b: Dialga|Fire Blast|p1a: Registeel|[miss]\n|-miss|p2b: Dialga|p1a: Registeel\n|\n|upkeep\n|turn|3\n|\n|t:|1770435953\n|move|p1b: Jumpluff|Acrobatics|p2a: Hitmontop\n|-supereffective|p2a: Hitmontop\n|-damage|p2a: Hitmontop|61/231\n|-enditem|p2a: Hitmontop|Sitrus Berry|[eat]\n|-heal|p2a: Hitmontop|118/231|[from] item: Sitrus Berry\n|move|p1a: Registeel|Iron Defense|p1a: Registeel\n|-boost|p1a: Registeel|def|2\n|move|p2b: Dialga|Fire Blast|p1a: Registeel\n|-supereffective|p1a: Registeel\n|-damage|p1a: Registeel|121/253\n|move|p2a: Hitmontop|Close Combat|p1a: Registeel\n|-supereffective|p1a: Registeel\n|-damage|p1a: Registeel|49/253\n|-unboost|p2a: Hitmontop|def|1\n|-unboost|p2a: Hitmontop|spd|1\n|\n|-heal|p1a: Registeel|64/253|[from] item: Leftovers\n|upkeep\n|turn|4\n|\n|t:|1770435975\n|switch|p2a: Clefable|Clefable, L87, F|307/307\n|move|p1b: Jumpluff|Acrobatics|p2a: Clefable\n|-damage|p2a: Clefable|210/307\n|-damage|p1b: Jumpluff|240/287|[from] item: Rocky Helmet|[of] p2a: Clefable\n|move|p1a: Registeel|Body Press|p2b: Dialga\n|-supereffective|p2b: Dialga\n|-damage|p2b: Dialga|6/270\n|-enditem|p2b: Dialga|Sitrus Berry|[eat]\n|-heal|p2b: Dialga|73/270|[from] item: Sitrus Berry\n|move|p2b: Dialga|Fire Blast|p1a: Registeel\n|-supereffective|p1a: Registeel\n|-damage|p1a: Registeel|0 fnt\n|faint|p1a: Registeel\n|\n|-sideend|p1: baseballlover|move: Tailwind\n|upkeep\n|\n|t:|1770435991\n|switch|p1a: Venusaur|Venusaur, L86, M|278/278\n|turn|5\n|\n|t:|1770436009\n|move|p1b: Jumpluff|Tailwind|p1b: Jumpluff\n|-sidestart|p1: baseballlover|move: Tailwind\n|move|p1a: Venusaur|Sludge Bomb|p2a: Clefable\n|-supereffective|p2a: Clefable\n|-damage|p2a: Clefable|0 fnt\n|faint|p2a: Clefable\n|-damage|p1a: Venusaur|251/278|[from] item: Life Orb\n|move|p2b: Dialga|Fire Blast|p1a: Venusaur\n|-supereffective|p1a: Venusaur\n|-damage|p1a: Venusaur|99/278\n|\n|upkeep\n|\n|t:|1770436014\n|switch|p2a: Hitmontop|Hitmontop, L88, M|118/231\n|-ability|p2a: Hitmontop|Intimidate|boost\n|-unboost|p1a: Venusaur|atk|1\n|-unboost|p1b: Jumpluff|atk|1\n|turn|6\n|\n|t:|1770436031\n|move|p1b: Jumpluff|Acrobatics|p2a: Hitmontop\n|-supereffective|p2a: Hitmontop\n|-damage|p2a: Hitmontop|28/231\n|move|p1a: Venusaur|Knock Off|p2b: Dialga\n|-damage|p2b: Dialga|39/270\n|-damage|p1a: Venusaur|72/278|[from] item: Life Orb\n|move|p2b: Dialga|Heavy Slam|p1b: Jumpluff\n|-damage|p1b: Jumpluff|120/287\n|move|p2a: Hitmontop|Triple Axel|p1b: Jumpluff\n|-supereffective|p1b: Jumpluff\n|-damage|p1b: Jumpluff|56/287\n|-supereffective|p1b: Jumpluff\n|-damage|p1b: Jumpluff|0 fnt\n|faint|p1b: Jumpluff\n|-hitcount|p1: Jumpluff|2\n|\n|upkeep\n|\n|t:|1770436044\n|switch|p1b: Urshifu|Urshifu, L75, F|274/274\n|turn|7\n|inactive|Silverback_Jack has 120 seconds left.\n|inactive|Silverback_Jack has 90 seconds left.\n|\n|t:|1770436123\n|switch|p2a: Grumpig|Grumpig, L91, F|293/293\n|move|p1b: Urshifu|Wicked Blow|p2b: Dialga\n|-crit|p2b: Dialga\n|-damage|p2b: Dialga|0 fnt\n|faint|p2b: Dialga\n|-damage|p1b: Urshifu|247/274|[from] item: Life Orb\n|move|p1a: Venusaur|Sludge Bomb|p2a: Grumpig\n|-damage|p2a: Grumpig|184/293\n|-damage|p1a: Venusaur|45/278|[from] item: Life Orb\n|\n|upkeep\n|\n|t:|1770436128\n|switch|p2b: Hitmontop|Hitmontop, L88, M|28/231\n|-ability|p2b: Hitmontop|Intimidate|boost\n|-unboost|p1a: Venusaur|atk|1\n|-unboost|p1b: Urshifu|atk|1\n|turn|8\n|inactive|baseballlover has 120 seconds left.\n|\n|t:|1770436160\n|move|p2b: Hitmontop|Fake Out|p1b: Urshifu\n|-damage|p1b: Urshifu|215/274\n|cant|p1b: Urshifu|flinch\n|move|p1a: Venusaur|Sludge Bomb|p2b: Hitmontop\n|-damage|p2b: Hitmontop|0 fnt\n|faint|p2b: Hitmontop\n|-damage|p1a: Venusaur|18/278|[from] item: Life Orb\n|move|p2a: Grumpig|Dazzling Gleam|p1b: Urshifu|[spread] p1a,p1b\n|-resisted|p1a: Venusaur\n|-supereffective|p1b: Urshifu\n|-damage|p1a: Venusaur|0 fnt\n|-damage|p1b: Urshifu|0 fnt\n|faint|p1a: Venusaur\n|faint|p1b: Urshifu\n|-damage|p2a: Grumpig|155/293|[from] item: Life Orb\n|\n|-sideend|p1: baseballlover|move: Tailwind\n|upkeep\n|\n|t:|1770436175\n|switch|p1b: Dachsbun|Dachsbun, L90, F|249/249\n|switch|p1a: Murkrow|Murkrow, L90, M|254/254\n|switch|p2b: Chien-Pao|Chien-Pao, L75|244/244\n|-ability|p2b: Chien-Pao|Sword of Ruin\n|turn|9\n|inactive|baseballlover has 120 seconds left.\n|\n|t:|1770436235\n|-terastallize|p1a: Murkrow|Steel\n|move|p2b: Chien-Pao|Protect|p2b: Chien-Pao\n|-singleturn|p2b: Chien-Pao|Protect\n|move|p1a: Murkrow|Tailwind|p1a: Murkrow\n|-sidestart|p1: baseballlover|move: Tailwind\n|move|p1b: Dachsbun|Body Press|p2b: Chien-Pao\n|-activate|p2b: Chien-Pao|move: Protect\n|move|p2a: Grumpig|Dazzling Gleam|p1a: Murkrow|[spread] p1a,p1b\n|-resisted|p1a: Murkrow\n|-damage|p1a: Murkrow|225/254\n|-damage|p1b: Dachsbun|191/249\n|-damage|p2a: Grumpig|126/293|[from] item: Life Orb\n|\n|upkeep\n|turn|10\n|\n|t:|1770436253\n|-terastallize|p2b: Chien-Pao|Fighting\n|move|p1b: Dachsbun|Body Press|p2b: Chien-Pao\n|-damage|p2b: Chien-Pao|147/244\n|move|p1a: Murkrow|Brave Bird|p2a: Grumpig\n|-damage|p2a: Grumpig|0 fnt\n|faint|p2a: Grumpig\n|-damage|p1a: Murkrow|183/254|[from] Recoil\n|move|p2b: Chien-Pao|Sacred Sword|p1a: Murkrow\n|-supereffective|p1a: Murkrow\n|-damage|p1a: Murkrow|0 fnt\n|faint|p1a: Murkrow\n|-damage|p2b: Chien-Pao|123/244|[from] item: Life Orb\n|\n|upkeep\n|\n|t:|1770436259\n|switch|p2a: Okidogi|Okidogi, L78, M|265/265\n|turn|11\n|\n|t:|1770436271\n|move|p1b: Dachsbun|Play Rough|p2b: Chien-Pao\n|-supereffective|p2b: Chien-Pao\n|-damage|p2b: Chien-Pao|0 fnt\n|faint|p2b: Chien-Pao\n|move|p2a: Okidogi|Gunk Shot|p1b: Dachsbun\n|-supereffective|p1b: Dachsbun\n|-crit|p1b: Dachsbun\n|-damage|p1b: Dachsbun|0 fnt\n|faint|p1b: Dachsbun\n|\n|win|Silverback_Jack\n|raw|baseballlover's rating: 1649 &rarr; <strong>1634</strong><br />(-15 for losing)\n|raw|Silverback_Jack's rating: 1738 &rarr; <strong>1753</strong><br />(+15 for winning)\n", "inputlog": ">version ccdc32dd7cde25fd9e4bed64820e885f66e78a4e\n>start {\"formatid\":\"gen9randomdoublesbattle\",\"seed\":\"sodium,dfaf4d08032cc6759606751c74282108\",\"rated\":\"Rated battle\"}\n>player p1 {\"name\":\"baseballlover\",\"avatar\":\"1\",\"rating\":1649,\"seed\":\"sodium,e7d9ebdd39e63aa48b46c1990b1c6a6e\"}\n>player p2 {\"name\":\"Silverback_Jack\",\"avatar\":\"alder\",\"rating\":1738,\"seed\":\"sodium,7de9ac28c2f0bd08e1cdfec51c168028\"}\n>p1 switch 4, move tailwind\n>p2 move protect, move fireblast +2\n>p1 move bodypress +1, move strengthsap +1\n>p2 switch 5, move fireblast +1\n>p1 move irondefense, move acrobatics +1\n>p2 move closecombat +1, move fireblast +1\n>p1 move bodypress +2, move acrobatics +1\n>p2 switch 4, move fireblast +1\n>p1 switch 4, pass\n>p1 move sludgebomb +1, move tailwind\n>p2 move lifedew, move fireblast +1\n>p2 switch 4, pass\n>p1 move knockoff +2, move acrobatics +1\n>p2 move tripleaxel +2, move heavyslam +2\n>p1 pass, switch 5\n>p1 move sludgebomb +1, move wickedblow +2\n>p2 switch 3, move fireblast +1\n>p2 pass, switch 3\n>p1 move sludgebomb +2, move wickedblow +1\n>p2 move dazzlinggleam, move fakeout +2\n>p1 switch 3, switch 6\n>p2 pass, switch 5\n>p1 move tailwind terastallize, move bodypress +2\n>p2 move dazzlinggleam, move protect\n>p1 move bravebird +1, move bodypress +2\n>p2 move psychic +2, move sacredsword +1 terastallize\n>p2 switch 6, pass\n>p1 pass, move playrough +2\n>p2 move gunkshot +2, move iciclecrash +2", "uploadtime": 1770436272, "views": 90, "formatid": "gen9randomdoublesbattle", "rating": 1634, "private": 0, "password": null}