{"id": "gen9randomdoublesbattle-2538132349", "format": "[Gen 9] Random Doubles Battle", "players": ["nomadel147", "heisenbergvk"], "log": "|j|☆nomadel147\n|j|☆heisenbergvk\n|t:|1770897392\n|gametype|doubles\n|player|p1|nomadel147|265|1729\n|player|p2|heisenbergvk|cynthia-gen4|1812\n|gen|9\n|tier|[Gen 9] Random Doubles Battle\n|rated|\n|rule|Species Clause: Limit one of each Pokémon\n|rule|HP Percentage Mod: HP is shown in percentages\n|rule|Illusion Level Mod: Illusion disguises the Pokémon's true level\n|rule|Sleep Clause Mod: Limit one foe put to sleep\n|\n|t:|1770897392\n|teamsize|p1|6\n|teamsize|p2|6\n|start\n|switch|p1a: Glaceon|Glaceon, L86, M|252/252\n|switch|p1b: Jumpluff|Jumpluff, L92, F|287/287\n|switch|p2a: Maushold|Maushold, L79|247/247\n|switch|p2b: Oricorio|Oricorio-Pom-Pom, L83, M|260/260\n|turn|1\n|inactive|Battle timer is ON: inactive players will automatically lose when time's up. (requested by heisenbergvk)\n|\n|t:|1770897429\n|-terastallize|p1b: Jumpluff|Steel\n|move|p1b: Jumpluff|Tailwind|p1b: Jumpluff\n|-sidestart|p1: nomadel147|move: Tailwind\n|move|p1a: Glaceon|Freeze-Dry|p2a: Maushold\n|-damage|p2a: Maushold|126/247\n|move|p2a: Maushold|Encore|p1b: Jumpluff\n|-start|p1b: Jumpluff|Encore\n|move|p2b: Oricorio|Tailwind|p2b: Oricorio\n|-sidestart|p2: heisenbergvk|move: Tailwind\n|\n|upkeep\n|turn|2\n|inactive|heisenbergvk has 120 seconds left.\n|\n|t:|1770897476\n|switch|p1a: Flutter Mane|Flutter Mane, L73|201/201\n|move|p1b: Jumpluff|Tailwind||[still]\n|-fail|p1b: Jumpluff\n|move|p2a: Maushold|Population Bomb|p1a: Flutter Mane\n|-immune|p1a: Flutter Mane\n|move|p2b: Oricorio|Hurricane|p1a: Flutter Mane\n|-damage|p1a: Flutter Mane|108/201\n|\n|upkeep\n|turn|3\n|inactive|heisenbergvk has 120 seconds left.\n|\n|t:|1770897504\n|switch|p1b: Maushold|Maushold, L79|247/247\n|switch|p2a: Toedscruel|Toedscruel, L87, M|281/281\n|move|p1a: Flutter Mane|Moonblast|p2a: Toedscruel\n|-damage|p2a: Toedscruel|175/281\n|-unboost|p2a: Toedscruel|spa|1\n|move|p2b: Oricorio|Hurricane|p1a: Flutter Mane|[miss]\n|-miss|p2b: Oricorio|p1a: Flutter Mane\n|\n|upkeep\n|turn|4\n|inactive|heisenbergvk has 120 seconds left.\n|\n|t:|1770897540\n|-end|p1a: Flutter Mane|Protosynthesis|[silent]\n|switch|p1a: Jumpluff|Jumpluff, L92, F, tera:Steel|287/287\n|move|p1b: Maushold|Population Bomb|p2a: Toedscruel\n|-damage|p2a: Toedscruel|150/281\n|-damage|p2a: Toedscruel|123/281\n|-enditem|p2a: Toedscruel|Sitrus Berry|[eat]\n|-heal|p2a: Toedscruel|193/281|[from] item: Sitrus Berry\n|-damage|p2a: Toedscruel|163/281\n|-damage|p2a: Toedscruel|136/281\n|-damage|p2a: Toedscruel|106/281\n|-damage|p2a: Toedscruel|81/281\n|-damage|p2a: Toedscruel|50/281\n|-damage|p2a: Toedscruel|23/281\n|-damage|p2a: Toedscruel|0 fnt\n|faint|p2a: Toedscruel\n|-hitcount|p2: Toedscruel|9\n|move|p2b: Oricorio|Hurricane|p1a: Jumpluff\n|-resisted|p1a: Jumpluff\n|-damage|p1a: Jumpluff|239/287\n|\n|-sideend|p1: nomadel147|move: Tailwind\n|-sideend|p2: heisenbergvk|move: Tailwind\n|upkeep\n|\n|t:|1770897547\n|switch|p2a: Camerupt|Camerupt, L88, M|266/266\n|turn|5\n|inactive|nomadel147 has 120 seconds left.\n|\n|t:|1770897590\n|move|p1a: Jumpluff|Tailwind|p1a: Jumpluff\n|-sidestart|p1: nomadel147|move: Tailwind\n|move|p1b: Maushold|Population Bomb|p2a: Camerupt\n|-damage|p2a: Camerupt|238/266\n|-damage|p2a: Camerupt|213/266\n|-damage|p2a: Camerupt|185/266\n|-damage|p2a: Camerupt|160/266\n|-damage|p2a: Camerupt|132/266\n|-enditem|p2a: Camerupt|Sitrus Berry|[eat]\n|-heal|p2a: Camerupt|198/266|[from] item: Sitrus Berry\n|-damage|p2a: Camerupt|173/266\n|-damage|p2a: Camerupt|146/266\n|-damage|p2a: Camerupt|118/266\n|-damage|p2a: Camerupt|93/266\n|-damage|p2a: Camerupt|63/266\n|-hitcount|p2a: Camerupt|10\n|move|p2b: Oricorio|Tailwind|p2b: Oricorio\n|-sidestart|p2: heisenbergvk|move: Tailwind\n|move|p2a: Camerupt|Heat Wave|p1b: Maushold|[spread] p1a,p1b\n|-supereffective|p1a: Jumpluff\n|-damage|p1a: Jumpluff|99/287\n|-damage|p1b: Maushold|151/247\n|\n|upkeep\n|turn|6\n|inactive|nomadel147 has 120 seconds left.\n|inactive|heisenbergvk has 120 seconds left.\n|\n|t:|1770897632\n|-terastallize|p2b: Oricorio|Ground\n|move|p1a: Jumpluff|Encore|p2b: Oricorio\n|-start|p2b: Oricorio|Encore\n|move|p1b: Maushold|Population Bomb|p2a: Camerupt\n|-damage|p2a: Camerupt|36/266\n|-damage|p2a: Camerupt|9/266\n|-damage|p2a: Camerupt|0 fnt\n|faint|p2a: Camerupt\n|-hitcount|p2: Camerupt|3\n|move|p2b: Oricorio|Tailwind||[still]\n|-fail|p2b: Oricorio\n|\n|upkeep\n|inactive|heisenbergvk has 120 seconds left.\n|\n|t:|1770897645\n|switch|p2a: Maushold|Maushold, L79|126/247\n|turn|7\n|inactive|nomadel147 has 120 seconds left.\n|\n|t:|1770897664\n|switch|p1b: Flutter Mane|Flutter Mane, L73|108/201\n|switch|p2b: Terrakion|Terrakion, L78|270/270\n|move|p1a: Jumpluff|Sleep Powder|p2a: Maushold|[miss]\n|-miss|p1a: Jumpluff|p2a: Maushold\n|move|p2a: Maushold|Population Bomb|p1a: Jumpluff\n|-resisted|p1a: Jumpluff\n|-damage|p1a: Jumpluff|87/287\n|-resisted|p1a: Jumpluff\n|-damage|p1a: Jumpluff|74/287\n|-resisted|p1a: Jumpluff\n|-damage|p1a: Jumpluff|62/287\n|-resisted|p1a: Jumpluff\n|-crit|p1a: Jumpluff\n|-damage|p1a: Jumpluff|43/287\n|-resisted|p1a: Jumpluff\n|-damage|p1a: Jumpluff|31/287\n|-resisted|p1a: Jumpluff\n|-damage|p1a: Jumpluff|19/287\n|-resisted|p1a: Jumpluff\n|-damage|p1a: Jumpluff|6/287\n|-resisted|p1a: Jumpluff\n|-damage|p1a: Jumpluff|0 fnt\n|faint|p1a: Jumpluff\n|-hitcount|p1: Jumpluff|8\n|\n|upkeep\n|inactive|nomadel147 has 90 seconds left.\n|\n|t:|1770897700\n|switch|p1a: Pachirisu|Pachirisu, L93, F|262/262\n|turn|8\n|\n|t:|1770897715\n|move|p1a: Pachirisu|Follow Me|p1a: Pachirisu\n|-singleturn|p1a: Pachirisu|move: Follow Me\n|move|p2a: Maushold|Follow Me|p2a: Maushold\n|-singleturn|p2a: Maushold|move: Follow Me\n|move|p1b: Flutter Mane|Dazzling Gleam|p2b: Terrakion|[spread] p2a,p2b\n|-supereffective|p2b: Terrakion\n|-damage|p2a: Maushold|18/247\n|-damage|p2b: Terrakion|58/270\n|move|p2b: Terrakion|Rock Slide|p1a: Pachirisu|[spread] p1a,p1b\n|-damage|p1a: Pachirisu|163/262\n|-damage|p1b: Flutter Mane|0 fnt\n|faint|p1b: Flutter Mane\n|-end|p1b: Flutter Mane|Protosynthesis|[silent]\n|-damage|p2b: Terrakion|31/270|[from] item: Life Orb\n|\n|-sideend|p2: heisenbergvk|move: Tailwind\n|-sideend|p1: nomadel147|move: Tailwind\n|upkeep\n|inactive|nomadel147 has 90 seconds left.\n|\n|t:|1770897733\n|switch|p1b: Veluza|Veluza, L88, F|302/302\n|turn|9\n|\n|t:|1770897742\n|move|p2a: Maushold|Follow Me|p2a: Maushold\n|-singleturn|p2a: Maushold|move: Follow Me\n|move|p1b: Veluza|Aqua Jet|p2a: Maushold\n|-damage|p2a: Maushold|0 fnt\n|faint|p2a: Maushold\n|move|p1a: Pachirisu|Thunderbolt|p2b: Terrakion\n|-damage|p2b: Terrakion|0 fnt\n|faint|p2b: Terrakion\n|\n|upkeep\n|\n|t:|1770897750\n|switch|p2a: Oricorio|Oricorio-Pom-Pom, L83, M, tera:Ground|260/260\n|switch|p2b: Regidrago|Regidrago, L74|418/418\n|turn|10\n|inactive|nomadel147 has 120 seconds left.\n|\n|t:|1770897769\n|move|p1b: Veluza|Aqua Jet|p2a: Oricorio\n|-supereffective|p2a: Oricorio\n|-damage|p2a: Oricorio|74/260\n|-enditem|p2a: Oricorio|Sitrus Berry|[eat]\n|-heal|p2a: Oricorio|139/260|[from] item: Sitrus Berry\n|move|p2b: Regidrago|Dragon Energy|p1b: Veluza|[spread] p1a,p1b\n|-damage|p1a: Pachirisu|43/262\n|-damage|p1b: Veluza|130/302\n|-enditem|p1a: Pachirisu|Sitrus Berry|[eat]\n|-heal|p1a: Pachirisu|108/262|[from] item: Sitrus Berry\n|move|p1a: Pachirisu|Nuzzle|p2b: Regidrago\n|-resisted|p2b: Regidrago\n|-crit|p2b: Regidrago\n|-damage|p2b: Regidrago|397/418\n|-status|p2b: Regidrago|par\n|move|p2a: Oricorio|Revelation Dance|p1b: Veluza\n|-damage|p1b: Veluza|9/302\n|\n|upkeep\n|turn|11\n|inactive|nomadel147 has 120 seconds left.\n|\n|t:|1770897796\n|move|p2a: Oricorio|Protect|p2a: Oricorio\n|-singleturn|p2a: Oricorio|Protect\n|move|p1b: Veluza|Aqua Jet|p2a: Oricorio\n|-activate|p2a: Oricorio|move: Protect\n|move|p1a: Pachirisu|Super Fang|p2b: Regidrago\n|-damage|p2b: Regidrago|199/418 par\n|move|p2b: Regidrago|Dragon Energy|p1b: Veluza|[spread] p1a,p1b\n|-damage|p1a: Pachirisu|47/262\n|-damage|p1b: Veluza|0 fnt\n|faint|p1b: Veluza\n|\n|upkeep\n|inactive|nomadel147 has 120 seconds left.\n|\n|t:|1770897810\n|switch|p1b: Maushold|Maushold, L79|151/247\n|turn|12\n|\n|t:|1770897836\n|move|p1a: Pachirisu|Super Fang|p2b: Regidrago\n|-damage|p2b: Regidrago|100/418 par\n|move|p1b: Maushold|Encore|p2a: Oricorio\n|-start|p2a: Oricorio|Encore\n|move|p2a: Oricorio|Protect||[still]\n|-fail|p2a: Oricorio\n|move|p2b: Regidrago|Dragon Energy|p1b: Maushold|[spread] p1a,p1b\n|-damage|p1a: Pachirisu|16/262\n|-damage|p1b: Maushold|111/247\n|\n|upkeep\n|turn|13\n|-message|heisenbergvk forfeited.\n|\n|win|nomadel147\n|raw|nomadel147's rating: 1729 &rarr; <strong>1754</strong><br />(+25 for winning)\n|raw|heisenbergvk's rating: 1812 &rarr; <strong>1787</strong><br />(-25 for losing)\n|l|☆heisenbergvk\n|player|p2|\n", "inputlog": ">version ccdc32dd7cde25fd9e4bed64820e885f66e78a4e\n>start {\"formatid\":\"gen9randomdoublesbattle\",\"seed\":\"sodium,f41bcdb31615fe73198ae26839acbd39\",\"rated\":\"Rated battle\"}\n>player p1 {\"name\":\"nomadel147\",\"avatar\":\"265\",\"rating\":1729,\"seed\":\"sodium,ecf642f555085c88446a80cb577f5c7a\"}\n>player p2 {\"name\":\"heisenbergvk\",\"avatar\":\"cynthia-gen4\",\"rating\":1812,\"seed\":\"sodium,16aa833304a0a3b8488e719c4ffb0d70\"}\n>p1 move freezedry +1, move tailwind terastallize\n>p2 move encore +2, move tailwind\n>p1 switch 3, move tailwind\n>p2 move populationbomb +1, move hurricane +1\n>p1 move moonblast +1, switch 6\n>p2 switch 5, move hurricane +1\n>p1 switch 6, move populationbomb +1\n>p2 move spore +1, move hurricane +1\n>p2 switch 4, pass\n>p1 move tailwind, move populationbomb +1\n>p2 move heatwave, move tailwind\n>p1 move encore +2, move populationbomb +1\n>p2 move heatwave, move revelationdance +1 terastallize\n>p2 switch 5, pass\n>p1 move sleeppowder +1, switch 6\n>p2 move populationbomb +1, switch 3\n>p1 switch 5, pass\n>p1 move followme, move dazzlinggleam\n>p2 move followme, move rockslide\n>p1 pass, switch 4\n>p1 move thunderbolt +2, move aquajet +1\n>p2 move followme, move rockslide\n>p2 switch 3, switch 6\n>p1 move nuzzle +2, move aquajet +1\n>p2 move revelationdance +2, move dragonenergy\n>p1 move superfang +2, move aquajet +1\n>p2 move protect, move dragonenergy\n>p1 pass, switch 6\n>p1 move superfang +2, move encore +1\n>p2 move revelationdance +2, move dragonenergy\n>forcelose p2", "uploadtime": 1770897857, "views": 67, "formatid": "gen9randomdoublesbattle", "rating": 1754, "private": 0, "password": null}