{"id": "gen9randomdoublesbattle-2537437325", "format": "[Gen 9] Random Doubles Battle", "players": ["kalsonofjor", "ProbablyKodi"], "log": "|j|☆kalsonofjor\n|j|☆ProbablyKodi\n|t:|1770815025\n|gametype|doubles\n|player|p1|kalsonofjor|266|1805\n|player|p2|ProbablyKodi|punkgirl-gen7|1680\n|gen|9\n|tier|[Gen 9] Random Doubles Battle\n|rated|\n|rule|Species Clause: Limit one of each Pokémon\n|rule|HP Percentage Mod: HP is shown in percentages\n|rule|Illusion Level Mod: Illusion disguises the Pokémon's true level\n|rule|Sleep Clause Mod: Limit one foe put to sleep\n|\n|t:|1770815025\n|teamsize|p1|6\n|teamsize|p2|6\n|start\n|switch|p1a: Malamar|Malamar, L80, F|269/269\n|switch|p1b: Swalot|Swalot, L90, M|326/326\n|switch|p2a: Whiscash|Whiscash, L88, M|337/337\n|switch|p2b: Iron Jugulis|Iron Jugulis, L79|278/278\n|turn|1\n|\n|t:|1770815078\n|move|p1a: Malamar|Protect|p1a: Malamar\n|-singleturn|p1a: Malamar|Protect\n|move|p2b: Iron Jugulis|Hurricane|p1a: Malamar\n|-activate|p1a: Malamar|move: Protect\n|move|p2a: Whiscash|High Horsepower|p1a: Malamar\n|-activate|p1a: Malamar|move: Protect\n|move|p1b: Swalot|Toxic Spikes|p2a: Whiscash\n|-sidestart|p2: ProbablyKodi|move: Toxic Spikes\n|\n|upkeep\n|turn|2\n|inactive|Battle timer is ON: inactive players will automatically lose when time's up. (requested by ProbablyKodi)\n|inactive|kalsonofjor has 120 seconds left.\n|\n|t:|1770815118\n|switch|p1a: Gholdengo|Gholdengo, L78|264/264\n|move|p2b: Iron Jugulis|Hurricane|p1a: Gholdengo|[miss]\n|-miss|p2b: Iron Jugulis|p1a: Gholdengo\n|move|p2a: Whiscash|High Horsepower|p1a: Gholdengo\n|-supereffective|p1a: Gholdengo\n|-damage|p1a: Gholdengo|82/264\n|move|p1b: Swalot|Knock Off|p2a: Whiscash\n|-damage|p2a: Whiscash|265/337\n|-enditem|p2a: Whiscash|Sitrus Berry|[from] move: Knock Off|[of] p1b: Swalot\n|\n|upkeep\n|turn|3\n|inactive|ProbablyKodi has 120 seconds left.\n|inactive|kalsonofjor has 120 seconds left.\n|\n|t:|1770815166\n|switch|p1a: Goodra|Goodra, L86, M|295/295\n|move|p2b: Iron Jugulis|Earth Power|p1b: Swalot\n|-supereffective|p1b: Swalot\n|-damage|p1b: Swalot|147/326\n|-enditem|p1b: Swalot|Wiki Berry|[eat]\n|-heal|p1b: Swalot|255/326|[from] item: Wiki Berry\n|-damage|p2b: Iron Jugulis|251/278|[from] item: Life Orb\n|move|p2a: Whiscash|Muddy Water|p1b: Swalot|[spread] p1a,p1b\n|-resisted|p1a: Goodra\n|-damage|p1a: Goodra|282/295\n|-damage|p1b: Swalot|189/326\n|move|p1b: Swalot|Gunk Shot|p2b: Iron Jugulis\n|-damage|p2b: Iron Jugulis|130/278\n|\n|upkeep\n|turn|4\n|inactive|ProbablyKodi has 120 seconds left.\n|inactive|kalsonofjor has 120 seconds left.\n|\n|t:|1770815196\n|move|p2b: Iron Jugulis|Dark Pulse|p1a: Goodra\n|-damage|p1a: Goodra|234/295\n|-damage|p2b: Iron Jugulis|103/278|[from] item: Life Orb\n|cant|p1a: Goodra|flinch\n|move|p2a: Whiscash|High Horsepower|p1b: Swalot\n|-supereffective|p1b: Swalot\n|-damage|p1b: Swalot|1/326\n|move|p1b: Swalot|Gunk Shot|p2b: Iron Jugulis\n|-damage|p2b: Iron Jugulis|0 fnt\n|faint|p2b: Iron Jugulis\n|-end|p2b: Iron Jugulis|Quark Drive|[silent]\n|\n|upkeep\n|\n|t:|1770815221\n|switch|p2b: Bombirdier|Bombirdier, L84, M|255/255\n|turn|5\n|\n|t:|1770815243\n|switch|p1a: Gholdengo|Gholdengo, L78|82/264\n|move|p2b: Bombirdier|Rock Slide|p1b: Swalot|[spread] p1a\n|-miss|p2b: Bombirdier|p1b: Swalot\n|-resisted|p1a: Gholdengo\n|-damage|p1a: Gholdengo|42/264\n|-damage|p2b: Bombirdier|230/255|[from] item: Life Orb\n|move|p2a: Whiscash|High Horsepower|p1a: Gholdengo\n|-supereffective|p1a: Gholdengo\n|-damage|p1a: Gholdengo|0 fnt\n|faint|p1a: Gholdengo\n|move|p1b: Swalot|Knock Off|p2b: Bombirdier\n|-resisted|p2b: Bombirdier\n|-damage|p2b: Bombirdier|196/255\n|-enditem|p2b: Bombirdier|Life Orb|[from] move: Knock Off|[of] p1b: Swalot\n|\n|upkeep\n|inactive|kalsonofjor has 120 seconds left.\n|\n|t:|1770815263\n|switch|p1a: Salamence|Salamence, L80, M|283/283\n|-ability|p1a: Salamence|Intimidate|boost\n|-fail|p2a: Whiscash|unboost|Attack|[from] ability: Oblivious|[of] p2a: Whiscash\n|-unboost|p2b: Bombirdier|atk|1\n|turn|6\n|\n|t:|1770815279\n|move|p2a: Whiscash|Helping Hand|p2b: Bombirdier\n|-singleturn|p2b: Bombirdier|Helping Hand|[of] p2a: Whiscash\n|move|p1a: Salamence|Protect|p1a: Salamence\n|-singleturn|p1a: Salamence|Protect\n|move|p2b: Bombirdier|Rock Slide|p1b: Swalot|[spread] p1b\n|-activate|p1a: Salamence|move: Protect\n|-damage|p1b: Swalot|0 fnt\n|faint|p1b: Swalot\n|\n|upkeep\n|\n|t:|1770815291\n|switch|p1b: Goodra|Goodra, L86, M|234/295\n|turn|7\n|\n|t:|1770815304\n|move|p2a: Whiscash|Helping Hand|p2b: Bombirdier\n|-singleturn|p2b: Bombirdier|Helping Hand|[of] p2a: Whiscash\n|move|p1a: Salamence|Draco Meteor|p2b: Bombirdier\n|-damage|p2b: Bombirdier|15/255\n|-unboost|p1a: Salamence|spa|2\n|-damage|p1a: Salamence|255/283|[from] item: Life Orb\n|move|p1b: Goodra|Thunderbolt|p2b: Bombirdier\n|-supereffective|p2b: Bombirdier\n|-damage|p2b: Bombirdier|0 fnt\n|faint|p2b: Bombirdier\n|\n|upkeep\n|\n|t:|1770815330\n|switch|p2b: Bastiodon|Bastiodon, L89, F|252/252\n|turn|8\n|\n|t:|1770815348\n|switch|p1a: Malamar|Malamar, L80, F|269/269\n|move|p1b: Goodra|Power Whip|p2a: Whiscash\n|-supereffective|p2a: Whiscash\n|-damage|p2a: Whiscash|0 fnt\n|faint|p2a: Whiscash\n|move|p2b: Bastiodon|Iron Defense|p2b: Bastiodon\n|-boost|p2b: Bastiodon|def|2\n|\n|upkeep\n|\n|t:|1770815357\n|switch|p2a: Gholdengo|Gholdengo, L78|264/264\n|turn|9\n|inactive|kalsonofjor has 120 seconds left.\n|\n|t:|1770815389\n|-terastallize|p2b: Bastiodon|Fighting\n|move|p2a: Gholdengo|Shadow Ball|p1a: Malamar\n|-damage|p1a: Malamar|148/269\n|-boost|p1a: Malamar|spd|1\n|move|p1b: Goodra|Fire Blast|p2a: Gholdengo\n|-supereffective|p2a: Gholdengo\n|-damage|p2a: Gholdengo|68/264\n|move|p1a: Malamar|Superpower|p2b: Bastiodon\n|-damage|p2b: Bastiodon|230/252\n|-boost|p1a: Malamar|atk|1\n|-boost|p1a: Malamar|def|1\n|move|p2b: Bastiodon|Body Press|p1a: Malamar\n|-damage|p1a: Malamar|0 fnt\n|faint|p1a: Malamar\n|\n|-heal|p2b: Bastiodon|245/252|[from] item: Leftovers\n|upkeep\n|inactive|kalsonofjor has 120 seconds left.\n|\n|t:|1770815407\n|switch|p1a: Scyther|Scyther, L80, F|243/243\n|turn|10\n|inactive|kalsonofjor has 120 seconds left.\n|inactive|ProbablyKodi has 120 seconds left.\n|\n|t:|1770815442\n|move|p2a: Gholdengo|Shadow Ball|p1a: Scyther\n|-damage|p1a: Scyther|170/243\n|move|p1a: Scyther|Dual Wingbeat|p2b: Bastiodon\n|-supereffective|p2b: Bastiodon\n|-damage|p2b: Bastiodon|207/252\n|-supereffective|p2b: Bastiodon\n|-damage|p2b: Bastiodon|171/252\n|-hitcount|p2b: Bastiodon|2\n|move|p1b: Goodra|Fire Blast|p2a: Gholdengo\n|-supereffective|p2a: Gholdengo\n|-damage|p2a: Gholdengo|0 fnt\n|faint|p2a: Gholdengo\n|move|p2b: Bastiodon|Foul Play|p1a: Scyther\n|-damage|p1a: Scyther|112/243\n|\n|-heal|p2b: Bastiodon|186/252|[from] item: Leftovers\n|upkeep\n|\n|t:|1770815457\n|switch|p2a: Dipplin|Dipplin, L92, M|297/297\n|-status|p2a: Dipplin|psn\n|turn|11\n|\n|t:|1770815471\n|move|p1a: Scyther|Bug Bite|p2a: Dipplin\n|-supereffective|p2a: Dipplin\n|-damage|p2a: Dipplin|199/297 psn\n|move|p1b: Goodra|Draco Meteor|p2a: Dipplin\n|-supereffective|p2a: Dipplin\n|-damage|p2a: Dipplin|0 fnt\n|-unboost|p1b: Goodra|spa|2\n|faint|p2a: Dipplin\n|move|p2b: Bastiodon|Body Press|p1b: Goodra\n|-damage|p1b: Goodra|0 fnt\n|faint|p1b: Goodra\n|\n|-heal|p2b: Bastiodon|201/252|[from] item: Leftovers\n|upkeep\n|\n|t:|1770815478\n|switch|p1b: Salamence|Salamence, L80, M|255/283\n|-ability|p1b: Salamence|Intimidate|boost\n|-unboost|p2b: Bastiodon|atk|1\n|turn|12\n|\n|t:|1770815498\n|move|p1a: Scyther|Dual Wingbeat|p2b: Bastiodon\n|-supereffective|p2b: Bastiodon\n|-crit|p2b: Bastiodon\n|-damage|p2b: Bastiodon|99/252\n|-supereffective|p2b: Bastiodon\n|-damage|p2b: Bastiodon|57/252\n|-hitcount|p2b: Bastiodon|2\n|move|p1b: Salamence|Dual Wingbeat|p2b: Bastiodon\n|-supereffective|p2b: Bastiodon\n|-damage|p2b: Bastiodon|18/252\n|-supereffective|p2b: Bastiodon\n|-damage|p2b: Bastiodon|0 fnt\n|faint|p2b: Bastiodon\n|-hitcount|p2: Bastiodon|2\n|-damage|p1b: Salamence|227/283|[from] item: Life Orb\n|\n|win|kalsonofjor\n|raw|kalsonofjor's rating: 1805 &rarr; <strong>1818</strong><br />(+13 for winning)\n|raw|ProbablyKodi's rating: 1680 &rarr; <strong>1667</strong><br />(-13 for losing)\n", "inputlog": ">version ccdc32dd7cde25fd9e4bed64820e885f66e78a4e\n>start {\"formatid\":\"gen9randomdoublesbattle\",\"seed\":\"sodium,634cd2d29ba04dcc3c271f567ba5e03e\",\"rated\":\"Rated battle\"}\n>player p1 {\"name\":\"kalsonofjor\",\"avatar\":\"266\",\"rating\":1805,\"seed\":\"sodium,af4e11a83210c52c5f2483aa1340d638\"}\n>player p2 {\"name\":\"ProbablyKodi\",\"avatar\":\"punkgirl-gen7\",\"rating\":1680,\"seed\":\"sodium,6cf6579e6c0f6b49fcb00c4aaf2b88e6\"}\n>p1 move protect, move toxicspikes\n>p2 move highhorsepower +1, move hurricane +1\n>p1 switch 5, move knockoff +1\n>p2 move highhorsepower +1, move hurricane +1\n>p1 switch 6, move gunkshot +2\n>p2 move muddywater, move earthpower +2\n>p1 move powerwhip +1, move gunkshot +2\n>p2 move highhorsepower +2, move darkpulse +1\n>p2 pass, switch 4\n>p1 switch 6, move knockoff +2\n>p2 move highhorsepower +1, move rockslide\n>p1 switch 4, pass\n>p1 move protect, move gunkshot +2\n>p2 move helpinghand -2, move rockslide\n>p1 pass, switch 6\n>p1 move dracometeor +2, move thunderbolt +2\n>p2 move helpinghand -2, move rockslide\n>p2 pass, switch 6\n>p1 switch 5, move powerwhip +1\n>p2 move muddywater, move irondefense\n>p2 switch 3, pass\n>p1 move superpower +2, move fireblast +1\n>p2 move shadowball +1, move bodypress +1 terastallize\n>p1 switch 3, pass\n>p1 move dualwingbeat +2, move fireblast +1\n>p2 move shadowball +1, move foulplay +1\n>p2 switch 5, pass\n>p1 move bugbite +1, move dracometeor +1\n>p2 move dragonpulse +2, move bodypress +2\n>p1 pass, switch 5\n>p1 move dualwingbeat +2, move dualwingbeat +2\n>p2 pass, move irondefense", "uploadtime": 1770815507, "views": 58, "formatid": "gen9randomdoublesbattle", "rating": 1667, "private": 0, "password": null}