{"id": "gen9randomdoublesbattle-2536973423", "format": "[Gen 9] Random Doubles Battle", "players": ["Bondguy", "caoscontrol"], "log": "|j|☆Bondguy\n|j|☆caoscontrol\n|t:|1770753162\n|gametype|doubles\n|player|p1|Bondguy|265|1739\n|player|p2|caoscontrol|102|1719\n|gen|9\n|tier|[Gen 9] Random Doubles Battle\n|rated|\n|rule|Species Clause: Limit one of each Pokémon\n|rule|HP Percentage Mod: HP is shown in percentages\n|rule|Illusion Level Mod: Illusion disguises the Pokémon's true level\n|rule|Sleep Clause Mod: Limit one foe put to sleep\n|\n|t:|1770753162\n|teamsize|p1|6\n|teamsize|p2|6\n|start\n|switch|p1a: Excadrill|Excadrill, L82, F|315/315\n|switch|p1b: Glaceon|Glaceon, L86, M|252/252\n|switch|p2a: Gallade|Gallade, L80, M|240/240\n|switch|p2b: Tropius|Tropius, L94, F|339/339\n|-ability|p1a: Excadrill|Mold Breaker\n|turn|1\n|inactive|Battle timer is ON: inactive players will automatically lose when time's up. (requested by Bondguy)\n|inactive|Bondguy has 120 seconds left.\n|inactive|caoscontrol has 120 seconds left.\n|\n|t:|1770753199\n|switch|p1a: Gallade|Gallade, L80, M|240/240\n|-terastallize|p1b: Glaceon|Ground\n|-terastallize|p2b: Tropius|Steel\n|move|p2a: Gallade|Sacred Sword|p1b: Glaceon\n|-damage|p1b: Glaceon|83/252\n|-damage|p2a: Gallade|216/240|[from] item: Life Orb\n|move|p1b: Glaceon|Blizzard|p2b: Tropius|[spread] p2a\n|-miss|p1b: Glaceon|p2b: Tropius\n|-enditem|p1b: Glaceon|Blunder Policy\n|-boost|p1b: Glaceon|spe|2\n|-damage|p2a: Gallade|114/240\n|move|p2b: Tropius|Tailwind|p2b: Tropius\n|-sidestart|p2: caoscontrol|move: Tailwind\n|\n|upkeep\n|turn|2\n|\n|t:|1770753227\n|move|p2a: Gallade|Leaf Blade|p1b: Glaceon\n|-supereffective|p1b: Glaceon\n|-damage|p1b: Glaceon|0 fnt\n|faint|p1b: Glaceon\n|-damage|p2a: Gallade|90/240|[from] item: Life Orb\n|move|p2b: Tropius|Hurricane|p1a: Gallade|[miss]\n|-miss|p2b: Tropius|p1a: Gallade\n|move|p1a: Gallade|Sacred Sword|p2b: Tropius\n|-supereffective|p2b: Tropius\n|-damage|p2b: Tropius|25/339\n|-enditem|p2b: Tropius|Sitrus Berry|[eat]\n|-heal|p2b: Tropius|109/339|[from] item: Sitrus Berry\n|\n|upkeep\n|\n|t:|1770753235\n|switch|p1b: Entei|Entei, L77|304/304\n|turn|3\n|\n|t:|1770753251\n|switch|p2a: Probopass|Probopass, L90, M|254/254\n|move|p1b: Entei|Extreme Speed|p2a: Probopass\n|-resisted|p2a: Probopass\n|-damage|p2a: Probopass|241/254\n|move|p2b: Tropius|Hurricane|p1a: Gallade|[miss]\n|-miss|p2b: Tropius|p1a: Gallade\n|move|p1a: Gallade|Sacred Sword|p2b: Tropius\n|-supereffective|p2b: Tropius\n|-damage|p2b: Tropius|0 fnt\n|faint|p2b: Tropius\n|\n|-heal|p2a: Probopass|254/254|[from] item: Leftovers\n|upkeep\n|\n|t:|1770753261\n|switch|p2b: Swanna|Swanna, L87, M|272/272\n|turn|4\n|\n|t:|1770753269\n|move|p1b: Entei|Extreme Speed|p2b: Swanna\n|-damage|p2b: Swanna|170/272\n|move|p2b: Swanna|Brave Bird|p1a: Gallade\n|-supereffective|p1a: Gallade\n|-damage|p1a: Gallade|0 fnt\n|faint|p1a: Gallade\n|-damage|p2b: Swanna|91/272|[from] Recoil\n|-enditem|p2b: Swanna|Sitrus Berry|[eat]\n|-heal|p2b: Swanna|159/272|[from] item: Sitrus Berry\n|move|p2a: Probopass|Iron Defense|p2a: Probopass\n|-boost|p2a: Probopass|def|2\n|\n|-sideend|p2: caoscontrol|move: Tailwind\n|upkeep\n|\n|t:|1770753280\n|switch|p1a: Excadrill|Excadrill, L82, F|315/315\n|-ability|p1a: Excadrill|Mold Breaker\n|turn|5\n|\n|t:|1770753291\n|move|p1b: Entei|Extreme Speed|p2b: Swanna\n|-damage|p2b: Swanna|57/272\n|move|p2b: Swanna|Tailwind|p2b: Swanna\n|-sidestart|p2: caoscontrol|move: Tailwind\n|move|p2a: Probopass|Body Press|p1a: Excadrill\n|-supereffective|p1a: Excadrill\n|-damage|p1a: Excadrill|0 fnt\n|faint|p1a: Excadrill\n|\n|upkeep\n|\n|t:|1770753304\n|switch|p1a: Gliscor|Gliscor, L81, F|254/254\n|turn|6\n|\n|t:|1770753319\n|move|p2b: Swanna|Protect|p2b: Swanna\n|-singleturn|p2b: Swanna|Protect\n|move|p1b: Entei|Extreme Speed|p2b: Swanna\n|-activate|p2b: Swanna|move: Protect\n|move|p2a: Probopass|Body Press|p1b: Entei\n|-crit|p1b: Entei\n|-damage|p1b: Entei|0 fnt\n|faint|p1b: Entei\n|move|p1a: Gliscor|High Horsepower|p2a: Probopass\n|-supereffective|p2a: Probopass\n|-damage|p2a: Probopass|142/254\n|\n|-heal|p2a: Probopass|157/254|[from] item: Leftovers\n|-status|p1a: Gliscor|tox|[from] item: Toxic Orb\n|upkeep\n|inactive|Bondguy has 120 seconds left.\n|inactive|Bondguy has 90 seconds left.\n|inactive|Bondguy has 60 seconds left.\n|inactive|Bondguy has 30 seconds left.\n|inactive|Bondguy has 20 seconds left.\n|inactive|Bondguy has 15 seconds left.\n|inactive|Bondguy has 10 seconds left.\n|inactive|Bondguy has 5 seconds left.\n|-message|Bondguy lost due to inactivity.\n|\n|win|caoscontrol\n|raw|Bondguy's rating: 1739 &rarr; <strong>1718</strong><br />(-21 for losing)\n|raw|caoscontrol's rating: 1719 &rarr; <strong>1740</strong><br />(+21 for winning)\n", "inputlog": ">version ccdc32dd7cde25fd9e4bed64820e885f66e78a4e\n>start {\"formatid\":\"gen9randomdoublesbattle\",\"seed\":\"sodium,2c31aba742ff925f79dba6ef66f5d158\",\"rated\":\"Rated battle\"}\n>player p1 {\"name\":\"Bondguy\",\"avatar\":\"265\",\"rating\":1739,\"seed\":\"sodium,96b2464e1303036bdbdf576adfb53cf7\"}\n>player p2 {\"name\":\"caoscontrol\",\"avatar\":\"102\",\"rating\":1719,\"seed\":\"sodium,ed0d892ede5fe3f985cc297a535ce755\"}\n>p1 switch 6, move blizzard terastallize\n>p2 move sacredsword +2, move tailwind terastallize\n>p1 move sacredsword +2, move blizzard\n>p2 move leafblade +2, move hurricane +1\n>p1 pass, switch 4\n>p1 move sacredsword +2, move extremespeed +1\n>p2 switch 3, move hurricane +1\n>p2 pass, switch 4\n>p1 move sacredsword +1, move extremespeed +2\n>p2 move irondefense, move bravebird +1\n>p1 switch 6, pass\n>p1 move highhorsepower +1, move extremespeed +2\n>p2 move bodypress +1, move tailwind\n>p1 switch 3, pass\n>p1 move highhorsepower +1, move extremespeed +2\n>p2 move bodypress +2, move protect\n>forcelose p1", "uploadtime": 1770753612, "views": 67, "formatid": "gen9randomdoublesbattle", "rating": 1718, "private": 0, "password": null}