{"id": "gen9randomdoublesbattle-2539635200", "format": "[Gen 9] Random Doubles Battle", "players": ["Spamfrick", "Taxxed_Nerd"], "log": "|j|☆Spamfrick\n|j|☆Taxxed_Nerd\n|t:|1771090421\n|gametype|doubles\n|player|p1|Spamfrick|n|1592\n|player|p2|Taxxed_Nerd|collector|1495\n|gen|9\n|tier|[Gen 9] Random Doubles Battle\n|rated|\n|rule|Species Clause: Limit one of each Pokémon\n|rule|HP Percentage Mod: HP is shown in percentages\n|rule|Illusion Level Mod: Illusion disguises the Pokémon's true level\n|rule|Sleep Clause Mod: Limit one foe put to sleep\n|\n|t:|1771090421\n|teamsize|p1|6\n|teamsize|p2|6\n|start\n|switch|p1a: Slowking|Slowking-Galar, L86, F|304/304\n|switch|p1b: Enamorus|Enamorus, L79, F|247/247\n|switch|p2a: Orthworm|Orthworm, L88, M|266/266\n|switch|p2b: Hitmontop|Hitmontop, L88, M|231/231\n|-ability|p2b: Hitmontop|Intimidate|boost\n|-unboost|p1a: Slowking|atk|1\n|-boost|p1b: Enamorus|atk|1\n|turn|1\n|inactive|Battle timer is ON: inactive players will automatically lose when time's up. (requested by Spamfrick)\n|\n|t:|1771090442\n|move|p2b: Hitmontop|Fake Out|p1b: Enamorus\n|-damage|p1b: Enamorus|208/247\n|cant|p1b: Enamorus|flinch\n|move|p2a: Orthworm|Heavy Slam|p1b: Enamorus\n|-supereffective|p1b: Enamorus\n|-damage|p1b: Enamorus|0 fnt\n|faint|p1b: Enamorus\n|move|p1a: Slowking|Fire Blast|p2a: Orthworm\n|-supereffective|p2a: Orthworm\n|-damage|p2a: Orthworm|0 fnt\n|faint|p2a: Orthworm\n|-damage|p1a: Slowking|274/304|[from] item: Life Orb\n|\n|upkeep\n|\n|t:|1771090462\n|switch|p1b: Registeel|Registeel, L78|253/253\n|switch|p2a: Swampert|Swampert, L82, M|298/298\n|turn|2\n|\n|t:|1771090484\n|switch|p1b: Rayquaza|Rayquaza, L75|281/281\n|-ability|p1b: Rayquaza|Air Lock\n|move|p2b: Hitmontop|Close Combat|p1b: Rayquaza\n|-resisted|p1b: Rayquaza\n|-damage|p1b: Rayquaza|205/281\n|-unboost|p2b: Hitmontop|def|1\n|-unboost|p2b: Hitmontop|spd|1\n|move|p2a: Swampert|Knock Off|p1a: Slowking\n|-supereffective|p1a: Slowking\n|-damage|p1a: Slowking|136/304\n|-enditem|p1a: Slowking|Life Orb|[from] move: Knock Off|[of] p2a: Swampert\n|move|p1a: Slowking|Trick Room|p1a: Slowking\n|-fieldstart|move: Trick Room|[of] p1a: Slowking\n|\n|upkeep\n|turn|3\n|\n|t:|1771090511\n|switch|p1b: Registeel|Registeel, L78|253/253\n|-terastallize|p2b: Hitmontop|Steel\n|move|p1a: Slowking|Psychic|p2b: Hitmontop\n|-resisted|p2b: Hitmontop\n|-damage|p2b: Hitmontop|168/231\n|move|p2a: Swampert|High Horsepower|p1a: Slowking\n|-supereffective|p1a: Slowking\n|-damage|p1a: Slowking|0 fnt\n|faint|p1a: Slowking\n|move|p2b: Hitmontop|Triple Axel|p1b: Registeel\n|-resisted|p1b: Registeel\n|-damage|p1b: Registeel|247/253\n|-resisted|p1b: Registeel\n|-damage|p1b: Registeel|236/253\n|-resisted|p1b: Registeel\n|-damage|p1b: Registeel|220/253\n|-hitcount|p1b: Registeel|3\n|\n|-heal|p1b: Registeel|235/253|[from] item: Leftovers\n|upkeep\n|\n|t:|1771090523\n|switch|p1a: Flareon|Flareon, L90, F|263/263\n|turn|4\n|\n|t:|1771090532\n|switch|p2b: Sudowoodo|Sudowoodo, L94, M|284/284\n|move|p1a: Flareon|Protect|p1a: Flareon\n|-singleturn|p1a: Flareon|Protect\n|move|p1b: Registeel|Iron Defense|p1b: Registeel\n|-boost|p1b: Registeel|def|2\n|move|p2a: Swampert|Muddy Water|p1b: Registeel|[spread] p1b\n|-activate|p1a: Flareon|move: Protect\n|-damage|p1b: Registeel|189/253\n|\n|-heal|p1b: Registeel|204/253|[from] item: Leftovers\n|-status|p1a: Flareon|tox|[from] item: Toxic Orb\n|upkeep\n|turn|5\n|\n|t:|1771090557\n|-terastallize|p1a: Flareon|Normal\n|move|p2b: Sudowoodo|Head Smash|p1a: Flareon\n|-damage|p1a: Flareon|0 fnt\n|faint|p1a: Flareon\n|-damage|p2b: Sudowoodo|256/284|[from] item: Life Orb\n|move|p1b: Registeel|Body Press|p2b: Sudowoodo\n|-supereffective|p2b: Sudowoodo\n|-damage|p2b: Sudowoodo|58/284\n|move|p2a: Swampert|Muddy Water|p1b: Registeel\n|-damage|p1b: Registeel|147/253\n|\n|-heal|p1b: Registeel|162/253|[from] item: Leftovers\n|upkeep\n|\n|t:|1771090566\n|switch|p1a: Hydreigon|Hydreigon, L82, M|285/285\n|turn|6\n|\n|t:|1771090577\n|switch|p2b: Hitmontop|Hitmontop, L88, M, tera:Steel|168/231\n|-ability|p2b: Hitmontop|Intimidate|boost\n|-unboost|p1a: Hydreigon|atk|1\n|-fail|p1b: Registeel|unboost|[from] ability: Clear Body|[of] p1b: Registeel\n|move|p1a: Hydreigon|Protect|p1a: Hydreigon\n|-singleturn|p1a: Hydreigon|Protect\n|move|p1b: Registeel|Iron Defense|p1b: Registeel\n|-boost|p1b: Registeel|def|2\n|move|p2a: Swampert|Icy Wind|p1b: Registeel|[spread] p1b\n|-activate|p1a: Hydreigon|move: Protect\n|-resisted|p1b: Registeel\n|-damage|p1b: Registeel|154/253\n|\n|-heal|p1b: Registeel|169/253|[from] item: Leftovers\n|-fieldend|move: Trick Room\n|upkeep\n|turn|7\n|\n|t:|1771090595\n|move|p2b: Hitmontop|Fake Out|p1b: Registeel\n|-resisted|p1b: Registeel\n|-damage|p1b: Registeel|166/253\n|move|p1a: Hydreigon|Heat Wave|p2b: Hitmontop|[spread] p2a,p2b\n|-resisted|p2a: Swampert\n|-supereffective|p2b: Hitmontop\n|-damage|p2a: Swampert|275/298\n|-damage|p2b: Hitmontop|43/231\n|-status|p2a: Swampert|brn\n|-enditem|p2b: Hitmontop|Sitrus Berry|[eat]\n|-heal|p2b: Hitmontop|100/231|[from] item: Sitrus Berry\n|-damage|p1a: Hydreigon|257/285|[from] item: Life Orb\n|move|p2a: Swampert|Icy Wind|p1b: Registeel|[spread] p1a,p1b\n|-supereffective|p1a: Hydreigon\n|-resisted|p1b: Registeel\n|-damage|p1a: Hydreigon|205/285\n|-damage|p1b: Registeel|158/253\n|-unboost|p1a: Hydreigon|spe|1\n|cant|p1b: Registeel|flinch\n|\n|-heal|p1b: Registeel|173/253|[from] item: Leftovers\n|-damage|p2a: Swampert|257/298 brn|[from] brn\n|upkeep\n|turn|8\n|\n|t:|1771090621\n|switch|p1a: Rayquaza|Rayquaza, L75|205/281\n|-ability|p1a: Rayquaza|Air Lock\n|move|p2b: Hitmontop|Triple Axel|p1a: Rayquaza\n|-supereffective|p1a: Rayquaza\n|-damage|p1a: Rayquaza|137/281\n|-supereffective|p1a: Rayquaza\n|-damage|p1a: Rayquaza|0 fnt\n|faint|p1a: Rayquaza\n|-hitcount|p1: Rayquaza|2\n|move|p2a: Swampert|Icy Wind|p1b: Registeel\n|-resisted|p1b: Registeel\n|-damage|p1b: Registeel|162/253\n|move|p1b: Registeel|Body Press|p2b: Hitmontop\n|-supereffective|p2b: Hitmontop\n|-damage|p2b: Hitmontop|0 fnt\n|faint|p2b: Hitmontop\n|\n|-heal|p1b: Registeel|177/253|[from] item: Leftovers\n|-damage|p2a: Swampert|239/298 brn|[from] brn\n|upkeep\n|inactive|Taxxed_Nerd has 120 seconds left.\n|\n|t:|1771090649\n|switch|p1a: Hydreigon|Hydreigon, L82, M|205/285\n|switch|p2b: Yanmega|Yanmega, L84, M|282/282\n|turn|9\n|\n|t:|1771090660\n|move|p2b: Yanmega|Air Slash|p1b: Registeel\n|-resisted|p1b: Registeel\n|-damage|p1b: Registeel|81/253\n|move|p1a: Hydreigon|Heat Wave|p2a: Swampert|[spread] p2a,p2b\n|-resisted|p2a: Swampert\n|-supereffective|p2b: Yanmega\n|-damage|p2a: Swampert|212/298 brn\n|-damage|p2b: Yanmega|74/282\n|-damage|p1a: Hydreigon|177/285|[from] item: Life Orb\n|move|p2a: Swampert|Icy Wind|p1a: Hydreigon|[spread] p1a,p1b\n|-supereffective|p1a: Hydreigon\n|-resisted|p1b: Registeel\n|-damage|p1a: Hydreigon|125/285\n|-damage|p1b: Registeel|73/253\n|-unboost|p1a: Hydreigon|spe|1\n|cant|p1b: Registeel|flinch\n|\n|-heal|p1b: Registeel|88/253|[from] item: Leftovers\n|-damage|p2a: Swampert|194/298 brn|[from] brn\n|upkeep\n|turn|10\n|\n|t:|1771090680\n|move|p2b: Yanmega|Air Slash|p1b: Registeel\n|-resisted|p1b: Registeel\n|-damage|p1b: Registeel|0 fnt\n|faint|p1b: Registeel\n|move|p2a: Swampert|Muddy Water|p1a: Hydreigon|[miss]\n|-miss|p2a: Swampert|p1a: Hydreigon\n|move|p1a: Hydreigon|Heat Wave|p2b: Yanmega|[spread] p2a,p2b\n|-resisted|p2a: Swampert\n|-supereffective|p2b: Yanmega\n|-damage|p2a: Swampert|171/298 brn\n|-damage|p2b: Yanmega|0 fnt\n|faint|p2b: Yanmega\n|-damage|p1a: Hydreigon|97/285|[from] item: Life Orb\n|\n|-damage|p2a: Swampert|153/298 brn|[from] brn\n|upkeep\n|\n|t:|1771090692\n|switch|p2b: Corviknight|Corviknight, L80, F|288/288\n|turn|11\n|\n|t:|1771090698\n|move|p2b: Corviknight|Body Press|p1a: Hydreigon\n|-supereffective|p1a: Hydreigon\n|-damage|p1a: Hydreigon|0 fnt\n|faint|p1a: Hydreigon\n|\n|win|Taxxed_Nerd\n|raw|Spamfrick's rating: 1592 &rarr; <strong>1567</strong><br />(-25 for losing)\n|raw|Taxxed_Nerd's rating: 1495 &rarr; <strong>1520</strong><br />(+25 for winning)\n|l|☆Spamfrick\n|player|p1|\n", "inputlog": ">version ccdc32dd7cde25fd9e4bed64820e885f66e78a4e\n>start {\"formatid\":\"gen9randomdoublesbattle\",\"seed\":\"sodium,eea9ab8c2215bf892f17b066febb59aa\",\"rated\":\"Rated battle\"}\n>player p1 {\"name\":\"Spamfrick\",\"avatar\":\"n\",\"rating\":1592,\"seed\":\"sodium,f541860d91b9da4f4bd684929062dfba\"}\n>player p2 {\"name\":\"Taxxed_Nerd\",\"avatar\":\"collector\",\"rating\":1495,\"seed\":\"sodium,8ca758e11ce281e414dd62a101aee056\"}\n>p1 move fireblast +1, move springtidestorm\n>p2 move heavyslam +2, move fakeout +2\n>p1 pass, switch 5\n>p2 switch 3, pass\n>p1 move trickroom, switch 4\n>p2 move knockoff +1, move closecombat +2\n>p1 move psychic +2, switch 4\n>p2 move highhorsepower +1, move tripleaxel +2 terastallize\n>p1 switch 6, pass\n>p1 move protect, move irondefense\n>p2 move muddywater, switch 6\n>p1 move facade +1 terastallize, move bodypress +2\n>p2 move muddywater, move headsmash +1\n>p1 switch 3, pass\n>p1 move protect, move irondefense\n>p2 move icywind, switch 6\n>p1 move heatwave, move bodypress +2\n>p2 move icywind, move fakeout +2\n>p1 switch 4, move bodypress +2\n>p2 move icywind, move tripleaxel +1\n>p1 switch 4, pass\n>p2 pass, switch 4\n>p1 move heatwave, move bodypress +1\n>p2 move icywind, move airslash +2\n>p1 move heatwave, move bodypress +1\n>p2 move muddywater, move airslash +2\n>p2 pass, switch 5\n>p1 move heatwave, pass\n>p2 move icywind, move bodypress +1", "uploadtime": 1771090702, "views": 77, "formatid": "gen9randomdoublesbattle", "rating": 1520, "private": 0, "password": null}