{"id": "gen9randomdoublesbattle-2534491756", "format": "[Gen 9] Random Doubles Battle", "players": ["taXee", "Mark Gatz"], "log": "|j|☆taXee\n|j|☆Mark Gatz\n|t:|1770427811\n|gametype|doubles\n|player|p1|taXee|linebacker|1671\n|player|p2|Mark Gatz|steven|1632\n|gen|9\n|tier|[Gen 9] Random Doubles Battle\n|rated|\n|rule|Species Clause: Limit one of each Pokémon\n|rule|HP Percentage Mod: HP is shown in percentages\n|rule|Illusion Level Mod: Illusion disguises the Pokémon's true level\n|rule|Sleep Clause Mod: Limit one foe put to sleep\n|\n|t:|1770427811\n|teamsize|p1|6\n|teamsize|p2|6\n|start\n|switch|p1a: Bastiodon|Bastiodon, L89, F|252/252\n|switch|p1b: Frosmoth|Frosmoth, L86, F|261/261\n|switch|p2a: Baxcalibur|Baxcalibur, L78, M|307/307\n|switch|p2b: Smeargle|Smeargle, M|272/272\n|turn|1\n|\n|t:|1770427838\n|-terastallize|p2a: Baxcalibur|Dragon\n|move|p2b: Smeargle|Decorate|p2a: Baxcalibur\n|-boost|p2a: Baxcalibur|atk|2\n|-boost|p2a: Baxcalibur|spa|2\n|move|p2a: Baxcalibur|Scale Shot|p1b: Frosmoth\n|-damage|p1b: Frosmoth|151/261\n|-crit|p1b: Frosmoth\n|-damage|p1b: Frosmoth|0 fnt\n|faint|p1b: Frosmoth\n|-hitcount|p1: Frosmoth|2\n|-unboost|p2a: Baxcalibur|def|1\n|-boost|p2a: Baxcalibur|spe|1\n|move|p1a: Bastiodon|Iron Defense|p1a: Bastiodon\n|-boost|p1a: Bastiodon|def|2\n|\n|upkeep\n|\n|t:|1770427858\n|switch|p1b: Oranguru|Oranguru, L90, F|308/308\n|turn|2\n|inactive|Battle timer is ON: inactive players will automatically lose when time's up. (requested by taXee)\n|\n|t:|1770427871\n|-terastallize|p1b: Oranguru|Fairy\n|move|p2a: Baxcalibur|Scale Shot|p1b: Oranguru\n|-immune|p1b: Oranguru\n|move|p2b: Smeargle|Decorate|p2a: Baxcalibur\n|-boost|p2a: Baxcalibur|atk|2\n|-boost|p2a: Baxcalibur|spa|2\n|move|p1a: Bastiodon|Iron Defense|p1a: Bastiodon\n|-boost|p1a: Bastiodon|def|2\n|move|p1b: Oranguru|Trick Room|p1b: Oranguru\n|-fieldstart|move: Trick Room|[of] p1b: Oranguru\n|\n|upkeep\n|turn|3\n|\n|t:|1770427885\n|move|p2b: Smeargle|Follow Me|p2b: Smeargle\n|-singleturn|p2b: Smeargle|move: Follow Me\n|move|p1a: Bastiodon|Body Press|p2b: Smeargle\n|-supereffective|p2b: Smeargle\n|-damage|p2b: Smeargle|0 fnt\n|faint|p2b: Smeargle\n|move|p1b: Oranguru|Hyper Voice|p2a: Baxcalibur\n|-damage|p2a: Baxcalibur|184/307\n|move|p2a: Baxcalibur|Icicle Spear|p1b: Oranguru\n|-damage|p1b: Oranguru|212/308\n|-damage|p1b: Oranguru|110/308\n|-enditem|p1b: Oranguru|Sitrus Berry|[eat]\n|-heal|p1b: Oranguru|187/308|[from] item: Sitrus Berry\n|-damage|p1b: Oranguru|96/308\n|-damage|p1b: Oranguru|6/308\n|-damage|p1b: Oranguru|0 fnt\n|faint|p1b: Oranguru\n|-hitcount|p1: Oranguru|5\n|\n|upkeep\n|\n|t:|1770427907\n|switch|p1b: Palossand|Palossand, L90, F|299/299\n|switch|p2b: Clodsire|Clodsire, L87, M|368/368\n|turn|4\n|\n|t:|1770427928\n|move|p2a: Baxcalibur|Protect|p2a: Baxcalibur\n|-singleturn|p2a: Baxcalibur|Protect\n|move|p2b: Clodsire|High Horsepower|p1a: Bastiodon\n|-supereffective|p1a: Bastiodon\n|-damage|p1a: Bastiodon|44/252\n|move|p1a: Bastiodon|Body Press|p2a: Baxcalibur\n|-activate|p2a: Baxcalibur|move: Protect\n|move|p1b: Palossand|Earth Power|p2b: Clodsire\n|-supereffective|p2b: Clodsire\n|-damage|p2b: Clodsire|158/368\n|\n|-heal|p2b: Clodsire|181/368|[from] item: Leftovers\n|-heal|p1a: Bastiodon|59/252|[from] item: Leftovers\n|upkeep\n|turn|5\n|\n|t:|1770427946\n|move|p2b: Clodsire|High Horsepower|p1a: Bastiodon\n|-supereffective|p1a: Bastiodon\n|-damage|p1a: Bastiodon|0 fnt\n|faint|p1a: Bastiodon\n|move|p1b: Palossand|Earth Power|p2b: Clodsire\n|-supereffective|p2b: Clodsire\n|-damage|p2b: Clodsire|0 fnt\n|faint|p2b: Clodsire\n|move|p2a: Baxcalibur|Icicle Spear|p1b: Palossand\n|-supereffective|p1b: Palossand\n|-damage|p1b: Palossand|143/299\n|-enditem|p1b: Palossand|Sitrus Berry|[eat]\n|-heal|p1b: Palossand|217/299|[from] item: Sitrus Berry\n|-supereffective|p1b: Palossand\n|-damage|p1b: Palossand|65/299\n|-supereffective|p1b: Palossand\n|-crit|p1b: Palossand\n|-damage|p1b: Palossand|0 fnt\n|faint|p1b: Palossand\n|-hitcount|p1: Palossand|3\n|\n|upkeep\n|inactive|Mark Gatz has 120 seconds left.\n|\n|t:|1770427971\n|switch|p2b: Regigigas|Regigigas, L86|329/329\n|switch|p1a: Amoonguss|Amoonguss, L86, M|336/336\n|switch|p1b: Arceus|Arceus-Psychic, L72|292/292\n|-start|p2b: Regigigas|ability: Slow Start\n|turn|6\n|\n|t:|1770427988\n|move|p2a: Baxcalibur|Protect|p2a: Baxcalibur\n|-singleturn|p2a: Baxcalibur|Protect\n|move|p1a: Amoonguss|Spore|p2a: Baxcalibur\n|-activate|p2a: Baxcalibur|move: Protect\n|move|p2b: Regigigas|Substitute|p2b: Regigigas\n|-start|p2b: Regigigas|Substitute\n|-damage|p2b: Regigigas|247/329\n|move|p1b: Arceus|Will-O-Wisp||[still]\n|-fail|p1b: Arceus\n|\n|-heal|p2b: Regigigas|267/329|[from] item: Leftovers\n|-fieldend|move: Trick Room\n|upkeep\n|turn|7\n|\n|t:|1770428007\n|move|p1a: Amoonguss|Rage Powder|p1a: Amoonguss\n|-singleturn|p1a: Amoonguss|move: Rage Powder\n|move|p2a: Baxcalibur|Icicle Spear|p1a: Amoonguss\n|-supereffective|p1a: Amoonguss\n|-damage|p1a: Amoonguss|96/336\n|-supereffective|p1a: Amoonguss\n|-damage|p1a: Amoonguss|0 fnt\n|faint|p1a: Amoonguss\n|-hitcount|p1: Amoonguss|2\n|move|p1b: Arceus|Will-O-Wisp|p2a: Baxcalibur|[miss]\n|-miss|p1b: Arceus|p2a: Baxcalibur\n|move|p2b: Regigigas|Body Slam|p1b: Arceus\n|-damage|p1b: Arceus|229/292\n|\n|-heal|p2b: Regigigas|287/329|[from] item: Leftovers\n|upkeep\n|turn|8\n|-message|taXee forfeited.\n|\n|win|Mark Gatz\n|raw|taXee's rating: 1652 &rarr; <strong>1631</strong><br />(-21 for losing)\n|raw|Mark Gatz's rating: 1632 &rarr; <strong>1653</strong><br />(+21 for winning)\n|l|☆taXee\n|player|p1|\n", "inputlog": ">version ccdc32dd7cde25fd9e4bed64820e885f66e78a4e\n>start {\"formatid\":\"gen9randomdoublesbattle\",\"seed\":\"sodium,aa891a3e1d50916c04fd7ee90a6da90c\",\"rated\":\"Rated battle\"}\n>player p1 {\"name\":\"taXee\",\"avatar\":\"linebacker\",\"rating\":1671,\"seed\":\"sodium,dc8eba5089ae0e096bcd167fb71fcfd6\"}\n>player p2 {\"name\":\"Mark Gatz\",\"avatar\":\"steven\",\"rating\":1632,\"seed\":\"sodium,0032046d9d2b1f25b7e94aac3619be6d\"}\n>p1 move irondefense, move quiverdance\n>p2 move scaleshot +2 terastallize, move decorate -1\n>p1 pass, switch 3\n>p1 move irondefense, move trickroom terastallize\n>p2 move scaleshot +2, move decorate -1\n>p1 move bodypress +1, move hypervoice\n>p2 move iciclespear +2, move followme\n>p1 pass, switch 6\n>p2 pass, switch 6\n>p1 move bodypress +1, move earthpower +2\n>p2 move protect, move highhorsepower +1\n>p1 move bodypress +1, move earthpower +2\n>p2 move iciclespear +2, move highhorsepower +1\n>p1 switch 5, switch 4\n>p2 pass, switch 4\n>p1 move spore +1, move willowisp +2\n>p2 move protect, move substitute\n>p1 move ragepowder, move willowisp +1\n>p2 move iciclespear +1, move bodyslam +2\n>forcelose p1", "uploadtime": 1770428028, "views": 95, "formatid": "gen9randomdoublesbattle", "rating": 1631, "private": 0, "password": null}