{"id": "gen9randomdoublesbattle-2537280444", "format": "[Gen 9] Random Doubles Battle", "players": ["bred 11", "DarkKage24"], "log": "|j|☆bred 11\n|j|☆DarkKage24\n|t:|1770789886\n|gametype|doubles\n|player|p1|bred 11|101|1548\n|player|p2|DarkKage24|red|1560\n|gen|9\n|tier|[Gen 9] Random Doubles Battle\n|rated|\n|rule|Species Clause: Limit one of each Pokémon\n|rule|HP Percentage Mod: HP is shown in percentages\n|rule|Illusion Level Mod: Illusion disguises the Pokémon's true level\n|rule|Sleep Clause Mod: Limit one foe put to sleep\n|\n|t:|1770789886\n|teamsize|p1|6\n|teamsize|p2|6\n|start\n|switch|p1a: Pawmot|Pawmot, L80, F|243/243\n|switch|p1b: Annihilape|Annihilape, L77, M|296/296\n|switch|p2a: Cramorant|Cramorant, L86, F|261/261\n|switch|p2b: Calyrex|Calyrex, L94|340/340\n|-ability|p2b: Calyrex|Unnerve\n|turn|1\n|inactive|Battle timer is ON: inactive players will automatically lose when time's up. (requested by DarkKage24)\n|\n|t:|1770789917\n|-terastallize|p2a: Cramorant|Ground\n|move|p1b: Annihilape|U-turn|p2b: Calyrex\n|-supereffective|p2b: Calyrex\n|-damage|p2b: Calyrex|156/340\n|-enditem|p2b: Calyrex|Sitrus Berry|[eat]\n|-heal|p2b: Calyrex|241/340|[from] item: Sitrus Berry\n|\n|t:|1770789930\n|switch|p1b: Froslass|Froslass, L88, F|266/266|[from] U-turn\n|move|p1a: Pawmot|Double Shock|p2a: Cramorant\n|-immune|p2a: Cramorant\n|move|p2b: Calyrex|Leech Seed|p1b: Froslass\n|-start|p1b: Froslass|move: Leech Seed\n|move|p2a: Cramorant|Tailwind|p2a: Cramorant\n|-sidestart|p2: DarkKage24|move: Tailwind\n|\n|-damage|p1b: Froslass|233/266|[from] Leech Seed|[of] p2b: Calyrex\n|-heal|p2b: Calyrex|274/340|[silent]\n|upkeep\n|turn|2\n|\n|t:|1770789957\n|switch|p1a: Clodsire|Clodsire, L87, F|368/368\n|move|p2b: Calyrex|Psychic|p1b: Froslass\n|-damage|p1b: Froslass|113/266\n|move|p2a: Cramorant|Brave Bird|p1b: Froslass\n|-damage|p1b: Froslass|0 fnt\n|faint|p1b: Froslass\n|-damage|p2a: Cramorant|224/261|[from] Recoil\n|\n|upkeep\n|inactive|bred 11 has 120 seconds left.\n|\n|t:|1770789979\n|switch|p1b: Tauros|Tauros, L82, M|257/257\n|-ability|p1b: Tauros|Intimidate|boost\n|-unboost|p2a: Cramorant|atk|1\n|-unboost|p2b: Calyrex|atk|1\n|turn|3\n|inactive|bred 11 has 120 seconds left.\n|\n|t:|1770790004\n|move|p2b: Calyrex|Leech Seed|p1b: Tauros\n|-start|p1b: Tauros|move: Leech Seed\n|move|p2a: Cramorant|Surf|p1b: Tauros|[spread] p2b,p1a,p1b\n|-formechange|p2a: Cramorant|Cramorant-Gulping|\n|-resisted|p2b: Calyrex\n|-supereffective|p1a: Clodsire\n|-damage|p2b: Calyrex|241/340\n|-damage|p1a: Clodsire|242/368\n|-damage|p1b: Tauros|181/257\n|move|p1b: Tauros|Double-Edge|p2a: Cramorant\n|-damage|p2a: Cramorant|0 fnt\n|-damage|p1b: Tauros|117/257|[from] ability: Gulp Missile|[of] p2a: Cramorant\n|-unboost|p1b: Tauros|def|1\n|-formechange|p2a: Cramorant|Cramorant|\n|faint|p2a: Cramorant\n|-damage|p1b: Tauros|43/257|[from] Recoil\n|move|p1a: Clodsire|Gunk Shot|p2b: Calyrex\n|-supereffective|p2b: Calyrex\n|-damage|p2b: Calyrex|41/340\n|\n|-damage|p1b: Tauros|11/257|[from] Leech Seed|[of] p2b: Calyrex\n|-heal|p2b: Calyrex|73/340|[silent]\n|upkeep\n|inactive|DarkKage24 has 120 seconds left.\n|\n|t:|1770790026\n|switch|p2a: Corviknight|Corviknight, L80, M|288/288\n|turn|4\n|\n|t:|1770790042\n|switch|p1b: Kyogre|Kyogre, L65|238/238\n|-weather|RainDance|[from] ability: Drizzle|[of] p1b: Kyogre\n|move|p2b: Calyrex|Psychic|p1a: Clodsire\n|-supereffective|p1a: Clodsire\n|-damage|p1a: Clodsire|62/368\n|move|p2a: Corviknight|Iron Defense|p2a: Corviknight\n|-boost|p2a: Corviknight|def|2\n|move|p1a: Clodsire|Gunk Shot|p2b: Calyrex\n|-supereffective|p2b: Calyrex\n|-damage|p2b: Calyrex|0 fnt\n|-enditem|p1a: Clodsire|Sitrus Berry|[eat]\n|-heal|p1a: Clodsire|154/368|[from] item: Sitrus Berry\n|faint|p2b: Calyrex\n|\n|-weather|RainDance|[upkeep]\n|-sideend|p2: DarkKage24|move: Tailwind\n|upkeep\n|\n|t:|1770790051\n|switch|p2b: Illumise|Illumise, L83, F|244/244\n|turn|5\n|\n|t:|1770790064\n|move|p1a: Clodsire|Helping Hand|p1b: Kyogre\n|-singleturn|p1b: Kyogre|Helping Hand|[of] p1a: Clodsire\n|move|p2b: Illumise|Thunder Wave|p1b: Kyogre\n|-status|p1b: Kyogre|par\n|move|p2a: Corviknight|Body Press|p1b: Kyogre\n|-damage|p1b: Kyogre|93/238 par\n|cant|p1b: Kyogre|par\n|\n|-weather|RainDance|[upkeep]\n|upkeep\n|turn|6\n|inactive|bred 11 has 120 seconds left.\n|inactive|DarkKage24 has 120 seconds left.\n|\n|t:|1770790108\n|switch|p1b: Annihilape|Annihilape, L77, M|296/296\n|move|p2b: Illumise|Struggle Bug|p1a: Clodsire|[spread] p1a,p1b\n|-resisted|p1a: Clodsire\n|-resisted|p1b: Annihilape\n|-damage|p1a: Clodsire|141/368\n|-damage|p1b: Annihilape|289/296\n|-unboost|p1a: Clodsire|spa|1\n|-unboost|p1b: Annihilape|spa|1\n|-ability|p1b: Annihilape|Defiant|boost\n|-boost|p1b: Annihilape|atk|2\n|move|p2a: Corviknight|Brave Bird|p1b: Annihilape\n|-supereffective|p1b: Annihilape\n|-damage|p1b: Annihilape|53/296\n|-damage|p2a: Corviknight|210/288|[from] Recoil\n|move|p1a: Clodsire|Gunk Shot|p2b: Illumise|[miss]\n|-miss|p1a: Clodsire|p2b: Illumise\n|\n|-weather|RainDance|[upkeep]\n|-heal|p2a: Corviknight|228/288|[from] item: Leftovers\n|upkeep\n|turn|7\n|inactive|bred 11 has 120 seconds left.\n|\n|t:|1770790139\n|move|p1a: Clodsire|Helping Hand|p1b: Annihilape\n|-singleturn|p1b: Annihilape|Helping Hand|[of] p1a: Clodsire\n|move|p2b: Illumise|Tailwind|p2b: Illumise\n|-sidestart|p2: DarkKage24|move: Tailwind\n|move|p2a: Corviknight|Brave Bird|p1b: Annihilape\n|-supereffective|p1b: Annihilape\n|-damage|p1b: Annihilape|0 fnt\n|faint|p1b: Annihilape\n|-damage|p2a: Corviknight|211/288|[from] Recoil\n|\n|-weather|RainDance|[upkeep]\n|-heal|p2a: Corviknight|229/288|[from] item: Leftovers\n|upkeep\n|c|☆DarkKage24|lmao\n|\n|t:|1770790152\n|switch|p1b: Pawmot|Pawmot, L80, F|243/243\n|turn|8\n|inactive|bred 11 has 120 seconds left.\n|\n|t:|1770790169\n|-terastallize|p1b: Pawmot|Electric\n|move|p1a: Clodsire|Helping Hand|p1b: Pawmot\n|-singleturn|p1b: Pawmot|Helping Hand|[of] p1a: Clodsire\n|move|p2b: Illumise|Encore|p1a: Clodsire\n|-start|p1a: Clodsire|Encore\n|move|p2a: Corviknight|Roost|p2a: Corviknight\n|-heal|p2a: Corviknight|288/288\n|-singleturn|p2a: Corviknight|move: Roost\n|move|p1b: Pawmot|Double Shock|p2a: Corviknight\n|-damage|p2a: Corviknight|122/288\n|-start|p1b: Pawmot|typechange|Electric|[from] move: Double Shock\n|-damage|p1b: Pawmot|219/243|[from] item: Life Orb\n|\n|-weather|none\n|-heal|p2a: Corviknight|140/288|[from] item: Leftovers\n|upkeep\n|turn|9\n|inactive|bred 11 has 120 seconds left.\n|\n|t:|1770790200\n|move|p1a: Clodsire|Helping Hand|p1b: Pawmot\n|-singleturn|p1b: Pawmot|Helping Hand|[of] p1a: Clodsire\n|move|p2b: Illumise|Encore|p1b: Pawmot\n|-start|p1b: Pawmot|Encore\n|move|p2a: Corviknight|Roost|p2a: Corviknight\n|-heal|p2a: Corviknight|284/288\n|-singleturn|p2a: Corviknight|move: Roost\n|move|p1b: Pawmot|Double Shock|p2a: Corviknight\n|-damage|p2a: Corviknight|120/288\n|-start|p1b: Pawmot|typechange|Electric|[from] move: Double Shock\n|-damage|p1b: Pawmot|195/243|[from] item: Life Orb\n|\n|-heal|p2a: Corviknight|138/288|[from] item: Leftovers\n|upkeep\n|turn|10\n|inactive|bred 11 has 120 seconds left.\n|\n|t:|1770790221\n|move|p1a: Clodsire|Helping Hand|p1b: Pawmot\n|-singleturn|p1b: Pawmot|Helping Hand|[of] p1a: Clodsire\n|move|p2b: Illumise|Struggle Bug|p1a: Clodsire|[spread] p1a,p1b\n|-resisted|p1a: Clodsire\n|-damage|p1a: Clodsire|126/368\n|-damage|p1b: Pawmot|150/243\n|-unboost|p1a: Clodsire|spa|1\n|-unboost|p1b: Pawmot|spa|1\n|move|p2a: Corviknight|Roost|p2a: Corviknight\n|-heal|p2a: Corviknight|282/288\n|-singleturn|p2a: Corviknight|move: Roost\n|move|p1b: Pawmot|Double Shock|p2b: Illumise\n|-damage|p2b: Illumise|0 fnt\n|-start|p1b: Pawmot|typechange|Electric|[from] move: Double Shock\n|faint|p2b: Illumise\n|-damage|p1b: Pawmot|126/243|[from] item: Life Orb\n|\n|-heal|p2a: Corviknight|288/288|[from] item: Leftovers\n|-sideend|p2: DarkKage24|move: Tailwind\n|upkeep\n|c|☆DarkKage24|Interesting\n|inactive|DarkKage24 has 120 seconds left.\n|\n|t:|1770790246\n|switch|p2b: Cloyster|Cloyster, L87, M|229/229\n|turn|11\n|\n|t:|1770790268\n|move|p1a: Clodsire|Helping Hand|p1b: Pawmot\n|-singleturn|p1b: Pawmot|Helping Hand|[of] p1a: Clodsire\n|move|p1b: Pawmot|Double Shock|p2b: Cloyster\n|-supereffective|p2b: Cloyster\n|-crit|p2b: Cloyster\n|-damage|p2b: Cloyster|0 fnt\n|-start|p1b: Pawmot|typechange|Electric|[from] move: Double Shock\n|faint|p2b: Cloyster\n|-damage|p1b: Pawmot|102/243|[from] item: Life Orb\n|move|p2a: Corviknight|Body Press|p1b: Pawmot\n|-damage|p1b: Pawmot|0 fnt\n|faint|p1b: Pawmot\n|\n|-end|p1a: Clodsire|Encore\n|upkeep\n|inactive|bred 11 has 120 seconds left.\n|\n|t:|1770790283\n|switch|p1b: Kyogre|Kyogre, L65|93/238 par\n|switch|p2b: Archaludon|Archaludon, L77, M|265/265\n|-weather|RainDance|[from] ability: Drizzle|[of] p1b: Kyogre\n|turn|12\n|c|☆DarkKage24|So with Encore Pawmot can use Double Shock\n|c|☆DarkKage24|Kinda broken\n|inactive|bred 11 has 120 seconds left.\n|inactive|DarkKage24 has 120 seconds left.\n|c|☆bred 11|nah it was because of the tera\n|\n|t:|1770790323\n|move|p2b: Archaludon|Electro Shot||[still]\n|-prepare|p2b: Archaludon|Electro Shot\n|-boost|p2b: Archaludon|spa|1\n|-anim|p2b: Archaludon|Electro Shot|p1b: Kyogre\n|-supereffective|p1b: Kyogre\n|-damage|p1b: Kyogre|0 fnt\n|faint|p1b: Kyogre\n|move|p2a: Corviknight|Iron Defense|p2a: Corviknight\n|-boost|p2a: Corviknight|def|2\n|move|p1a: Clodsire|High Horsepower|p2b: Archaludon\n|-supereffective|p2b: Archaludon\n|-damage|p2b: Archaludon|127/265\n|-ability|p2b: Archaludon|Stamina|boost\n|-boost|p2b: Archaludon|def|1\n|\n|-weather|RainDance|[upkeep]\n|upkeep\n|c|☆DarkKage24|Oh\n|c|☆DarkKage24|I see\n|c|☆DarkKage24|gg wp\n|c|☆bred 11|gg\n|\n|t:|1770790342\n|switch|p1b: Tauros|Tauros, L82, M|11/257\n|-ability|p1b: Tauros|Intimidate|boost\n|-ability|p2a: Corviknight|Mirror Armor\n|-unboost|p1b: Tauros|atk|1\n|-unboost|p2b: Archaludon|atk|1\n|turn|13\n|\n|t:|1770790351\n|move|p2b: Archaludon|Protect|p2b: Archaludon\n|-singleturn|p2b: Archaludon|Protect\n|move|p1b: Tauros|Close Combat|p2a: Corviknight\n|-damage|p2a: Corviknight|262/288\n|-unboost|p1b: Tauros|def|1\n|-unboost|p1b: Tauros|spd|1\n|move|p2a: Corviknight|Body Press|p1b: Tauros\n|-supereffective|p1b: Tauros\n|-damage|p1b: Tauros|0 fnt\n|faint|p1b: Tauros\n|move|p1a: Clodsire|High Horsepower|p2b: Archaludon\n|-activate|p2b: Archaludon|move: Protect\n|\n|-weather|RainDance|[upkeep]\n|-heal|p2a: Corviknight|280/288|[from] item: Leftovers\n|upkeep\n|turn|14\n|-message|bred 11 forfeited.\n|\n|win|DarkKage24\n|raw|bred 11's rating: 1548 &rarr; <strong>1529</strong><br />(-19 for losing)\n|raw|DarkKage24's rating: 1560 &rarr; <strong>1579</strong><br />(+19 for winning)\n|l|☆bred 11\n|player|p1|\n", "inputlog": ">version ccdc32dd7cde25fd9e4bed64820e885f66e78a4e\n>start {\"formatid\":\"gen9randomdoublesbattle\",\"seed\":\"sodium,5f0e2f35d2b393951ae0ba17bcdf575b\",\"rated\":\"Rated battle\"}\n>player p1 {\"name\":\"bred 11\",\"avatar\":\"101\",\"rating\":1548,\"seed\":\"sodium,43e33b5832dc775fe8a2a3f7d7be721a\"}\n>player p2 {\"name\":\"DarkKage24\",\"avatar\":\"red\",\"rating\":1560,\"seed\":\"sodium,b58230016a58cb0362238c0ef1cc8cc7\"}\n>p1 move doubleshock +1, move uturn +2\n>p2 move tailwind terastallize, move leechseed +2\n>p1 pass, switch 6\n>p1 switch 3, move icywind\n>p2 move bravebird +2, move psychic +2\n>p1 pass, switch 5\n>p1 move gunkshot +2, move doubleedge +1\n>p2 move surf, move leechseed +2\n>p2 switch 4, pass\n>p1 move gunkshot +2, switch 4\n>p2 move irondefense, move psychic +1\n>p2 pass, switch 3\n>p1 move helpinghand -2, move waterspout\n>p2 move bodypress +2, move thunderwave +2\n>p1 move gunkshot +2, switch 6\n>p2 move bravebird +2, move strugglebug\n>p1 move helpinghand -2, move ragefist +1\n>p2 move bravebird +2, move tailwind\n>chat ☆DarkKage24|lmao\n>p1 pass, switch 3\n>p1 move helpinghand -2, move doubleshock +1 terastallize\n>p2 move roost, move encore +1\n>p1 move helpinghand -2, move doubleshock +1\n>p2 move roost, move encore +2\n>p1 move helpinghand -2, move doubleshock +2\n>p2 move roost, move strugglebug\n>chat ☆DarkKage24|Interesting\n>p2 pass, switch 6\n>p1 move helpinghand -2, move doubleshock +2\n>p2 move bodypress +2, move shellsmash\n>p1 pass, switch 6\n>p2 pass, switch 5\n>chat ☆DarkKage24|So with Encore Pawmot can use Double Shock\n>chat ☆DarkKage24|Kinda broken\n>chat ☆bred 11|nah it was because of the tera\n>p1 move highhorsepower +2, move waterspout\n>p2 move irondefense, move electroshot +2\n>chat ☆DarkKage24|Oh\n>chat ☆DarkKage24|I see\n>chat ☆DarkKage24|gg wp\n>chat ☆bred 11|gg \n>p1 pass, switch 4\n>p1 move highhorsepower +2, move closecombat +1\n>p2 move bodypress +2, move protect\n>forcelose p1", "uploadtime": 1770790373, "views": 69, "formatid": "gen9randomdoublesbattle", "rating": 1529, "private": 0, "password": null}