{"id": "gen9randomdoublesbattle-2536633395", "format": "[Gen 9] Random Doubles Battle", "players": ["mdodm", "davinxy"], "log": "|j|☆mdodm\n|j|☆davinxy\n|t:|1770718121\n|gametype|doubles\n|player|p1|mdodm|170|1761\n|player|p2|davinxy|101|1860\n|gen|9\n|tier|[Gen 9] Random Doubles Battle\n|rated|\n|rule|Species Clause: Limit one of each Pokémon\n|rule|HP Percentage Mod: HP is shown in percentages\n|rule|Illusion Level Mod: Illusion disguises the Pokémon's true level\n|rule|Sleep Clause Mod: Limit one foe put to sleep\n|\n|t:|1770718121\n|teamsize|p1|6\n|teamsize|p2|6\n|start\n|switch|p1a: Arcanine|Arcanine, L82, F|282/282\n|switch|p1b: Glimmora|Glimmora, L77, F|254/254\n|switch|p2a: Mew|Mew, L84|305/305\n|switch|p2b: Spiritomb|Spiritomb, L89, F|234/234\n|-ability|p1a: Arcanine|Intimidate|boost\n|-unboost|p2a: Mew|atk|1\n|-unboost|p2b: Spiritomb|atk|1\n|turn|1\n|inactive|Battle timer is ON: inactive players will automatically lose when time's up. (requested by davinxy)\n|\n|t:|1770718152\n|move|p2a: Mew|Tailwind|p2a: Mew\n|-sidestart|p2: davinxy|move: Tailwind\n|move|p1a: Arcanine|Will-O-Wisp|p2b: Spiritomb\n|-status|p2b: Spiritomb|brn\n|move|p1b: Glimmora|Sludge Bomb|p2a: Mew\n|-damage|p2a: Mew|215/305\n|move|p2b: Spiritomb|Snarl|p1b: Glimmora|[spread] p1a,p1b\n|-damage|p1a: Arcanine|225/282\n|-damage|p1b: Glimmora|197/254\n|-unboost|p1a: Arcanine|spa|1\n|-unboost|p1b: Glimmora|spa|1\n|\n|-damage|p2b: Spiritomb|220/234 brn|[from] brn\n|upkeep\n|turn|2\n|\n|t:|1770718178\n|move|p1b: Glimmora|Spiky Shield|p1b: Glimmora\n|-singleturn|p1b: Glimmora|move: Protect\n|move|p2a: Mew|Encore|p1a: Arcanine\n|-start|p1a: Arcanine|Encore\n|move|p1a: Arcanine|Will-O-Wisp|p2b: Spiritomb\n|-fail|p2b: Spiritomb|brn\n|move|p2b: Spiritomb|Foul Play|p1a: Arcanine\n|-damage|p1a: Arcanine|165/282\n|\n|-damage|p2b: Spiritomb|206/234 brn|[from] brn\n|upkeep\n|turn|3\n|\n|t:|1770718194\n|switch|p1b: Pincurchin|Pincurchin, L97, F|250/250\n|-fieldstart|move: Electric Terrain|[from] ability: Electric Surge|[of] p1b: Pincurchin\n|move|p2a: Mew|Will-O-Wisp|p1b: Pincurchin|[miss]\n|-miss|p2a: Mew|p1b: Pincurchin\n|move|p1a: Arcanine|Will-O-Wisp|p2a: Mew\n|-status|p2a: Mew|brn\n|-activate|p2a: Mew|ability: Synchronize\n|-immune|p1a: Arcanine\n|move|p2b: Spiritomb|Snarl|p1b: Pincurchin|[spread] p1a,p1b\n|-damage|p1a: Arcanine|108/282\n|-damage|p1b: Pincurchin|210/250\n|-unboost|p1a: Arcanine|spa|1\n|-unboost|p1b: Pincurchin|spa|1\n|\n|-damage|p2a: Mew|196/305 brn|[from] brn\n|-damage|p2b: Spiritomb|192/234 brn|[from] brn\n|upkeep\n|turn|4\n|inactive|mdodm has 120 seconds left.\n|\n|t:|1770718224\n|switch|p1a: Dusknoir|Dusknoir, L89, M|225/225\n|-item|p2a: Mew|Sitrus Berry|[from] ability: Frisk|[of] p1a: Dusknoir\n|-item|p2b: Spiritomb|Sitrus Berry|[from] ability: Frisk|[of] p1a: Dusknoir\n|move|p2a: Mew|Will-O-Wisp|p1b: Pincurchin\n|-status|p1b: Pincurchin|brn\n|move|p2b: Spiritomb|Snarl|p1a: Dusknoir|[spread] p1a,p1b\n|-supereffective|p1a: Dusknoir\n|-damage|p1a: Dusknoir|163/225\n|-damage|p1b: Pincurchin|168/250 brn\n|-unboost|p1a: Dusknoir|spa|1\n|-unboost|p1b: Pincurchin|spa|1\n|move|p1b: Pincurchin|Electroweb|p2b: Spiritomb|[spread] p2a,p2b\n|-damage|p2a: Mew|162/305 brn\n|-damage|p2b: Spiritomb|161/234 brn\n|-unboost|p2a: Mew|spe|1\n|-unboost|p2b: Spiritomb|spe|1\n|\n|-damage|p2a: Mew|143/305 brn|[from] brn\n|-damage|p2b: Spiritomb|147/234 brn|[from] brn\n|-damage|p1b: Pincurchin|153/250 brn|[from] brn\n|-sideend|p2: davinxy|move: Tailwind\n|upkeep\n|-enditem|p2a: Mew|Sitrus Berry|[eat]\n|-heal|p2a: Mew|219/305 brn|[from] item: Sitrus Berry\n|turn|5\n|inactive|mdodm has 120 seconds left.\n|inactive|davinxy has 120 seconds left.\n|\n|t:|1770718259\n|move|p2a: Mew|Tailwind|p2a: Mew\n|-sidestart|p2: davinxy|move: Tailwind\n|move|p1a: Dusknoir|Poltergeist|p2b: Spiritomb\n|-activate|p2b: Spiritomb|move: Poltergeist|Sitrus Berry\n|-damage|p2b: Spiritomb|5/234 brn\n|-enditem|p2b: Spiritomb|Sitrus Berry|[eat]\n|-heal|p2b: Spiritomb|63/234 brn|[from] item: Sitrus Berry\n|-damage|p1a: Dusknoir|141/225|[from] item: Life Orb\n|move|p2b: Spiritomb|Foul Play|p1a: Dusknoir\n|-supereffective|p1a: Dusknoir\n|-damage|p1a: Dusknoir|65/225\n|move|p1b: Pincurchin|Electroweb|p2a: Mew|[spread] p2a,p2b\n|-damage|p2a: Mew|185/305 brn\n|-damage|p2b: Spiritomb|35/234 brn\n|-unboost|p2a: Mew|spe|1\n|-unboost|p2b: Spiritomb|spe|1\n|\n|-damage|p2a: Mew|166/305 brn|[from] brn\n|-damage|p1b: Pincurchin|138/250 brn|[from] brn\n|-damage|p2b: Spiritomb|21/234 brn|[from] brn\n|upkeep\n|turn|6\n|inactive|mdodm has 120 seconds left.\n|\n|t:|1770718285\n|move|p1a: Dusknoir|Shadow Sneak|p2a: Mew\n|-supereffective|p2a: Mew\n|-damage|p2a: Mew|49/305 brn\n|-damage|p1a: Dusknoir|43/225|[from] item: Life Orb\n|move|p2a: Mew|Will-O-Wisp|p1a: Dusknoir|[miss]\n|-miss|p2a: Mew|p1a: Dusknoir\n|move|p1b: Pincurchin|Electroweb|p2b: Spiritomb|[spread] p2a,p2b\n|-damage|p2a: Mew|18/305 brn\n|-damage|p2b: Spiritomb|0 fnt\n|-unboost|p2a: Mew|spe|1\n|faint|p2b: Spiritomb\n|\n|-damage|p2a: Mew|0 fnt|[from] brn\n|faint|p2a: Mew\n|-damage|p1b: Pincurchin|123/250 brn|[from] brn\n|upkeep\n|-enditem|p1b: Pincurchin|Sitrus Berry|[eat]\n|-heal|p1b: Pincurchin|185/250 brn|[from] item: Sitrus Berry\n|inactive|davinxy has 120 seconds left.\n|\n|t:|1770718312\n|switch|p2a: Flygon|Flygon, L83, F|268/268\n|switch|p2b: Mismagius|Mismagius, L88, F|249/249\n|turn|7\n|\n|t:|1770718324\n|move|p2b: Mismagius|Protect|p2b: Mismagius\n|-singleturn|p2b: Mismagius|Protect\n|move|p1a: Dusknoir|Shadow Sneak|p2b: Mismagius\n|-activate|p2b: Mismagius|move: Protect\n|move|p2a: Flygon|Earth Power|p1a: Dusknoir\n|-damage|p1a: Dusknoir|0 fnt\n|faint|p1a: Dusknoir\n|move|p1b: Pincurchin|Scald|p2a: Flygon\n|-damage|p2a: Flygon|232/268\n|\n|-damage|p1b: Pincurchin|170/250 brn|[from] brn\n|-fieldend|move: Electric Terrain\n|upkeep\n|\n|t:|1770718339\n|switch|p1a: Oranguru|Oranguru, L90, F|308/308\n|turn|8\n|\n|t:|1770718352\n|switch|p1b: Porygon2|Porygon2, L82|274/274\n|-ability|p1b: Porygon2|Download|boost\n|-boost|p1b: Porygon2|atk|1\n|move|p2b: Mismagius|Taunt|p1a: Oranguru\n|-start|p1a: Oranguru|move: Taunt\n|move|p2a: Flygon|Earth Power|p1b: Porygon2\n|-crit|p1b: Porygon2\n|-damage|p1b: Porygon2|189/274\n|cant|p1a: Oranguru|move: Taunt|Trick Room\n|\n|-sideend|p2: davinxy|move: Tailwind\n|upkeep\n|turn|9\n|\n|t:|1770718374\n|switch|p2b: Hypno|Hypno, L95, M|315/315\n|move|p2a: Flygon|Tailwind|p2a: Flygon\n|-sidestart|p2: davinxy|move: Tailwind\n|move|p1b: Porygon2|Icy Wind|p2a: Flygon|[spread] p2a,p2b\n|-supereffective|p2a: Flygon\n|-damage|p2a: Flygon|116/268\n|-damage|p2b: Hypno|293/315\n|-unboost|p2a: Flygon|spe|1\n|-unboost|p2b: Hypno|spe|1\n|move|p1a: Oranguru|Hyper Voice|p2b: Hypno|[spread] p2a,p2b\n|-damage|p2a: Flygon|37/268\n|-damage|p2b: Hypno|235/315\n|\n|upkeep\n|turn|10\n|\n|t:|1770718390\n|move|p2a: Flygon|Protect|p2a: Flygon\n|-singleturn|p2a: Flygon|Protect\n|move|p2b: Hypno|Poison Gas|p1a: Oranguru|[spread] p1a,p1b\n|-status|p1a: Oranguru|psn\n|-status|p1b: Porygon2|psn\n|move|p1b: Porygon2|Tri Attack|p2b: Hypno\n|-damage|p2b: Hypno|172/315\n|move|p1a: Oranguru|Hyper Voice|p2b: Hypno|[spread] p2b\n|-activate|p2a: Flygon|move: Protect\n|-damage|p2b: Hypno|114/315\n|-enditem|p2b: Hypno|Sitrus Berry|[eat]\n|-heal|p2b: Hypno|192/315|[from] item: Sitrus Berry\n|\n|-damage|p1b: Porygon2|155/274 psn|[from] psn\n|-damage|p1a: Oranguru|270/308 psn|[from] psn\n|-end|p1a: Oranguru|move: Taunt\n|upkeep\n|turn|11\n|\n|t:|1770718419\n|switch|p2a: Mismagius|Mismagius, L88, F|249/249\n|move|p2b: Hypno|Low Sweep|p1b: Porygon2\n|-supereffective|p1b: Porygon2\n|-damage|p1b: Porygon2|93/274 psn\n|-unboost|p1b: Porygon2|spe|1\n|move|p1a: Oranguru|Hyper Voice|p2b: Hypno|[spread] p2b\n|-immune|p2a: Mismagius\n|-damage|p2b: Hypno|132/315\n|move|p1b: Porygon2|Tri Attack|p2b: Hypno\n|-damage|p2b: Hypno|72/315\n|\n|-damage|p1a: Oranguru|232/308 psn|[from] psn\n|-damage|p1b: Porygon2|59/274 psn|[from] psn\n|upkeep\n|turn|12\n|\n|t:|1770718445\n|-terastallize|p1b: Porygon2|Ghost\n|move|p2a: Mismagius|Thunderbolt|p1b: Porygon2\n|-damage|p1b: Porygon2|0 fnt\n|faint|p1b: Porygon2\n|-damage|p2a: Mismagius|225/249|[from] item: Life Orb\n|move|p2b: Hypno|Low Sweep|p1a: Oranguru\n|-damage|p1a: Oranguru|187/308 psn\n|-unboost|p1a: Oranguru|spe|1\n|move|p1a: Oranguru|Trick Room|p1a: Oranguru\n|-fieldstart|move: Trick Room|[of] p1a: Oranguru\n|\n|-damage|p1a: Oranguru|149/308 psn|[from] psn\n|-sideend|p2: davinxy|move: Tailwind\n|upkeep\n|-enditem|p1a: Oranguru|Sitrus Berry|[eat]\n|-heal|p1a: Oranguru|226/308 psn|[from] item: Sitrus Berry\n|inactive|mdodm has 120 seconds left.\n|\n|t:|1770718463\n|switch|p1b: Pincurchin|Pincurchin, L97, F|170/250 brn\n|-fieldstart|move: Electric Terrain|[from] ability: Electric Surge|[of] p1b: Pincurchin\n|turn|13\n|\n|t:|1770718477\n|move|p1a: Oranguru|Psychic|p2a: Mismagius\n|-damage|p2a: Mismagius|146/249\n|move|p1b: Pincurchin|Thunderbolt|p2b: Hypno\n|-damage|p2b: Hypno|0 fnt\n|faint|p2b: Hypno\n|move|p2a: Mismagius|Thunderbolt|p1a: Oranguru\n|-damage|p1a: Oranguru|149/308 psn\n|-damage|p2a: Mismagius|122/249|[from] item: Life Orb\n|\n|-damage|p1a: Oranguru|111/308 psn|[from] psn\n|-damage|p1b: Pincurchin|155/250 brn|[from] brn\n|upkeep\n|inactive|davinxy has 120 seconds left.\n|\n|t:|1770718532\n|switch|p2b: Vigoroth|Vigoroth, L91, F|293/293\n|turn|14\n|\n|t:|1770718541\n|move|p1a: Oranguru|Psychic|p2a: Mismagius\n|-damage|p2a: Mismagius|38/249\n|-unboost|p2a: Mismagius|spd|1\n|move|p1b: Pincurchin|Thunderbolt|p2a: Mismagius\n|-damage|p2a: Mismagius|0 fnt\n|faint|p2a: Mismagius\n|move|p2b: Vigoroth|Knock Off|p1a: Oranguru\n|-supereffective|p1a: Oranguru\n|-damage|p1a: Oranguru|13/308 psn\n|\n|-damage|p1a: Oranguru|0 fnt|[from] psn\n|faint|p1a: Oranguru\n|-damage|p1b: Pincurchin|140/250 brn|[from] brn\n|upkeep\n|\n|t:|1770718557\n|switch|p1a: Arcanine|Arcanine, L82, F|108/282\n|switch|p2a: Flygon|Flygon, L83, F|37/268\n|-ability|p1a: Arcanine|Intimidate|boost\n|-unboost|p2a: Flygon|atk|1\n|-unboost|p2b: Vigoroth|atk|1\n|turn|15\n|\n|t:|1770718571\n|move|p2a: Flygon|Protect|p2a: Flygon\n|-singleturn|p2a: Flygon|Protect\n|move|p1b: Pincurchin|Scald|p2a: Flygon\n|-activate|p2a: Flygon|move: Protect\n|move|p1a: Arcanine|Will-O-Wisp|p2b: Vigoroth\n|-status|p2b: Vigoroth|brn\n|move|p2b: Vigoroth|Double-Edge|p1b: Pincurchin\n|-damage|p1b: Pincurchin|105/250 brn\n|-damage|p2b: Vigoroth|281/293 brn|[from] Recoil\n|\n|-damage|p1b: Pincurchin|90/250 brn|[from] brn\n|-damage|p2b: Vigoroth|263/293 brn|[from] brn\n|upkeep\n|turn|16\n|\n|t:|1770718590\n|move|p2a: Flygon|Protect|p2a: Flygon\n|-singleturn|p2a: Flygon|Protect\n|move|p1a: Arcanine|Extreme Speed|p2a: Flygon\n|-activate|p2a: Flygon|move: Protect\n|move|p1b: Pincurchin|Thunderbolt|p2b: Vigoroth\n|-damage|p2b: Vigoroth|142/293 brn\n|move|p2b: Vigoroth|Thunder Wave|p1a: Arcanine\n|-status|p1a: Arcanine|par\n|\n|-damage|p1b: Pincurchin|75/250 brn|[from] brn\n|-damage|p2b: Vigoroth|124/293 brn|[from] brn\n|-fieldend|move: Trick Room\n|upkeep\n|turn|17\n|\n|t:|1770718608\n|cant|p1a: Arcanine|par\n|move|p2b: Vigoroth|Slack Off|p2b: Vigoroth\n|-heal|p2b: Vigoroth|271/293 brn\n|move|p2a: Flygon|Earth Power|p1b: Pincurchin\n|-supereffective|p1b: Pincurchin\n|-damage|p1b: Pincurchin|0 fnt\n|faint|p1b: Pincurchin\n|\n|-damage|p2b: Vigoroth|253/293 brn|[from] brn\n|-fieldend|move: Electric Terrain\n|upkeep\n|\n|t:|1770718620\n|switch|p1b: Glimmora|Glimmora, L77, F|197/254\n|turn|18\n|\n|t:|1770718635\n|move|p2a: Flygon|Protect|p2a: Flygon\n|-singleturn|p2a: Flygon|Protect\n|move|p1b: Glimmora|Spiky Shield|p1b: Glimmora\n|-singleturn|p1b: Glimmora|move: Protect\n|move|p1a: Arcanine|Extreme Speed|p2a: Flygon\n|-activate|p2a: Flygon|move: Protect\n|move|p2b: Vigoroth|Double-Edge|p1a: Arcanine\n|-damage|p1a: Arcanine|63/282 par\n|-damage|p2b: Vigoroth|238/293 brn|[from] Recoil\n|\n|-damage|p2b: Vigoroth|220/293 brn|[from] brn\n|upkeep\n|turn|19\n|\n|t:|1770718661\n|-terastallize|p2a: Flygon|Steel\n|move|p1a: Arcanine|Extreme Speed|p2a: Flygon\n|-resisted|p2a: Flygon\n|-damage|p2a: Flygon|6/268\n|move|p2b: Vigoroth|Double-Edge|p1a: Arcanine\n|-damage|p1a: Arcanine|15/282 par\n|-damage|p2b: Vigoroth|204/293 brn|[from] Recoil\n|move|p2a: Flygon|Earth Power|p1b: Glimmora\n|-supereffective|p1b: Glimmora\n|-damage|p1b: Glimmora|0 fnt\n|faint|p1b: Glimmora\n|\n|-damage|p2b: Vigoroth|186/293 brn|[from] brn\n|upkeep\n|turn|20\n|-message|mdodm forfeited.\n|\n|win|davinxy\n|raw|mdodm's rating: 1761 &rarr; <strong>1747</strong><br />(-14 for losing)\n|raw|davinxy's rating: 1860 &rarr; <strong>1874</strong><br />(+14 for winning)\n|l|☆mdodm\n|player|p1|\n", "inputlog": ">version ccdc32dd7cde25fd9e4bed64820e885f66e78a4e\n>start {\"formatid\":\"gen9randomdoublesbattle\",\"seed\":\"sodium,c5e2fe30d8c54dc3a78c701b77f57dac\",\"rated\":\"Rated battle\"}\n>player p1 {\"name\":\"mdodm\",\"avatar\":\"170\",\"rating\":1761,\"seed\":\"sodium,5c9aad01da7dac1744418127c22e58ae\"}\n>player p2 {\"name\":\"davinxy\",\"avatar\":\"101\",\"rating\":1860,\"seed\":\"sodium,f7ccd72eb2634a9684d96120680d0e7e\"}\n>p1 move willowisp +2, move sludgebomb +1\n>p2 move tailwind, move snarl\n>p1 move flareblitz +1, move spikyshield\n>p2 move encore +1, move foulplay +1\n>p1 move willowisp +1, switch 6\n>p2 move willowisp +2, move snarl\n>p1 switch 3, move electroweb\n>p2 move willowisp +2, move snarl\n>p1 move poltergeist +2, move electroweb\n>p2 move tailwind, move foulplay +1\n>p1 move shadowsneak +1, move electroweb\n>p2 move willowisp +1, move snarl\n>p2 switch 5, switch 4\n>p1 move shadowsneak +2, move scald +1\n>p2 move earthpower +1, move protect\n>p1 switch 5, pass\n>p1 move trickroom, switch 4\n>p2 move earthpower +2, move taunt +1\n>p1 move hypervoice, move icywind\n>p2 move tailwind, switch 6\n>p1 move hypervoice, move triattack +2\n>p2 move protect, move poisongas\n>p1 move hypervoice, move triattack +2\n>p2 switch 6, move lowsweep +2\n>p1 move trickroom, move recover terastallize\n>p2 move thunderbolt +2, move lowsweep +1\n>p1 pass, switch 4\n>p1 move psychic +1, move thunderbolt +2\n>p2 move thunderbolt +1, move psychic +2\n>p2 pass, switch 3\n>p1 move psychic +1, move thunderbolt +1\n>p2 move shadowball +2, move knockoff +1\n>p1 switch 3, pass\n>p2 switch 6, pass\n>p1 move willowisp +2, move scald +1\n>p2 move protect, move doubleedge +2\n>p1 move extremespeed +1, move thunderbolt +2\n>p2 move protect, move thunderwave +1\n>p1 move extremespeed +1, move scald +1\n>p2 move earthpower +2, move slackoff\n>p1 pass, switch 6\n>p1 move extremespeed +1, move spikyshield\n>p2 move protect, move doubleedge +1\n>p1 move extremespeed +1, move sludgebomb +2\n>p2 move earthpower +2 terastallize, move doubleedge +1\n>forcelose p1", "uploadtime": 1770718697, "views": 72, "formatid": "gen9randomdoublesbattle", "rating": 1747, "private": 0, "password": null}