{"id": "gen9randomdoublesbattle-2537270280", "format": "[Gen 9] Random Doubles Battle", "players": ["caoscontrol", "123rock"], "log": "|j|☆caoscontrol\n|j|☆123rock\n|t:|1770788121\n|gametype|doubles\n|player|p1|caoscontrol|2|1510\n|player|p2|123rock|169|1630\n|gen|9\n|tier|[Gen 9] Random Doubles Battle\n|rated|\n|rule|Species Clause: Limit one of each Pokémon\n|rule|HP Percentage Mod: HP is shown in percentages\n|rule|Illusion Level Mod: Illusion disguises the Pokémon's true level\n|rule|Sleep Clause Mod: Limit one foe put to sleep\n|\n|t:|1770788121\n|teamsize|p1|6\n|teamsize|p2|6\n|start\n|switch|p1a: Baxcalibur|Baxcalibur, L78, F|307/307\n|switch|p1b: Regice|Regice, L84|272/272\n|switch|p2a: Golurk|Golurk, L86|293/293\n|switch|p2b: Ho-Oh|Ho-Oh, L70|264/264\n|turn|1\n|inactive|Battle timer is ON: inactive players will automatically lose when time's up. (requested by 123rock)\n|inactive|caoscontrol also wants the timer to be on.\n|\n|t:|1770788148\n|switch|p2a: Diancie|Diancie, L77|204/204\n|move|p1a: Baxcalibur|Icicle Crash|p2a: Diancie\n|-damage|p2a: Diancie|93/204\n|-enditem|p2a: Diancie|Sitrus Berry|[eat]\n|-heal|p2a: Diancie|144/204|[from] item: Sitrus Berry\n|move|p2b: Ho-Oh|Sacred Fire|p1b: Regice\n|-supereffective|p1b: Regice\n|-damage|p1b: Regice|86/272\n|move|p1b: Regice|Blizzard|p2a: Diancie|[spread] p2b\n|-miss|p1b: Regice|p2a: Diancie\n|-enditem|p1b: Regice|Blunder Policy\n|-boost|p1b: Regice|spe|2\n|-damage|p2b: Ho-Oh|201/264\n|\n|upkeep\n|turn|2\n|inactive|123rock has 120 seconds left.\n|inactive|caoscontrol has 120 seconds left.\n|\n|t:|1770788184\n|move|p1b: Regice|Thunderbolt|p2b: Ho-Oh\n|-supereffective|p2b: Ho-Oh\n|-damage|p2b: Ho-Oh|109/264\n|-enditem|p2b: Ho-Oh|Sitrus Berry|[eat]\n|-heal|p2b: Ho-Oh|175/264|[from] item: Sitrus Berry\n|move|p1a: Baxcalibur|Icicle Crash|p2b: Ho-Oh\n|-damage|p2b: Ho-Oh|0 fnt\n|faint|p2b: Ho-Oh\n|move|p2a: Diancie|Diamond Storm|p1b: Regice|[spread] p1a,p1b\n|-supereffective|p1a: Baxcalibur\n|-supereffective|p1b: Regice\n|-crit|p1b: Regice\n|-damage|p1a: Baxcalibur|167/307\n|-damage|p1b: Regice|0 fnt\n|-boost|p2a: Diancie|def|2\n|faint|p1b: Regice\n|\n|upkeep\n|inactive|caoscontrol has 120 seconds left.\n|inactive|123rock has 90 seconds left.\n|\n|t:|1770788214\n|switch|p2b: Okidogi|Okidogi, L78, M|265/265\n|switch|p1b: Necrozma|Necrozma-Dusk-Mane, L70|252/252\n|turn|3\n|\n|t:|1770788230\n|switch|p1a: Porygon2|Porygon2, L82|274/274\n|-ability|p1a: Porygon2|Download|boost\n|-boost|p1a: Porygon2|spa|1\n|-terastallize|p2b: Okidogi|Dark\n|move|p2a: Diancie|Protect|p2a: Diancie\n|-singleturn|p2a: Diancie|Protect\n|move|p2b: Okidogi|Drain Punch|p1a: Porygon2\n|-supereffective|p1a: Porygon2\n|-damage|p1a: Porygon2|160/274\n|move|p1b: Necrozma|Sunsteel Strike|p2a: Diancie\n|-activate|p2a: Diancie|move: Protect\n|\n|upkeep\n|turn|4\n|inactive|123rock has 120 seconds left.\n|inactive|caoscontrol has 120 seconds left.\n|\n|t:|1770788272\n|switch|p2a: Arceus|Arceus-Bug, L74|300/300\n|move|p2b: Okidogi|Bulk Up|p2b: Okidogi\n|-boost|p2b: Okidogi|atk|1\n|-boost|p2b: Okidogi|def|1\n|move|p1b: Necrozma|Sunsteel Strike|p2a: Arceus\n|-damage|p2a: Arceus|198/300\n|move|p1a: Porygon2|Thunderbolt|p2b: Okidogi\n|-damage|p2b: Okidogi|165/265\n|\n|upkeep\n|turn|5\n|inactive|123rock has 120 seconds left.\n|inactive|caoscontrol has 120 seconds left.\n|\n|t:|1770788299\n|switch|p1b: Raging Bolt|Raging Bolt, L77|319/319\n|-terastallize|p1a: Porygon2|Electric\n|move|p2a: Arceus|X-Scissor|p1b: Raging Bolt\n|-damage|p1b: Raging Bolt|217/319\n|move|p2b: Okidogi|Drain Punch|p1a: Porygon2\n|-damage|p1a: Porygon2|70/274\n|-heal|p2b: Okidogi|210/265|[from] drain|[of] p1a: Porygon2\n|-status|p1a: Porygon2|tox|[from] ability: Toxic Chain|[of] p2b: Okidogi\n|move|p1a: Porygon2|Thunderbolt|p2b: Okidogi\n|-damage|p2b: Okidogi|66/265\n|-enditem|p2b: Okidogi|Sitrus Berry|[eat]\n|-heal|p2b: Okidogi|132/265|[from] item: Sitrus Berry\n|\n|-heal|p1b: Raging Bolt|236/319|[from] item: Leftovers\n|-damage|p1a: Porygon2|53/274 tox|[from] psn\n|upkeep\n|turn|6\n|inactive|123rock has 120 seconds left.\n|inactive|caoscontrol has 120 seconds left.\n|\n|t:|1770788333\n|switch|p1a: Oricorio|Oricorio-Pa'u, L89, M|278/278\n|move|p2a: Arceus|Stomping Tantrum|p1b: Raging Bolt\n|-supereffective|p1b: Raging Bolt\n|-damage|p1b: Raging Bolt|122/319\n|move|p2b: Okidogi|Drain Punch|p1b: Raging Bolt\n|-damage|p1b: Raging Bolt|0 fnt\n|-heal|p2b: Okidogi|193/265|[from] drain|[of] p1b: Raging Bolt\n|faint|p1b: Raging Bolt\n|-end|p1b: Raging Bolt|Protosynthesis|[silent]\n|\n|upkeep\n|inactive|caoscontrol has 120 seconds left.\n|\n|t:|1770788344\n|switch|p1b: Necrozma|Necrozma-Dusk-Mane, L70|252/252\n|turn|7\n|inactive|123rock has 120 seconds left.\n|\n|t:|1770788366\n|move|p2a: Arceus|Stomping Tantrum|p1b: Necrozma\n|-supereffective|p1b: Necrozma\n|-damage|p1b: Necrozma|188/252\n|-enditem|p1b: Necrozma|Weakness Policy\n|-boost|p1b: Necrozma|atk|2|[from] item: Weakness Policy\n|-boost|p1b: Necrozma|spa|2|[from] item: Weakness Policy\n|move|p1a: Oricorio|Hurricane|p2b: Okidogi|[miss]\n|-miss|p1a: Oricorio|p2b: Okidogi\n|move|p2b: Okidogi|Drain Punch|p1b: Necrozma\n|-damage|p1b: Necrozma|79/252\n|-heal|p2b: Okidogi|248/265|[from] drain|[of] p1b: Necrozma\n|move|p1b: Necrozma|Dragon Dance|p1b: Necrozma\n|-boost|p1b: Necrozma|atk|1\n|-boost|p1b: Necrozma|spe|1\n|-activate|p1a: Oricorio|ability: Dancer\n|move|p1a: Oricorio|Dragon Dance|p1a: Oricorio|[from] ability: Dancer\n|-boost|p1a: Oricorio|atk|1\n|-boost|p1a: Oricorio|spe|1\n|\n|upkeep\n|turn|8\n|inactive|123rock has 120 seconds left.\n|inactive|caoscontrol has 120 seconds left.\n|\n|t:|1770788418\n|move|p2a: Arceus|Extreme Speed|p1a: Oricorio\n|-damage|p1a: Oricorio|216/278\n|move|p1a: Oricorio|Hurricane|p2a: Arceus\n|-supereffective|p2a: Arceus\n|-crit|p2a: Arceus\n|-damage|p2a: Arceus|0 fnt\n|faint|p2a: Arceus\n|move|p1b: Necrozma|Sunsteel Strike|p2b: Okidogi\n|-damage|p2b: Okidogi|88/265\n|move|p2b: Okidogi|Knock Off|p1a: Oricorio\n|-supereffective|p1a: Oricorio\n|-damage|p1a: Oricorio|0 fnt\n|-enditem|p1a: Oricorio|Sitrus Berry|[from] move: Knock Off|[of] p2b: Okidogi\n|faint|p1a: Oricorio\n|\n|upkeep\n|inactive|caoscontrol has 120 seconds left.\n|inactive|123rock has 90 seconds left.\n|\n|t:|1770788438\n|switch|p2a: Golurk|Golurk, L86|293/293\n|switch|p1a: Baxcalibur|Baxcalibur, L78, F|167/307\n|turn|9\n|\n|t:|1770788449\n|move|p1b: Necrozma|Sunsteel Strike|p2b: Okidogi\n|-damage|p2b: Okidogi|0 fnt\n|faint|p2b: Okidogi\n|move|p1a: Baxcalibur|Icicle Crash|p2a: Golurk\n|-supereffective|p2a: Golurk\n|-damage|p2a: Golurk|0 fnt\n|faint|p2a: Golurk\n|\n|upkeep\n|\n|t:|1770788456\n|switch|p2b: Diancie|Diancie, L77|144/204\n|switch|p2a: Torterra|Torterra, L81, F|287/287\n|turn|10\n|inactive|123rock has 120 seconds left.\n|\n|t:|1770788473\n|move|p1b: Necrozma|Sunsteel Strike|p2b: Diancie\n|-supereffective|p2b: Diancie\n|-damage|p2b: Diancie|0 fnt\n|faint|p2b: Diancie\n|move|p1a: Baxcalibur|Icicle Crash|p2a: Torterra\n|-supereffective|p2a: Torterra\n|-damage|p2a: Torterra|0 fnt\n|faint|p2a: Torterra\n|\n|win|caoscontrol\n|raw|caoscontrol's rating: 1510 &rarr; <strong>1537</strong><br />(+27 for winning)\n|raw|123rock's rating: 1630 &rarr; <strong>1603</strong><br />(-27 for losing)\n|l|☆123rock\n|player|p2|\n", "inputlog": ">version ccdc32dd7cde25fd9e4bed64820e885f66e78a4e\n>start {\"formatid\":\"gen9randomdoublesbattle\",\"seed\":\"sodium,954f498ded323d748a9c80ada214bbfd\",\"rated\":\"Rated battle\"}\n>player p1 {\"name\":\"caoscontrol\",\"avatar\":\"2\",\"rating\":1510,\"seed\":\"sodium,c375fe45cbdd971486a528603fb8af13\"}\n>player p2 {\"name\":\"123rock\",\"avatar\":\"169\",\"rating\":1630,\"seed\":\"sodium,1186af348e86be5186317a8c22ced4d7\"}\n>p1 move iciclecrash +1, move blizzard\n>p2 switch 5, move sacredfire +2\n>p1 move iciclecrash +2, move thunderbolt +2\n>p2 move diamondstorm, move tailwind\n>p1 pass, switch 4\n>p2 pass, switch 6\n>p1 switch 5, move sunsteelstrike +1\n>p2 move protect, move drainpunch +1 terastallize\n>p1 move thunderbolt +2, move sunsteelstrike +1\n>p2 switch 4, move bulkup\n>p1 move thunderbolt +2 terastallize, switch 6\n>p2 move xscissor +2, move drainpunch +1\n>p1 switch 3, move dragonpulse +2\n>p2 move stompingtantrum +2, move drainpunch +2\n>p1 pass, switch 6\n>p1 move hurricane +2, move dragondance\n>p2 move stompingtantrum +2, move drainpunch +2\n>p1 move hurricane +1, move sunsteelstrike +2\n>p2 move extremespeed +1, move knockoff +1\n>p1 switch 5, pass\n>p2 switch 5, pass\n>p1 move iciclecrash +1, move sunsteelstrike +2\n>p2 move highhorsepower +2, move drainpunch +1\n>p2 switch 3, switch 4\n>p1 move iciclecrash +1, move sunsteelstrike +2\n>p2 move shellsmash, move diamondstorm", "uploadtime": 1770788483, "views": 70, "formatid": "gen9randomdoublesbattle", "rating": 1537, "private": 0, "password": null}