{"id": "gen9randomdoublesbattle-2536076975", "format": "[Gen 9] Random Doubles Battle", "players": ["klawf and I", "pejelegante"], "log": "|j|☆klawf and I\n|j|☆pejelegante\n|t:|1770652058\n|gametype|doubles\n|player|p1|klawf and I|archer|1954\n|player|p2|pejelegante|hugh|1870\n|gen|9\n|tier|[Gen 9] Random Doubles Battle\n|rated|\n|rule|Species Clause: Limit one of each Pokémon\n|rule|HP Percentage Mod: HP is shown in percentages\n|rule|Illusion Level Mod: Illusion disguises the Pokémon's true level\n|rule|Sleep Clause Mod: Limit one foe put to sleep\n|\n|t:|1770652058\n|teamsize|p1|6\n|teamsize|p2|6\n|start\n|switch|p1a: Volbeat|Volbeat, L82, M|241/241\n|switch|p1b: Armarouge|Armarouge, L80, F|267/267\n|switch|p2a: Mienshao|Mienshao, L84, F|246/246\n|switch|p2b: Meowstic|Meowstic-F, L89, F|277/277\n|turn|1\n|inactive|Battle timer is ON: inactive players will automatically lose when time's up. (requested by klawf and I)\n|inactive|pejelegante also wants the timer to be on.\n|\n|t:|1770652077\n|move|p2a: Mienshao|Fake Out|p1a: Volbeat\n|-damage|p1a: Volbeat|201/241\n|move|p2b: Meowstic|Dark Pulse|p1b: Armarouge\n|-supereffective|p1b: Armarouge\n|-damage|p1b: Armarouge|98/267\n|-damage|p2b: Meowstic|250/277|[from] item: Life Orb\n|cant|p1a: Volbeat|flinch\n|move|p1b: Armarouge|Trick Room|p1b: Armarouge\n|-fieldstart|move: Trick Room|[of] p1b: Armarouge\n|\n|upkeep\n|turn|2\n|\n|t:|1770652096\n|switch|p2b: Alcremie|Alcremie-Caramel-Swirl, L90, F|263/263\n|move|p1b: Armarouge|Heat Wave|p2b: Alcremie|[spread] p2a,p2b\n|-damage|p2a: Mienshao|94/246\n|-damage|p2b: Alcremie|180/263\n|-damage|p1b: Armarouge|72/267|[from] item: Life Orb\n|move|p1a: Volbeat|Lunge|p2b: Alcremie\n|-resisted|p2b: Alcremie\n|-damage|p2b: Alcremie|145/263\n|-unboost|p2b: Alcremie|atk|1\n|move|p2a: Mienshao|U-turn|p1b: Armarouge\n|-damage|p1b: Armarouge|11/267\n|\n|t:|1770652114\n|switch|p2a: Charizard|Charizard, L82, F|262/262|[from] U-turn\n|\n|upkeep\n|turn|3\n|\n|t:|1770652131\n|switch|p1a: Crawdaunt|Crawdaunt, L87, F|251/251\n|move|p1b: Armarouge|Psychic|p2b: Alcremie\n|-damage|p2b: Alcremie|42/263\n|-enditem|p2b: Alcremie|Sitrus Berry|[eat]\n|-heal|p2b: Alcremie|107/263|[from] item: Sitrus Berry\n|-damage|p1b: Armarouge|0 fnt|[from] item: Life Orb\n|faint|p1b: Armarouge\n|move|p2b: Alcremie|Decorate|p2a: Charizard\n|-boost|p2a: Charizard|atk|2\n|-boost|p2a: Charizard|spa|2\n|move|p2a: Charizard|Heat Wave|p1a: Crawdaunt|[miss]\n|-miss|p2a: Charizard|p1a: Crawdaunt\n|\n|upkeep\n|inactive|klawf and I has 120 seconds left.\n|\n|t:|1770652156\n|switch|p1b: Ampharos|Ampharos, L86, F|295/295\n|turn|4\n|\n|t:|1770652168\n|-terastallize|p2a: Charizard|Dragon\n|move|p1b: Ampharos|Thunderbolt|p2b: Alcremie\n|-damage|p2b: Alcremie|23/263\n|move|p1a: Crawdaunt|Crabhammer|p2a: Charizard\n|-resisted|p2a: Charizard\n|-damage|p2a: Charizard|129/262\n|-damage|p1a: Crawdaunt|226/251|[from] item: Life Orb\n|move|p2b: Alcremie|Decorate|p2a: Charizard\n|-boost|p2a: Charizard|atk|2\n|-boost|p2a: Charizard|spa|2\n|move|p2a: Charizard|Heat Wave|p1b: Ampharos|[spread] p1b\n|-miss|p2a: Charizard|p1a: Crawdaunt\n|-damage|p1b: Ampharos|0 fnt\n|faint|p1b: Ampharos\n|-damage|p2a: Charizard|103/262|[from] item: Life Orb\n|\n|upkeep\n|inactive|klawf and I has 120 seconds left.\n|\n|t:|1770652208\n|switch|p1b: Iron Bundle|Iron Bundle, L78|215/215\n|-enditem|p1b: Iron Bundle|Booster Energy\n|-activate|p1b: Iron Bundle|ability: Quark Drive|[fromitem]\n|-start|p1b: Iron Bundle|quarkdrivespe\n|turn|5\n|inactive|klawf and I has 120 seconds left.\n|\n|t:|1770652222\n|move|p1a: Crawdaunt|Protect|p1a: Crawdaunt\n|-singleturn|p1a: Crawdaunt|Protect\n|move|p2a: Charizard|Protect|p2a: Charizard\n|-singleturn|p2a: Charizard|Protect\n|move|p1b: Iron Bundle|Protect|p1b: Iron Bundle\n|-singleturn|p1b: Iron Bundle|Protect\n|move|p2b: Alcremie|Alluring Voice|p1a: Crawdaunt\n|-activate|p1a: Crawdaunt|move: Protect\n|\n|-fieldend|move: Trick Room\n|upkeep\n|turn|6\n|\n|t:|1770652237\n|move|p2a: Charizard|Protect||[still]\n|-fail|p2a: Charizard\n|move|p1b: Iron Bundle|Freeze-Dry|p2a: Charizard\n|-supereffective|p2a: Charizard\n|-damage|p2a: Charizard|0 fnt\n|faint|p2a: Charizard\n|move|p2b: Alcremie|Alluring Voice|p1a: Crawdaunt\n|-supereffective|p1a: Crawdaunt\n|-damage|p1a: Crawdaunt|0 fnt\n|faint|p1a: Crawdaunt\n|\n|upkeep\n|\n|t:|1770652248\n|switch|p2a: Meowstic|Meowstic-F, L89, F|250/277\n|switch|p1a: Mismagius|Mismagius, L88, F|249/249\n|turn|7\n|\n|t:|1770652255\n|move|p1b: Iron Bundle|Icy Wind|p2b: Alcremie|[spread] p2a,p2b\n|-damage|p2a: Meowstic|202/277\n|-damage|p2b: Alcremie|0 fnt\n|-unboost|p2a: Meowstic|spe|1\n|-ability|p2a: Meowstic|Competitive|boost\n|-boost|p2a: Meowstic|spa|2\n|faint|p2b: Alcremie\n|move|p1a: Mismagius|Shadow Ball|p2a: Meowstic\n|-supereffective|p2a: Meowstic\n|-damage|p2a: Meowstic|0 fnt\n|faint|p2a: Meowstic\n|-damage|p1a: Mismagius|225/249|[from] item: Life Orb\n|\n|upkeep\n|\n|t:|1770652261\n|switch|p2a: Squawkabilly|Squawkabilly-White, L91, F|297/297\n|switch|p2b: Mienshao|Mienshao, L84, F|176/246\n|-ability|p2a: Squawkabilly|Intimidate|boost\n|-unboost|p1a: Mismagius|atk|1\n|-unboost|p1b: Iron Bundle|atk|1\n|turn|8\n|inactive|klawf and I has 120 seconds left.\n|\n|t:|1770652292\n|move|p1b: Iron Bundle|Protect|p1b: Iron Bundle\n|-singleturn|p1b: Iron Bundle|Protect\n|move|p2b: Mienshao|Fake Out|p1b: Iron Bundle\n|-activate|p1b: Iron Bundle|move: Protect\n|move|p1a: Mismagius|Thunderbolt|p2a: Squawkabilly\n|-supereffective|p2a: Squawkabilly\n|-damage|p2a: Squawkabilly|34/297\n|-status|p2a: Squawkabilly|par\n|-damage|p1a: Mismagius|201/249|[from] item: Life Orb\n|cant|p2a: Squawkabilly|par\n|\n|upkeep\n|turn|9\n|c|☆pejelegante|Huh\n|\n|t:|1770652313\n|-terastallize|p1a: Mismagius|Fairy\n|move|p2a: Squawkabilly|Protect|p2a: Squawkabilly\n|-singleturn|p2a: Squawkabilly|Protect\n|move|p1b: Iron Bundle|Freeze-Dry|p2b: Mienshao\n|-damage|p2b: Mienshao|62/246\n|move|p1a: Mismagius|Dazzling Gleam|p2a: Squawkabilly|[spread] p2b\n|-activate|p2a: Squawkabilly|move: Protect\n|-supereffective|p2b: Mienshao\n|-damage|p2b: Mienshao|0 fnt\n|faint|p2b: Mienshao\n|-damage|p1a: Mismagius|177/249|[from] item: Life Orb\n|\n|upkeep\n|\n|t:|1770652322\n|switch|p2b: Eiscue|Eiscue, L89, F|278/278\n|turn|10\n|\n|t:|1770652330\n|move|p1b: Iron Bundle|Hydro Pump|p2b: Eiscue\n|-crit|p2b: Eiscue\n|-damage|p2b: Eiscue|94/278\n|-enditem|p2b: Eiscue|Sitrus Berry|[eat]\n|-heal|p2b: Eiscue|163/278|[from] item: Sitrus Berry\n|move|p1a: Mismagius|Dazzling Gleam|p2b: Eiscue|[spread] p2a,p2b\n|-damage|p2a: Squawkabilly|0 fnt\n|-damage|p2b: Eiscue|80/278\n|faint|p2a: Squawkabilly\n|-damage|p1a: Mismagius|153/249|[from] item: Life Orb\n|move|p2b: Eiscue|Ice Spinner|p1a: Mismagius\n|-damage|p1a: Mismagius|57/249\n|\n|upkeep\n|turn|11\n|c|☆pejelegante|Gg\n|\n|t:|1770652344\n|move|p1b: Iron Bundle|Freeze-Dry|p2b: Eiscue\n|-resisted|p2b: Eiscue\n|-damage|p2b: Eiscue|47/278\n|move|p1a: Mismagius|Dazzling Gleam|p2b: Eiscue\n|-damage|p2b: Eiscue|0 fnt\n|faint|p2b: Eiscue\n|-damage|p1a: Mismagius|33/249|[from] item: Life Orb\n|\n|win|klawf and I\n|raw|klawf and I's rating: 1954 &rarr; <strong>1969</strong><br />(+15 for winning)\n|raw|pejelegante's rating: 1870 &rarr; <strong>1855</strong><br />(-15 for losing)\n|c|☆klawf and I|gg\n", "inputlog": ">version ccdc32dd7cde25fd9e4bed64820e885f66e78a4e\n>start {\"formatid\":\"gen9randomdoublesbattle\",\"seed\":\"sodium,0561b63f850d7d67a3a3b62ccdf70a38\",\"rated\":\"Rated battle\"}\n>player p1 {\"name\":\"klawf and I\",\"avatar\":\"archer\",\"rating\":1954,\"seed\":\"sodium,dc61d3df98c90ab0df2588d40b256587\"}\n>player p2 {\"name\":\"pejelegante\",\"avatar\":\"hugh\",\"rating\":1870,\"seed\":\"sodium,97dd7a63528e96c4743c3f66c5065f0b\"}\n>p1 move lunge +2, move trickroom\n>p2 move fakeout +1, move darkpulse +2\n>p1 move lunge +2, move heatwave\n>p2 move uturn +2, switch 4\n>p2 switch 5, pass\n>p1 switch 5, move psychic +2\n>p2 move heatwave, move decorate -1\n>p1 pass, switch 6\n>p1 move crabhammer +1, move thunderbolt +2\n>p2 move heatwave terastallize, move decorate -1\n>p1 pass, switch 4\n>p1 move protect, move protect\n>p2 move protect, move alluringvoice +1\n>p1 move knockoff +2, move freezedry +1\n>p2 move protect, move alluringvoice +1\n>p1 switch 3, pass\n>p2 switch 4, pass\n>p1 move shadowball +1, move icywind\n>p2 move darkpulse +1, move alluringvoice +2\n>p2 switch 6, switch 5\n>p1 move thunderbolt +1, move protect\n>p2 move partingshot +1, move fakeout +2\n>chat ☆pejelegante|Huh\n>p1 move dazzlinggleam terastallize, move freezedry +2\n>p2 move protect, move knockoff +1\n>p2 pass, switch 3\n>p1 move dazzlinggleam, move hydropump +2\n>p2 move doubleedge +1, move icespinner +1\n>chat ☆pejelegante|Gg\n>p1 move dazzlinggleam, move freezedry +2\n>p2 pass, move icespinner +1", "uploadtime": 1770652351, "views": 69, "formatid": "gen9randomdoublesbattle", "rating": 1855, "private": 0, "password": null}