{"id": "gen9randomdoublesbattle-2539136565", "format": "[Gen 9] Random Doubles Battle", "players": ["muquito", "JD989"], "log": "|j|☆muquito\n|j|☆JD989\n|t:|1771015164\n|gametype|doubles\n|player|p1|muquito|266|1793\n|player|p2|JD989|rocketgrunt|1896\n|gen|9\n|tier|[Gen 9] Random Doubles Battle\n|rated|\n|rule|Species Clause: Limit one of each Pokémon\n|rule|HP Percentage Mod: HP is shown in percentages\n|rule|Illusion Level Mod: Illusion disguises the Pokémon's true level\n|rule|Sleep Clause Mod: Limit one foe put to sleep\n|\n|t:|1771015164\n|teamsize|p1|6\n|teamsize|p2|6\n|start\n|switch|p1a: Probopass|Probopass, L90, M|254/254\n|switch|p1b: Dragapult|Dragapult, L79, M|269/269\n|switch|p2a: Probopass|Probopass, L90, F|254/254\n|switch|p2b: Miraidon|Miraidon, L65|238/238\n|-fieldstart|move: Electric Terrain|[from] ability: Hadron Engine|[of] p2b: Miraidon\n|turn|1\n|l|☆JD989\n|player|p2|\n|j|☆JD989\n|player|p2|JD989|rocketgrunt|\n|inactive|Battle timer is ON: inactive players will automatically lose when time's up. (requested by JD989)\n|\n|t:|1771015220\n|-terastallize|p1b: Dragapult|Dragon\n|move|p2b: Miraidon|Protect|p2b: Miraidon\n|-singleturn|p2b: Miraidon|Protect\n|move|p1b: Dragapult|Dragon Darts|p2a: Probopass\n|-resisted|p2a: Probopass\n|-damage|p2a: Probopass|224/254\n|-anim|p1b: Dragapult|Dragon Darts|p2a: Probopass\n|-resisted|p2a: Probopass\n|-damage|p2a: Probopass|194/254\n|-damage|p1b: Dragapult|243/269|[from] item: Life Orb\n|move|p2a: Probopass|Thunder Wave|p1b: Dragapult\n|-status|p1b: Dragapult|par\n|move|p1a: Probopass|Body Press|p2a: Probopass\n|-supereffective|p2a: Probopass\n|-damage|p2a: Probopass|0 fnt\n|faint|p2a: Probopass\n|\n|upkeep\n|\n|t:|1771015245\n|switch|p2a: Staraptor|Staraptor, L82, M|274/274\n|-ability|p2a: Staraptor|Intimidate|boost\n|-unboost|p1a: Probopass|atk|1\n|-fail|p1b: Dragapult|unboost|[from] ability: Clear Body|[of] p1b: Dragapult\n|turn|2\n|inactive|muquito has 120 seconds left.\n|inactive|JD989 has 120 seconds left.\n|\n|t:|1771015304\n|switch|p1a: Mew|Mew, L84|305/305\n|move|p2b: Miraidon|Draco Meteor|p1b: Dragapult\n|-supereffective|p1b: Dragapult\n|-damage|p1b: Dragapult|0 fnt\n|-unboost|p2b: Miraidon|spa|2\n|faint|p1b: Dragapult\n|-damage|p2b: Miraidon|215/238|[from] item: Life Orb\n|move|p2a: Staraptor|Close Combat|p1a: Mew\n|-resisted|p1a: Mew\n|-damage|p1a: Mew|253/305\n|-unboost|p2a: Staraptor|def|1\n|-unboost|p2a: Staraptor|spd|1\n|-damage|p2a: Staraptor|247/274|[from] item: Life Orb\n|\n|upkeep\n|inactive|muquito has 120 seconds left.\n|\n|t:|1771015326\n|switch|p1b: Hawlucha|Hawlucha, L84, F|268/268\n|turn|3\n|inactive|JD989 has 120 seconds left.\n|\n|t:|1771015335\n|switch|p2a: Zamazenta|Zamazenta-Crowned, L67|235/235\n|-ability|p2a: Zamazenta|Dauntless Shield|boost\n|-boost|p2a: Zamazenta|def|1\n|move|p1b: Hawlucha|Close Combat|p2a: Zamazenta\n|-supereffective|p2a: Zamazenta\n|-damage|p2a: Zamazenta|89/235\n|-unboost|p1b: Hawlucha|def|1\n|-unboost|p1b: Hawlucha|spd|1\n|-enditem|p1b: Hawlucha|White Herb\n|-clearnegativeboost|p1b: Hawlucha|[silent]\n|move|p1a: Mew|Nasty Plot|p1a: Mew\n|-boost|p1a: Mew|spa|2\n|move|p2b: Miraidon|Electro Drift|p1a: Mew\n|-damage|p1a: Mew|166/305\n|-damage|p2b: Miraidon|192/238|[from] item: Life Orb\n|\n|upkeep\n|turn|4\n|inactive|muquito has 120 seconds left.\n|inactive|JD989 has 120 seconds left.\n|\n|t:|1771015372\n|switch|p2b: Staraptor|Staraptor, L82, M|247/274\n|-ability|p2b: Staraptor|Intimidate|boost\n|-unboost|p1a: Mew|atk|1\n|-unboost|p1b: Hawlucha|atk|1\n|switch|p2a: Basculin|Basculin-Blue-Striped, L87, F|264/264\n|move|p1b: Hawlucha|Close Combat|p2a: Basculin\n|-damage|p2a: Basculin|167/264\n|-unboost|p1b: Hawlucha|def|1\n|-unboost|p1b: Hawlucha|spd|1\n|move|p1a: Mew|Psychic|p2b: Staraptor\n|-damage|p2b: Staraptor|0 fnt\n|faint|p2b: Staraptor\n|-damage|p1a: Mew|136/305|[from] item: Life Orb\n|\n|upkeep\n|\n|t:|1771015382\n|switch|p2b: Cryogonal|Cryogonal, L88|284/284\n|turn|5\n|\n|t:|1771015398\n|switch|p1b: Perrserker|Perrserker, L88, F|266/266\n|switch|p1a: Lanturn|Lanturn, L87, F|359/359\n|move|p2b: Cryogonal|Freeze-Dry|p1b: Perrserker\n|-resisted|p1b: Perrserker\n|-damage|p1b: Perrserker|212/266\n|move|p2a: Basculin|Wave Crash|p1a: Lanturn\n|-resisted|p1a: Lanturn\n|-damage|p1a: Lanturn|199/359\n|-damage|p2a: Basculin|114/264|[from] Recoil\n|\n|-fieldend|move: Electric Terrain\n|upkeep\n|turn|6\n|\n|t:|1771015416\n|switch|p2a: Zamazenta|Zamazenta-Crowned, L67|89/235\n|-terastallize|p2b: Cryogonal|Steel\n|move|p2b: Cryogonal|Freeze-Dry|p1a: Lanturn\n|-supereffective|p1a: Lanturn\n|-damage|p1a: Lanturn|37/359\n|-enditem|p1a: Lanturn|Sitrus Berry|[eat]\n|-heal|p1a: Lanturn|126/359|[from] item: Sitrus Berry\n|move|p1a: Lanturn|Electroweb|p2b: Cryogonal|[spread] p2a,p2b\n|-damage|p2a: Zamazenta|58/235\n|-damage|p2b: Cryogonal|259/284\n|-unboost|p2a: Zamazenta|spe|1\n|-unboost|p2b: Cryogonal|spe|1\n|move|p1b: Perrserker|Iron Head|p2b: Cryogonal\n|-resisted|p2b: Cryogonal\n|-damage|p2b: Cryogonal|112/284\n|-enditem|p2b: Cryogonal|Sitrus Berry|[eat]\n|-heal|p2b: Cryogonal|183/284|[from] item: Sitrus Berry\n|\n|upkeep\n|turn|7\n|inactive|muquito has 120 seconds left.\n|inactive|JD989 has 120 seconds left.\n|l|☆JD989\n|inactive|JD989 disconnected and has a minute to reconnect!\n|player|p2|\n|inactive|JD989 has 30 seconds to reconnect!\n|j|☆JD989\n|inactive|JD989 reconnected and has 80 seconds left.\n|player|p2|JD989|rocketgrunt|\n|\n|t:|1771015493\n|move|p1a: Lanturn|Thunderbolt|p2a: Zamazenta\n|-damage|p2a: Zamazenta|0 fnt\n|faint|p2a: Zamazenta\n|move|p2b: Cryogonal|Freeze-Dry|p1a: Lanturn\n|-supereffective|p1a: Lanturn\n|-damage|p1a: Lanturn|0 fnt\n|faint|p1a: Lanturn\n|move|p1b: Perrserker|Iron Head|p2b: Cryogonal\n|-resisted|p2b: Cryogonal\n|-damage|p2b: Cryogonal|49/284\n|\n|upkeep\n|\n|t:|1771015510\n|switch|p2a: Miraidon|Miraidon, L65|192/238\n|switch|p1a: Hawlucha|Hawlucha, L84, F|268/268\n|-fieldstart|move: Electric Terrain|[from] ability: Hadron Engine|[of] p2a: Miraidon\n|turn|8\n|inactive|JD989 has 90 seconds left.\n|inactive|muquito has 90 seconds left.\n|inactive|JD989 has 60 seconds left.\n|l|☆JD989\n|inactive|JD989 disconnected and has a minute to reconnect!\n|player|p2|\n|j|☆JD989\n|inactive|JD989 reconnected and has 40 seconds left.\n|player|p2|JD989|rocketgrunt|\n|inactive|JD989 has 30 seconds left.\n|inactive|JD989 has 20 seconds left.\n|inactive|JD989 has 15 seconds left.\n|inactive|JD989 has 10 seconds left.\n|\n|t:|1771015597\n|move|p1a: Hawlucha|Protect|p1a: Hawlucha\n|-singleturn|p1a: Hawlucha|Protect\n|move|p2a: Miraidon|Electro Drift|p1a: Hawlucha\n|-activate|p1a: Hawlucha|move: Protect\n|move|p2b: Cryogonal|Recover|p2b: Cryogonal\n|-heal|p2b: Cryogonal|191/284\n|move|p1b: Perrserker|Iron Head|p2b: Cryogonal\n|-resisted|p2b: Cryogonal\n|-damage|p2b: Cryogonal|57/284\n|\n|upkeep\n|turn|9\n|inactive|JD989 has 30 seconds left.\n|inactive|muquito has 90 seconds left.\n|\n|t:|1771015614\n|move|p1a: Hawlucha|Close Combat|p2a: Miraidon\n|-damage|p2a: Miraidon|45/238\n|-unboost|p1a: Hawlucha|def|1\n|-unboost|p1a: Hawlucha|spd|1\n|move|p2a: Miraidon|Electro Drift|p1a: Hawlucha\n|-supereffective|p1a: Hawlucha\n|-crit|p1a: Hawlucha\n|-damage|p1a: Hawlucha|0 fnt\n|faint|p1a: Hawlucha\n|-damage|p2a: Miraidon|22/238|[from] item: Life Orb\n|move|p2b: Cryogonal|Recover|p2b: Cryogonal\n|-heal|p2b: Cryogonal|199/284\n|move|p1b: Perrserker|Iron Head|p2b: Cryogonal\n|-resisted|p2b: Cryogonal\n|-crit|p2b: Cryogonal\n|-damage|p2b: Cryogonal|0 fnt\n|faint|p2b: Cryogonal\n|\n|upkeep\n|\n|t:|1771015621\n|switch|p1a: Mew|Mew, L84|136/305\n|switch|p2b: Basculin|Basculin-Blue-Striped, L87, F|114/264\n|turn|10\n|\n|t:|1771015649\n|move|p2b: Basculin|Wave Crash|p1a: Mew\n|-damage|p1a: Mew|0 fnt\n|faint|p1a: Mew\n|-damage|p2b: Basculin|69/264|[from] Recoil\n|move|p2a: Miraidon|Electro Drift|p1b: Perrserker\n|-damage|p1b: Perrserker|0 fnt\n|faint|p1b: Perrserker\n|-damage|p2a: Miraidon|0 fnt|[from] item: Life Orb\n|faint|p2a: Miraidon\n|\n|upkeep\n|\n|t:|1771015654\n|switch|p1b: Probopass|Probopass, L90, M|254/254\n|turn|11\n|\n|t:|1771015658\n|move|p2b: Basculin|Wave Crash|p1b: Probopass\n|-supereffective|p1b: Probopass\n|-damage|p1b: Probopass|0 fnt\n|faint|p1b: Probopass\n|-damage|p2b: Basculin|0 fnt|[from] Recoil\n|faint|p2b: Basculin\n|\n|win|JD989\n|raw|muquito's rating: 1793 &rarr; <strong>1779</strong><br />(-14 for losing)\n|raw|JD989's rating: 1896 &rarr; <strong>1910</strong><br />(+14 for winning)\n|l|☆muquito\n|player|p1|\n", "inputlog": ">version ccdc32dd7cde25fd9e4bed64820e885f66e78a4e\n>start {\"formatid\":\"gen9randomdoublesbattle\",\"seed\":\"sodium,8dc14a54d8f7185b2e30626b155a055f\",\"rated\":\"Rated battle\"}\n>player p1 {\"name\":\"muquito\",\"avatar\":\"266\",\"rating\":1793,\"seed\":\"sodium,a5b5bc37621fa8ec1019e320c6ccdf1b\"}\n>player p2 {\"name\":\"JD989\",\"avatar\":\"rocketgrunt\",\"rating\":1896,\"seed\":\"sodium,1a0830cfa77078c265101145ee93679b\"}\n>p1 move bodypress +1, move dragondarts +2 terastallize\n>p2 move thunderwave +2, move protect\n>p2 switch 3, pass\n>p1 switch 4, move dragondarts +2\n>p2 move closecombat +1, move dracometeor +2\n>p1 pass, switch 6\n>p1 move nastyplot, move closecombat +1\n>p2 switch 4, move electrodrift +1\n>p1 move psychic +2, move closecombat +1\n>p2 switch 6, switch 4\n>p2 pass, switch 5\n>p1 switch 3, switch 5\n>p2 move wavecrash +1, move freezedry +2\n>p1 move electroweb, move ironhead +2\n>p2 switch 6, move freezedry +1 terastallize\n>p1 move thunderbolt +1, move ironhead +2\n>p2 move bodypress +2, move freezedry +1\n>p1 switch 5, pass\n>p2 switch 4, pass\n>p1 move protect, move ironhead +2\n>p2 move electrodrift +1, move recover\n>p1 move closecombat +1, move ironhead +2\n>p2 move electrodrift +1, move recover\n>p1 switch 3, pass\n>p2 pass, switch 6\n>p1 move psychic +2, move ironhead +2\n>p2 move electrodrift +2, move wavecrash +1\n>p1 pass, switch 4\n>p1 pass, move bodypress +2\n>p2 pass, move wavecrash +2", "uploadtime": 1771015666, "views": 82, "formatid": "gen9randomdoublesbattle", "rating": 1779, "private": 0, "password": null}