{"id": "gen9randomdoublesbattle-2537795705", "format": "[Gen 9] Random Doubles Battle", "players": ["Realnickiminaj", "yosithesteban"], "log": "|j|☆Realnickiminaj\n|j|☆yosithesteban\n|t:|1770848916\n|gametype|doubles\n|player|p1|Realnickiminaj|pokemonrangerf|1840\n|player|p2|yosithesteban|1|1930\n|gen|9\n|tier|[Gen 9] Random Doubles Battle\n|rated|\n|rule|Species Clause: Limit one of each Pokémon\n|rule|HP Percentage Mod: HP is shown in percentages\n|rule|Illusion Level Mod: Illusion disguises the Pokémon's true level\n|rule|Sleep Clause Mod: Limit one foe put to sleep\n|\n|t:|1770848916\n|teamsize|p1|6\n|teamsize|p2|6\n|start\n|switch|p1a: Latias|Latias, L80, F|259/259\n|switch|p1b: Eiscue|Eiscue, L89, M|278/278\n|switch|p2a: Ogerpon|Ogerpon, L78, F|253/253\n|switch|p2b: Bronzong|Bronzong, L87|258/258\n|turn|1\n|\n|t:|1770848967\n|move|p1a: Latias|Mist Ball|p2a: Ogerpon\n|-damage|p2a: Ogerpon|139/253\n|-unboost|p2a: Ogerpon|spa|1\n|-ability|p2a: Ogerpon|Defiant|boost\n|-boost|p2a: Ogerpon|atk|2\n|move|p2a: Ogerpon|Knock Off|p1a: Latias\n|-supereffective|p1a: Latias\n|-damage|p1a: Latias|0 fnt\n|-enditem|p1a: Latias|Soul Dew|[from] move: Knock Off|[of] p2a: Ogerpon\n|faint|p1a: Latias\n|move|p1b: Eiscue|Belly Drum|p1b: Eiscue\n|-damage|p1b: Eiscue|139/278\n|-setboost|p1b: Eiscue|atk|6|[from] move: Belly Drum\n|-enditem|p1b: Eiscue|Sitrus Berry|[eat]\n|-heal|p1b: Eiscue|208/278|[from] item: Sitrus Berry\n|move|p2b: Bronzong|Psychic Noise|p1b: Eiscue\n|-damage|p1b: Eiscue|138/278\n|-start|p1b: Eiscue|move: Heal Block\n|\n|upkeep\n|\n|t:|1770848993\n|switch|p1a: Ceruledge|Ceruledge, L80, F|251/251\n|turn|2\n|\n|t:|1770849003\n|move|p2a: Ogerpon|Knock Off|p1a: Ceruledge\n|-supereffective|p1a: Ceruledge\n|-damage|p1a: Ceruledge|0 fnt\n|-enditem|p1a: Ceruledge|Life Orb|[from] move: Knock Off|[of] p2a: Ogerpon\n|faint|p1a: Ceruledge\n|move|p1b: Eiscue|Ice Spinner|p2a: Ogerpon\n|-supereffective|p2a: Ogerpon\n|-damage|p2a: Ogerpon|0 fnt\n|faint|p2a: Ogerpon\n|move|p2b: Bronzong|Trick Room|p2b: Bronzong\n|-fieldstart|move: Trick Room|[of] p2b: Bronzong\n|\n|-end|p1b: Eiscue|move: Heal Block\n|upkeep\n|\n|t:|1770849019\n|switch|p1a: Rillaboom|Rillaboom, L81, F|295/295\n|switch|p2a: Mightyena|Mightyena, L95, F|287/287\n|-fieldstart|move: Grassy Terrain|[from] ability: Grassy Surge|[of] p1a: Rillaboom\n|-ability|p2a: Mightyena|Intimidate|boost\n|-unboost|p1a: Rillaboom|atk|1\n|-unboost|p1b: Eiscue|atk|1\n|turn|3\n|\n|t:|1770849033\n|move|p1a: Rillaboom|Fake Out|p2b: Bronzong\n|-resisted|p2b: Bronzong\n|-damage|p2b: Bronzong|250/258\n|cant|p2b: Bronzong|flinch\n|move|p1b: Eiscue|Liquidation|p2b: Bronzong\n|-damage|p2b: Bronzong|94/258\n|move|p2a: Mightyena|Crunch|p1b: Eiscue\n|-activate|p1b: Eiscue|ability: Ice Face\n|-damage|p1b: Eiscue|138/278\n|detailschange|p1b: Eiscue|Eiscue-Noice, L89, M\n|-damage|p2a: Mightyena|259/287|[from] item: Life Orb\n|\n|-heal|p2b: Bronzong|110/258|[from] item: Leftovers\n|-heal|p2a: Mightyena|276/287|[from] Grassy Terrain\n|-heal|p1b: Eiscue|155/278|[from] Grassy Terrain\n|upkeep\n|turn|4\n|\n|t:|1770849059\n|move|p1b: Eiscue|Protect|p1b: Eiscue\n|-singleturn|p1b: Eiscue|Protect\n|move|p2b: Bronzong|Body Press|p1b: Eiscue\n|-activate|p1b: Eiscue|move: Protect\n|move|p1a: Rillaboom|U-turn|p2a: Mightyena\n|-supereffective|p2a: Mightyena\n|-damage|p2a: Mightyena|194/287\n|\n|t:|1770849071\n|switch|p1a: Talonflame|Talonflame, L82, M|262/262|[from] U-turn\n|move|p2a: Mightyena|Crunch|p1b: Eiscue\n|-activate|p1b: Eiscue|move: Protect\n|\n|-heal|p2b: Bronzong|126/258|[from] item: Leftovers\n|-heal|p2a: Mightyena|211/287|[from] Grassy Terrain\n|-heal|p1b: Eiscue|172/278|[from] Grassy Terrain\n|upkeep\n|turn|5\n|\n|t:|1770849080\n|move|p2b: Bronzong|Body Press|p1b: Eiscue\n|-supereffective|p1b: Eiscue\n|-damage|p1b: Eiscue|26/278\n|move|p2a: Mightyena|Crunch|p1b: Eiscue\n|-damage|p1b: Eiscue|0 fnt\n|faint|p1b: Eiscue\n|-damage|p2a: Mightyena|183/287|[from] item: Life Orb\n|move|p1a: Talonflame|Overheat|p2b: Bronzong\n|-supereffective|p2b: Bronzong\n|-damage|p2b: Bronzong|0 fnt\n|-unboost|p1a: Talonflame|spa|2\n|faint|p2b: Bronzong\n|\n|-heal|p2a: Mightyena|200/287|[from] Grassy Terrain\n|upkeep\n|\n|t:|1770849101\n|switch|p2b: Empoleon|Empoleon, L83, M|275/275\n|switch|p1b: Rillaboom|Rillaboom, L81, F|295/295\n|turn|6\n|\n|t:|1770849135\n|switch|p2a: Chi-Yu|Chi-Yu, L75|206/206\n|-ability|p2a: Chi-Yu|Beads of Ruin\n|move|p1b: Rillaboom|Fake Out|p2b: Empoleon\n|-resisted|p2b: Empoleon\n|-damage|p2b: Empoleon|259/275\n|cant|p2b: Empoleon|flinch\n|move|p1a: Talonflame|U-turn|p2a: Chi-Yu\n|-damage|p2a: Chi-Yu|156/206\n|\n|t:|1770849146\n|switch|p1a: Indeedee|Indeedee, L79, M|224/224|[from] U-turn\n|-fieldstart|move: Psychic Terrain|[from] ability: Psychic Surge|[of] p1a: Indeedee\n|\n|-fieldend|move: Trick Room\n|upkeep\n|turn|7\n|\n|t:|1770849165\n|switch|p2a: Mightyena|Mightyena, L95, F|200/287\n|-ability|p2a: Mightyena|Intimidate|boost\n|-unboost|p1a: Indeedee|atk|1\n|-unboost|p1b: Rillaboom|atk|1\n|move|p1a: Indeedee|Hyper Voice|p2b: Empoleon|[spread] p2a,p2b\n|-resisted|p2b: Empoleon\n|-damage|p2a: Mightyena|91/287\n|-damage|p2b: Empoleon|231/275\n|move|p1b: Rillaboom|U-turn|p2a: Mightyena\n|-supereffective|p2a: Mightyena\n|-damage|p2a: Mightyena|17/287\n|\n|t:|1770849175\n|switch|p1b: Talonflame|Talonflame, L82, M|262/262|[from] U-turn\n|move|p2b: Empoleon|Icy Wind|p1b: Talonflame|[spread] p1a,p1b\n|-damage|p1a: Indeedee|193/224\n|-damage|p1b: Talonflame|222/262\n|-unboost|p1a: Indeedee|spe|1\n|-unboost|p1b: Talonflame|spe|1\n|\n|upkeep\n|turn|8\n|\n|t:|1770849191\n|move|p2a: Mightyena|Sucker Punch||[still]\n|-fail|p2a: Mightyena\n|move|p1b: Talonflame|Tailwind|p1b: Talonflame\n|-sidestart|p1: Realnickiminaj|move: Tailwind\n|move|p1a: Indeedee|Hyper Voice|p2b: Empoleon|[spread] p2a,p2b\n|-resisted|p2b: Empoleon\n|-damage|p2a: Mightyena|0 fnt\n|-damage|p2b: Empoleon|198/275\n|faint|p2a: Mightyena\n|move|p2b: Empoleon|Icy Wind|p1b: Talonflame|[spread] p1a,p1b\n|-damage|p1a: Indeedee|163/224\n|-damage|p1b: Talonflame|181/262\n|-unboost|p1a: Indeedee|spe|1\n|-unboost|p1b: Talonflame|spe|1\n|\n|upkeep\n|\n|t:|1770849210\n|switch|p2a: Espeon|Espeon, L84, M|246/246\n|turn|9\n|\n|t:|1770849225\n|move|p2a: Espeon|Protect|p2a: Espeon\n|-singleturn|p2a: Espeon|Protect\n|move|p1b: Talonflame|U-turn|p2a: Espeon\n|-activate|p2a: Espeon|move: Protect\n|move|p1a: Indeedee|Hyper Voice|p2b: Empoleon|[spread] p2b\n|-activate|p2a: Espeon|move: Protect\n|-resisted|p2b: Empoleon\n|-damage|p2b: Empoleon|168/275\n|move|p2b: Empoleon|Icy Wind|p1b: Talonflame|[spread] p1a,p1b\n|-damage|p1a: Indeedee|131/224\n|-damage|p1b: Talonflame|143/262\n|-unboost|p1a: Indeedee|spe|1\n|-unboost|p1b: Talonflame|spe|1\n|\n|upkeep\n|turn|10\n|\n|t:|1770849258\n|switch|p1b: Rillaboom|Rillaboom, L81, F|295/295\n|-fieldstart|move: Grassy Terrain|[from] ability: Grassy Surge|[of] p1b: Rillaboom\n|move|p2a: Espeon|Psychic|p1b: Rillaboom\n|-damage|p1b: Rillaboom|159/295\n|-damage|p2a: Espeon|222/246|[from] item: Life Orb\n|move|p1a: Indeedee|Hyper Voice|p2b: Empoleon|[spread] p2a,p2b\n|-resisted|p2b: Empoleon\n|-crit|p2b: Empoleon\n|-damage|p2a: Espeon|126/246\n|-damage|p2b: Empoleon|122/275\n|move|p2b: Empoleon|Knock Off|p1a: Indeedee\n|-supereffective|p1a: Indeedee\n|-damage|p1a: Indeedee|0 fnt\n|-enditem|p1a: Indeedee|Choice Specs|[from] move: Knock Off|[of] p2b: Empoleon\n|faint|p1a: Indeedee\n|\n|-heal|p1b: Rillaboom|177/295|[from] Grassy Terrain\n|-heal|p2a: Espeon|141/246|[from] Grassy Terrain\n|-heal|p2b: Empoleon|139/275|[from] Grassy Terrain\n|upkeep\n|\n|t:|1770849272\n|switch|p1a: Talonflame|Talonflame, L82, M|143/262\n|turn|11\n|\n|t:|1770849283\n|move|p2a: Espeon|Protect|p2a: Espeon\n|-singleturn|p2a: Espeon|Protect\n|move|p1a: Talonflame|Brave Bird|p2a: Espeon\n|-activate|p2a: Espeon|move: Protect\n|move|p1b: Rillaboom|Wood Hammer|p2b: Empoleon\n|-damage|p2b: Empoleon|0 fnt\n|faint|p2b: Empoleon\n|-damage|p1b: Rillaboom|131/295|[from] Recoil\n|\n|-heal|p1b: Rillaboom|149/295|[from] Grassy Terrain\n|-heal|p2a: Espeon|156/246|[from] Grassy Terrain\n|-sideend|p1: Realnickiminaj|move: Tailwind\n|upkeep\n|\n|t:|1770849290\n|switch|p2b: Chi-Yu|Chi-Yu, L75|156/206\n|-ability|p2b: Chi-Yu|Beads of Ruin\n|turn|12\n|\n|t:|1770849299\n|-terastallize|p1a: Talonflame|Flying\n|move|p1a: Talonflame|Brave Bird|p2b: Chi-Yu\n|-damage|p2b: Chi-Yu|0 fnt\n|faint|p2b: Chi-Yu\n|-damage|p1a: Talonflame|92/262|[from] Recoil\n|-enditem|p1a: Talonflame|Sitrus Berry|[eat]\n|-heal|p1a: Talonflame|157/262|[from] item: Sitrus Berry\n|move|p2a: Espeon|Psychic|p1b: Rillaboom\n|-damage|p1b: Rillaboom|13/295\n|-unboost|p1b: Rillaboom|spd|1\n|-damage|p2a: Espeon|132/246|[from] item: Life Orb\n|move|p1b: Rillaboom|Wood Hammer|p2a: Espeon\n|-damage|p2a: Espeon|0 fnt\n|faint|p2a: Espeon\n|-damage|p1b: Rillaboom|0 fnt|[from] Recoil\n|faint|p1b: Rillaboom\n|\n|win|Realnickiminaj\n|raw|Realnickiminaj's rating: 1840 &rarr; <strong>1865</strong><br />(+25 for winning)\n|raw|yosithesteban's rating: 1930 &rarr; <strong>1905</strong><br />(-25 for losing)\n|l|☆yosithesteban\n|player|p2|\n|c|☆Realnickiminaj|Gg\n", "inputlog": ">version ccdc32dd7cde25fd9e4bed64820e885f66e78a4e\n>start {\"formatid\":\"gen9randomdoublesbattle\",\"seed\":\"sodium,9162663a11190b58edf6575474ece3f0\",\"rated\":\"Rated battle\"}\n>player p1 {\"name\":\"Realnickiminaj\",\"avatar\":\"pokemonrangerf\",\"rating\":1840,\"seed\":\"sodium,44a12d3d62c222e0317823f987d8ecf0\"}\n>player p2 {\"name\":\"yosithesteban\",\"avatar\":\"1\",\"rating\":1930,\"seed\":\"sodium,ccf8d9c2f2da7b282f94df2b638680a3\"}\n>p1 move mistball +1, move bellydrum\n>p2 move knockoff +1, move psychicnoise +2\n>p1 switch 5, pass\n>p1 move poltergeist +2, move icespinner +1\n>p2 move knockoff +1, move trickroom\n>p1 switch 6, pass\n>p2 switch 4, pass\n>p1 move fakeout +2, move liquidation +2\n>p2 move crunch +2, move bodypress +2\n>p1 move uturn +1, move protect\n>p2 move crunch +2, move bodypress +2\n>p1 switch 4, pass\n>p1 move overheat +2, move liquidation +1\n>p2 move crunch +2, move bodypress +2\n>p1 pass, switch 4\n>p2 pass, switch 3\n>p1 move uturn +1, move fakeout +2\n>p2 switch 5, move icywind\n>p1 switch 3, pass\n>p1 move hypervoice, move uturn +1\n>p2 switch 5, move icywind\n>p1 pass, switch 3\n>p1 move hypervoice, move tailwind\n>p2 move suckerpunch +2, move icywind\n>p2 switch 6, pass\n>p1 move hypervoice, move uturn +1\n>p2 move protect, move icywind\n>p1 move hypervoice, switch 3\n>p2 move psychic +2, move knockoff +1\n>p1 switch 3, pass\n>p1 move bravebird +1, move woodhammer +2\n>p2 move protect, move icywind\n>p2 pass, switch 5\n>p1 move bravebird +2 terastallize, move woodhammer +1\n>p2 move psychic +2, move heatwave", "uploadtime": 1770849324, "views": 75, "formatid": "gen9randomdoublesbattle", "rating": 1865, "private": 0, "password": null}