{"id": "gen9randomdoublesbattle-2540941748", "format": "[Gen 9] Random Doubles Battle", "players": ["Shumy", "baseballlover"], "log": "|j|☆Shumy\n|j|☆baseballlover\n|t:|1771269316\n|gametype|doubles\n|player|p1|Shumy|265|1658\n|player|p2|baseballlover|265|1653\n|gen|9\n|tier|[Gen 9] Random Doubles Battle\n|rated|\n|rule|Species Clause: Limit one of each Pokémon\n|rule|HP Percentage Mod: HP is shown in percentages\n|rule|Illusion Level Mod: Illusion disguises the Pokémon's true level\n|rule|Sleep Clause Mod: Limit one foe put to sleep\n|\n|t:|1771269316\n|teamsize|p1|6\n|teamsize|p2|6\n|start\n|switch|p1a: Rabsca|Rabsca, L87, F|272/272\n|switch|p1b: Victreebel|Victreebel, L91, F|293/293\n|switch|p2a: Tyranitar|Tyranitar, L81, F|295/295\n|switch|p2b: Slaking|Slaking, L89, M|412/412\n|-weather|Sandstorm|[from] ability: Sand Stream|[of] p2a: Tyranitar\n|turn|1\n|inactive|Battle timer is ON: inactive players will automatically lose when time's up. (requested by Shumy)\n|inactive|baseballlover also wants the timer to be on.\n|\n|t:|1771269332\n|switch|p1a: Dusknoir|Dusknoir, L89, F|225/225\n|-item|p2a: Tyranitar|Clear Amulet|[from] ability: Frisk|[of] p1a: Dusknoir\n|-item|p2b: Slaking|Choice Band|[from] ability: Frisk|[of] p1a: Dusknoir\n|move|p1b: Victreebel|Protect|p1b: Victreebel\n|-singleturn|p1b: Victreebel|Protect\n|move|p2b: Slaking|Knock Off|p1a: Dusknoir\n|-supereffective|p1a: Dusknoir\n|-damage|p1a: Dusknoir|0 fnt\n|-enditem|p1a: Dusknoir|Life Orb|[from] move: Knock Off|[of] p2b: Slaking\n|faint|p1a: Dusknoir\n|move|p2a: Tyranitar|Knock Off|p1b: Victreebel\n|-activate|p1b: Victreebel|move: Protect\n|\n|-weather|Sandstorm|[upkeep]\n|-damage|p2b: Slaking|387/412|[from] Sandstorm\n|-damage|p1b: Victreebel|275/293|[from] Sandstorm\n|upkeep\n|\n|t:|1771269353\n|switch|p1a: Altaria|Altaria, L91, F|284/284\n|turn|2\n|\n|t:|1771269367\n|switch|p2b: Camerupt|Camerupt, L88, F|266/266\n|move|p1a: Altaria|Will-O-Wisp|p2b: Camerupt\n|-immune|p2b: Camerupt\n|move|p1b: Victreebel|Power Whip|p2a: Tyranitar\n|-supereffective|p2a: Tyranitar\n|-damage|p2a: Tyranitar|0 fnt\n|faint|p2a: Tyranitar\n|-damage|p1b: Victreebel|246/293|[from] item: Life Orb\n|\n|-weather|Sandstorm|[upkeep]\n|-damage|p1a: Altaria|267/284|[from] Sandstorm\n|-damage|p1b: Victreebel|228/293|[from] Sandstorm\n|upkeep\n|\n|t:|1771269387\n|switch|p2a: Slaking|Slaking, L89, M|387/412\n|turn|3\n|\n|t:|1771269398\n|-terastallize|p1a: Altaria|Steel\n|move|p1b: Victreebel|Protect|p1b: Victreebel\n|-singleturn|p1b: Victreebel|Protect\n|move|p2a: Slaking|Double-Edge|p1a: Altaria\n|-resisted|p1a: Altaria\n|-damage|p1a: Altaria|116/284\n|-enditem|p1a: Altaria|Sitrus Berry|[eat]\n|-heal|p1a: Altaria|187/284|[from] item: Sitrus Berry\n|-damage|p2a: Slaking|337/412|[from] Recoil\n|move|p1a: Altaria|Tailwind|p1a: Altaria\n|-sidestart|p1: Shumy|move: Tailwind\n|move|p2b: Camerupt|Heat Wave|p1a: Altaria|[spread] p1a\n|-activate|p1b: Victreebel|move: Protect\n|-supereffective|p1a: Altaria\n|-damage|p1a: Altaria|55/284\n|\n|-weather|Sandstorm|[upkeep]\n|-damage|p1b: Victreebel|210/293|[from] Sandstorm\n|-damage|p2a: Slaking|312/412|[from] Sandstorm\n|upkeep\n|turn|4\n|\n|t:|1771269420\n|switch|p2a: Thundurus|Thundurus-Therian, L78, M|251/251\n|move|p1a: Altaria|Roost|p1a: Altaria\n|-heal|p1a: Altaria|197/284\n|move|p1b: Victreebel|Knock Off|p2b: Camerupt\n|-damage|p2b: Camerupt|132/266\n|-enditem|p2b: Camerupt|Sitrus Berry|[from] move: Knock Off|[of] p1b: Victreebel\n|-damage|p1b: Victreebel|181/293|[from] item: Life Orb\n|move|p2b: Camerupt|Heat Wave|p1a: Altaria|[spread] p1a,p1b\n|-supereffective|p1a: Altaria\n|-supereffective|p1b: Victreebel\n|-damage|p1a: Altaria|51/284\n|-damage|p1b: Victreebel|0 fnt\n|faint|p1b: Victreebel\n|\n|-weather|Sandstorm|[upkeep]\n|-damage|p2a: Thundurus|236/251|[from] Sandstorm\n|upkeep\n|inactive|Shumy has 120 seconds left.\n|\n|t:|1771269435\n|switch|p1b: Kommo-o|Kommo-o, L79, F|248/248\n|turn|5\n|\n|t:|1771269442\n|move|p1a: Altaria|Roost|p1a: Altaria\n|-heal|p1a: Altaria|193/284\n|move|p1b: Kommo-o|Clangorous Soul|p1b: Kommo-o\n|-boost|p1b: Kommo-o|atk|1\n|-boost|p1b: Kommo-o|def|1\n|-boost|p1b: Kommo-o|spa|1\n|-boost|p1b: Kommo-o|spd|1\n|-boost|p1b: Kommo-o|spe|1\n|-damage|p1b: Kommo-o|167/248\n|-enditem|p1b: Kommo-o|Throat Spray\n|-boost|p1b: Kommo-o|spa|1|[from] item: Throat Spray\n|move|p2a: Thundurus|Wildbolt Storm|p1b: Kommo-o|[spread] p1a,p1b\n|-resisted|p1b: Kommo-o\n|-damage|p1a: Altaria|75/284\n|-damage|p1b: Kommo-o|126/248\n|move|p2b: Camerupt|Heat Wave|p1b: Kommo-o|[spread] p1a,p1b\n|-supereffective|p1a: Altaria\n|-resisted|p1b: Kommo-o\n|-damage|p1a: Altaria|0 fnt\n|-damage|p1b: Kommo-o|100/248\n|faint|p1a: Altaria\n|\n|-weather|none\n|upkeep\n|\n|t:|1771269452\n|switch|p1a: Rabsca|Rabsca, L87, F|272/272\n|turn|6\n|\n|t:|1771269464\n|move|p1b: Kommo-o|Clanging Scales|p2b: Camerupt|[spread] p2a,p2b\n|-damage|p2a: Thundurus|55/251\n|-damage|p2b: Camerupt|0 fnt\n|faint|p2b: Camerupt\n|-unboost|p1b: Kommo-o|def|1\n|move|p2a: Thundurus|Wildbolt Storm|p1b: Kommo-o|[spread] p1b\n|-miss|p2a: Thundurus|p1a: Rabsca\n|-resisted|p1b: Kommo-o\n|-damage|p1b: Kommo-o|53/248\n|move|p1a: Rabsca|Revival Blessing|p1a: Rabsca\n|\n|t:|1771269478\n|-heal|p1: Dusknoir|112/225|[from] move: Revival Blessing\n|\n|-sideend|p1: Shumy|move: Tailwind\n|upkeep\n|\n|t:|1771269492\n|switch|p2b: Slaking|Slaking, L89, M|312/412\n|turn|7\n|\n|t:|1771269499\n|move|p1b: Kommo-o|Drain Punch|p2b: Slaking\n|-supereffective|p2b: Slaking\n|-damage|p2b: Slaking|96/412\n|-heal|p1b: Kommo-o|161/248|[from] drain|[of] p2b: Slaking\n|move|p2b: Slaking|Double-Edge|p1a: Rabsca\n|-damage|p1a: Rabsca|0 fnt\n|faint|p1a: Rabsca\n|-damage|p2b: Slaking|6/412|[from] Recoil\n|move|p2a: Thundurus|Wildbolt Storm|p1b: Kommo-o\n|-resisted|p1b: Kommo-o\n|-damage|p1b: Kommo-o|97/248\n|-status|p1b: Kommo-o|par\n|\n|upkeep\n|\n|t:|1771269515\n|switch|p1a: Dusknoir|Dusknoir, L89, F|112/225\n|-item|p2a: Thundurus|Choice Specs|[from] ability: Frisk|[of] p1a: Dusknoir\n|-item|p2b: Slaking|Choice Band|[from] ability: Frisk|[of] p1a: Dusknoir\n|turn|8\n|\n|t:|1771269522\n|switch|p2b: Venusaur|Venusaur, L86, M|278/278\n|move|p1a: Dusknoir|Shadow Sneak|p2a: Thundurus\n|-damage|p2a: Thundurus|0 fnt\n|faint|p2a: Thundurus\n|move|p1b: Kommo-o|Drain Punch|p2b: Venusaur\n|-resisted|p2b: Venusaur\n|-damage|p2b: Venusaur|224/278\n|-heal|p1b: Kommo-o|124/248 par|[from] drain|[of] p2b: Venusaur\n|\n|upkeep\n|\n|t:|1771269528\n|switch|p2a: Slaking|Slaking, L89, M|6/412\n|turn|9\n|inactive|baseballlover has 120 seconds left.\n|\n|t:|1771269579\n|move|p2a: Slaking|Giga Impact|p1b: Kommo-o\n|-damage|p1b: Kommo-o|0 fnt\n|-mustrecharge|p2a: Slaking\n|faint|p1b: Kommo-o\n|move|p2b: Venusaur|Leaf Storm|p1a: Dusknoir\n|-damage|p1a: Dusknoir|0 fnt\n|-unboost|p2b: Venusaur|spa|2\n|faint|p1a: Dusknoir\n|-damage|p2b: Venusaur|197/278|[from] item: Life Orb\n|\n|upkeep\n|\n|t:|1771269587\n|switch|p1b: Porygon-Z|Porygon-Z, L84|280/280\n|turn|10\n|\n|t:|1771269592\n|switch|p2b: Trevenant|Trevenant, L88, M|293/293\n|cant|p2a: Slaking|recharge\n|move|p1b: Porygon-Z|Swift|p2b: Trevenant|[spread] p2a\n|-immune|p2b: Trevenant\n|-damage|p2a: Slaking|0 fnt\n|faint|p2a: Slaking\n|\n|upkeep\n|-message|Shumy forfeited.\n|\n|win|baseballlover\n|raw|Shumy's rating: 1658 &rarr; <strong>1638</strong><br />(-20 for losing)\n|raw|baseballlover's rating: 1653 &rarr; <strong>1673</strong><br />(+20 for winning)\n", "inputlog": ">version 686819e5e19f8a7fd2345cfc5a08a5085efa2cc3\n>start {\"formatid\":\"gen9randomdoublesbattle\",\"seed\":\"sodium,f98f1f01e6855e38d046fd5fbc37746d\",\"rated\":\"Rated battle\"}\n>player p1 {\"name\":\"Shumy\",\"avatar\":\"265\",\"rating\":1658,\"seed\":\"sodium,4c467d5eb415c074a2dfd0ba1cf2b1ef\"}\n>player p2 {\"name\":\"baseballlover\",\"avatar\":\"265\",\"rating\":1653,\"seed\":\"sodium,5a64abdbf6930acb5921db2daeed05df\"}\n>p1 switch 4, move protect\n>p2 move knockoff +1, move knockoff +1\n>p1 switch 5, pass\n>p1 move willowisp +2, move powerwhip +1\n>p2 move dragondance, switch 5\n>p2 switch 5, pass\n>p1 move tailwind terastallize, move protect\n>p2 move doubleedge +1, move heatwave\n>p1 move roost, move knockoff +2\n>p2 switch 6, move heatwave\n>p1 pass, switch 6\n>p1 move roost, move clangoroussoul\n>p2 move wildboltstorm, move heatwave\n>p1 switch 4, pass\n>p1 move revivalblessing, move clangingscales\n>p2 move wildboltstorm, move heatwave\n>p1 switch 5, pass\n>p2 pass, switch 6\n>p1 move psychic +1, move drainpunch +2\n>p2 move wildboltstorm, move doubleedge +1\n>p1 switch 5, pass\n>p1 move shadowsneak +1, move drainpunch +2\n>p2 move wildboltstorm, switch 3\n>p2 switch 3, pass\n>p1 move leechlife +2, move clangingscales\n>p2 move gigaimpact +2, move leafstorm +1\n>p1 pass, switch 3\n>p1 pass, move swift\n>p2 move recharge +2, switch 4\n>forcelose p1", "uploadtime": 1771269596, "views": 1, "formatid": "gen9randomdoublesbattle", "rating": 1638, "private": 0, "password": null}