{"id": "gen9randomdoublesbattle-2539792255", "format": "[Gen 9] Random Doubles Battle", "players": ["ogtru", "Poke_Marcos_23"], "log": "|j|☆ogtru\n|j|☆Poke_Marcos_23\n|t:|1771109518\n|gametype|doubles\n|player|p1|ogtru|riley|1487\n|player|p2|Poke_Marcos_23|ethan|1527\n|gen|9\n|tier|[Gen 9] Random Doubles Battle\n|rated|\n|rule|Species Clause: Limit one of each Pokémon\n|rule|HP Percentage Mod: HP is shown in percentages\n|rule|Illusion Level Mod: Illusion disguises the Pokémon's true level\n|rule|Sleep Clause Mod: Limit one foe put to sleep\n|\n|t:|1771109518\n|teamsize|p1|6\n|teamsize|p2|6\n|start\n|switch|p1a: Copperajah|Copperajah, L86, F|350/350\n|switch|p1b: Clefable|Clefable, L87, M|307/307\n|switch|p2a: Oricorio|Oricorio-Pa'u, L89, F|278/278\n|switch|p2b: Phione|Phione, L90|290/290\n|turn|1\n|\n|t:|1771109541\n|move|p2a: Oricorio|Quiver Dance|p2a: Oricorio\n|-boost|p2a: Oricorio|spa|1\n|-boost|p2a: Oricorio|spd|1\n|-boost|p2a: Oricorio|spe|1\n|move|p2b: Phione|Take Heart|p2b: Phione\n|-boost|p2b: Phione|spa|1\n|-boost|p2b: Phione|spd|1\n|move|p1b: Clefable|Encore|p2a: Oricorio\n|-start|p2a: Oricorio|Encore\n|move|p1a: Copperajah|Rock Slide|p2b: Phione|[spread] p2a,p2b\n|-supereffective|p2a: Oricorio\n|-damage|p2a: Oricorio|62/278\n|-damage|p2b: Phione|207/290\n|\n|-heal|p2a: Oricorio|79/278|[from] item: Leftovers\n|-heal|p2b: Phione|225/290|[from] item: Leftovers\n|upkeep\n|turn|2\n|\n|t:|1771109567\n|move|p2a: Oricorio|Quiver Dance|p2a: Oricorio\n|-boost|p2a: Oricorio|spa|1\n|-boost|p2a: Oricorio|spd|1\n|-boost|p2a: Oricorio|spe|1\n|move|p2b: Phione|Scald|p1b: Clefable\n|-damage|p1b: Clefable|226/307\n|move|p1b: Clefable|Moonblast|p2b: Phione\n|-damage|p2b: Phione|113/290\n|move|p1a: Copperajah|Rock Slide|p2a: Oricorio|[spread] p2a,p2b\n|-supereffective|p2a: Oricorio\n|-damage|p2a: Oricorio|0 fnt\n|-damage|p2b: Phione|27/290\n|faint|p2a: Oricorio\n|\n|-heal|p2b: Phione|45/290|[from] item: Leftovers\n|upkeep\n|\n|t:|1771109577\n|switch|p2a: Medicham|Medicham, L86, M|243/243\n|turn|3\n|\n|t:|1771109584\n|move|p2b: Phione|Protect|p2b: Phione\n|-singleturn|p2b: Phione|Protect\n|move|p1a: Copperajah|Protect|p1a: Copperajah\n|-singleturn|p1a: Copperajah|Protect\n|move|p2a: Medicham|Close Combat|p1a: Copperajah\n|-activate|p1a: Copperajah|move: Protect\n|move|p1b: Clefable|Moonblast|p2a: Medicham\n|-supereffective|p2a: Medicham\n|-damage|p2a: Medicham|27/243\n|\n|-heal|p2b: Phione|63/290|[from] item: Leftovers\n|upkeep\n|turn|4\n|\n|t:|1771109592\n|move|p2b: Phione|Scald|p1b: Clefable\n|-damage|p1b: Clefable|144/307\n|-status|p1b: Clefable|brn\n|move|p2a: Medicham|Close Combat|p1a: Copperajah\n|-supereffective|p1a: Copperajah\n|-damage|p1a: Copperajah|0 fnt\n|-unboost|p2a: Medicham|def|1\n|-unboost|p2a: Medicham|spd|1\n|faint|p1a: Copperajah\n|-damage|p2a: Medicham|3/243|[from] item: Life Orb\n|move|p1b: Clefable|Moonblast|p2b: Phione\n|-damage|p2b: Phione|0 fnt\n|faint|p2b: Phione\n|\n|-damage|p1b: Clefable|125/307 brn|[from] brn\n|upkeep\n|\n|t:|1771109609\n|switch|p2b: Sandaconda|Sandaconda, L88, M|270/270\n|switch|p1a: Iron Treads|Iron Treads, L81|278/278\n|turn|5\n|\n|t:|1771109629\n|move|p2a: Medicham|Protect|p2a: Medicham\n|-singleturn|p2a: Medicham|Protect\n|move|p1a: Iron Treads|High Horsepower|p2a: Medicham\n|-activate|p2a: Medicham|move: Protect\n|move|p2b: Sandaconda|Coil|p2b: Sandaconda\n|-boost|p2b: Sandaconda|atk|1\n|-boost|p2b: Sandaconda|def|1\n|-boost|p2b: Sandaconda|accuracy|1\n|move|p1b: Clefable|Moonblast|p2b: Sandaconda\n|-damage|p2b: Sandaconda|152/270\n|\n|-heal|p2b: Sandaconda|168/270|[from] item: Leftovers\n|-damage|p1b: Clefable|106/307 brn|[from] brn\n|upkeep\n|turn|6\n|\n|t:|1771109646\n|move|p1a: Iron Treads|Iron Head|p2a: Medicham\n|-damage|p2a: Medicham|0 fnt\n|faint|p2a: Medicham\n|move|p2b: Sandaconda|High Horsepower|p1a: Iron Treads\n|-supereffective|p1a: Iron Treads\n|-damage|p1a: Iron Treads|0 fnt\n|faint|p1a: Iron Treads\n|-end|p1a: Iron Treads|Quark Drive|[silent]\n|move|p1b: Clefable|Moonblast|p2b: Sandaconda\n|-crit|p2b: Sandaconda\n|-damage|p2b: Sandaconda|0 fnt\n|faint|p2b: Sandaconda\n|\n|-damage|p1b: Clefable|87/307 brn|[from] brn\n|upkeep\n|\n|t:|1771109658\n|switch|p1a: Rampardos|Rampardos, L87, M|311/311\n|switch|p2a: Fezandipiti|Fezandipiti, L81, M|275/275\n|switch|p2b: Appletun|Appletun, L92, F|352/352\n|turn|7\n|\n|t:|1771109689\n|move|p2b: Appletun|Protect|p2b: Appletun\n|-singleturn|p2b: Appletun|Protect\n|move|p1a: Rampardos|Rock Slide|p2b: Appletun|[spread] p2a\n|-activate|p2b: Appletun|move: Protect\n|-damage|p2a: Fezandipiti|134/275\n|-enditem|p2a: Fezandipiti|Sitrus Berry|[eat]\n|-heal|p2a: Fezandipiti|202/275|[from] item: Sitrus Berry\n|move|p2a: Fezandipiti|Moonblast|p1a: Rampardos\n|-damage|p1a: Rampardos|197/311\n|-unboost|p1a: Rampardos|spa|1\n|move|p1b: Clefable|Moonblast|p2b: Appletun\n|-activate|p2b: Appletun|move: Protect\n|\n|-damage|p1b: Clefable|68/307 brn|[from] brn\n|upkeep\n|turn|8\n|\n|t:|1771109714\n|-terastallize|p2b: Appletun|Steel\n|move|p1a: Rampardos|Rock Slide|p2a: Fezandipiti|[spread] p2a,p2b\n|-resisted|p2b: Appletun\n|-damage|p2a: Fezandipiti|73/275\n|-damage|p2b: Appletun|295/352\n|move|p2a: Fezandipiti|Gunk Shot|p1b: Clefable|[miss]\n|-miss|p2a: Fezandipiti|p1b: Clefable\n|move|p1b: Clefable|Moonblast|p2b: Appletun\n|-resisted|p2b: Appletun\n|-damage|p2b: Appletun|241/352\n|move|p2b: Appletun|Apple Acid|p1a: Rampardos\n|-supereffective|p1a: Rampardos\n|-damage|p1a: Rampardos|0 fnt\n|faint|p1a: Rampardos\n|\n|-damage|p1b: Clefable|49/307 brn|[from] brn\n|upkeep\n|\n|t:|1771109727\n|switch|p1a: Hydrapple|Hydrapple, L85, M|319/319\n|turn|9\n|\n|t:|1771109748\n|-terastallize|p1a: Hydrapple|Steel\n|move|p2a: Fezandipiti|Roost|p2a: Fezandipiti\n|-heal|p2a: Fezandipiti|211/275\n|-singleturn|p2a: Fezandipiti|move: Roost\n|move|p1b: Clefable|Fire Blast|p2b: Appletun\n|-supereffective|p2b: Appletun\n|-damage|p2b: Appletun|153/352\n|-enditem|p2b: Appletun|Sitrus Berry|[eat]\n|-heal|p2b: Appletun|241/352|[from] item: Sitrus Berry\n|move|p1a: Hydrapple|Earth Power|p2a: Fezandipiti\n|-supereffective|p2a: Fezandipiti\n|-damage|p2a: Fezandipiti|87/275\n|move|p2b: Appletun|Dragon Pulse|p1a: Hydrapple\n|-resisted|p1a: Hydrapple\n|-damage|p1a: Hydrapple|283/319\n|\n|-damage|p1b: Clefable|30/307 brn|[from] brn\n|upkeep\n|turn|10\n|\n|t:|1771109764\n|move|p2a: Fezandipiti|Roost|p2a: Fezandipiti\n|-heal|p2a: Fezandipiti|225/275\n|-singleturn|p2a: Fezandipiti|move: Roost\n|move|p1b: Clefable|Encore|p2b: Appletun\n|-start|p2b: Appletun|Encore\n|move|p1a: Hydrapple|Earth Power|p2a: Fezandipiti\n|-supereffective|p2a: Fezandipiti\n|-damage|p2a: Fezandipiti|109/275\n|move|p2b: Appletun|Dragon Pulse|p1a: Hydrapple\n|-resisted|p1a: Hydrapple\n|-damage|p1a: Hydrapple|245/319\n|\n|-damage|p1b: Clefable|11/307 brn|[from] brn\n|upkeep\n|turn|11\n|\n|t:|1771109779\n|move|p2a: Fezandipiti|Roost|p2a: Fezandipiti\n|-heal|p2a: Fezandipiti|247/275\n|-singleturn|p2a: Fezandipiti|move: Roost\n|move|p1b: Clefable|Fire Blast|p2b: Appletun\n|-supereffective|p2b: Appletun\n|-damage|p2b: Appletun|163/352\n|move|p1a: Hydrapple|Earth Power|p2b: Appletun\n|-supereffective|p2b: Appletun\n|-damage|p2b: Appletun|7/352\n|move|p2b: Appletun|Dragon Pulse|p1a: Hydrapple\n|-resisted|p1a: Hydrapple\n|-damage|p1a: Hydrapple|205/319\n|\n|-damage|p1b: Clefable|0 fnt|[from] brn\n|faint|p1b: Clefable\n|upkeep\n|\n|t:|1771109789\n|switch|p1b: Whiscash|Whiscash, L88, F|337/337\n|turn|12\n|\n|t:|1771109805\n|move|p2a: Fezandipiti|Icy Wind|p1b: Whiscash|[spread] p1a,p1b\n|-resisted|p1a: Hydrapple\n|-damage|p1a: Hydrapple|197/319\n|-damage|p1b: Whiscash|311/337\n|-unboost|p1a: Hydrapple|spe|1\n|-unboost|p1b: Whiscash|spe|1\n|-status|p1b: Whiscash|tox|[from] ability: Toxic Chain|[of] p2a: Fezandipiti\n|move|p2b: Appletun|Dragon Pulse|p1b: Whiscash\n|-damage|p1b: Whiscash|185/337 tox\n|move|p1b: Whiscash|Icy Wind|p2b: Appletun|[spread] p2a,p2b\n|-resisted|p2b: Appletun\n|-damage|p2a: Fezandipiti|226/275\n|-damage|p2b: Appletun|1/352\n|-unboost|p2a: Fezandipiti|spe|1\n|-unboost|p2b: Appletun|spe|1\n|move|p1a: Hydrapple|Earth Power|p2a: Fezandipiti\n|-supereffective|p2a: Fezandipiti\n|-damage|p2a: Fezandipiti|98/275\n|\n|-damage|p1b: Whiscash|164/337 tox|[from] psn\n|-end|p2b: Appletun|Encore\n|upkeep\n|-enditem|p1b: Whiscash|Sitrus Berry|[eat]\n|-heal|p1b: Whiscash|248/337 tox|[from] item: Sitrus Berry\n|turn|13\n|\n|t:|1771109838\n|move|p1b: Whiscash|Protect|p1b: Whiscash\n|-singleturn|p1b: Whiscash|Protect\n|move|p2a: Fezandipiti|Icy Wind|p1b: Whiscash|[spread] p1a\n|-activate|p1b: Whiscash|move: Protect\n|-resisted|p1a: Hydrapple\n|-damage|p1a: Hydrapple|190/319\n|-unboost|p1a: Hydrapple|spe|1\n|move|p2b: Appletun|Apple Acid|p1b: Whiscash\n|-activate|p1b: Whiscash|move: Protect\n|move|p1a: Hydrapple|Earth Power|p2b: Appletun\n|-supereffective|p2b: Appletun\n|-damage|p2b: Appletun|0 fnt\n|faint|p2b: Appletun\n|\n|-damage|p1b: Whiscash|206/337 tox|[from] psn\n|upkeep\n|turn|14\n|-message|Poke_Marcos_23 forfeited.\n|\n|win|ogtru\n|raw|ogtru's rating: 1487 &rarr; <strong>1509</strong><br />(+22 for winning)\n|raw|Poke_Marcos_23's rating: 1527 &rarr; <strong>1505</strong><br />(-22 for losing)\n|l|☆Poke_Marcos_23\n|player|p2|\n", "inputlog": ">version ccdc32dd7cde25fd9e4bed64820e885f66e78a4e\n>start {\"formatid\":\"gen9randomdoublesbattle\",\"seed\":\"sodium,a1863f1b298661a2458b04dc1203327c\",\"rated\":\"Rated battle\"}\n>player p1 {\"name\":\"ogtru\",\"avatar\":\"riley\",\"rating\":1487,\"seed\":\"sodium,5bf8c209437d9f51eb061e405ac1fdd8\"}\n>player p2 {\"name\":\"Poke_Marcos_23\",\"avatar\":\"ethan\",\"rating\":1527,\"seed\":\"sodium,44634478e041cd21b04f65dab4d5c2a1\"}\n>p1 move rockslide, move encore +1\n>p2 move quiverdance, move takeheart\n>p1 move rockslide, move moonblast +2\n>p2 move quiverdance, move scald +2\n>p2 switch 5, pass\n>p1 move protect, move moonblast +1\n>p2 move closecombat +1, move protect\n>p1 move rockslide, move moonblast +2\n>p2 move closecombat +1, move scald +2\n>p1 switch 4, pass\n>p2 pass, switch 6\n>p1 move highhorsepower +1, move moonblast +2\n>p2 move protect, move coil\n>p1 move ironhead +1, move moonblast +2\n>p2 move closecombat +1, move highhorsepower +1\n>p1 switch 3, pass\n>p2 switch 3, switch 4\n>p1 move rockslide, move moonblast +2\n>p2 move moonblast +1, move protect\n>p1 move rockslide, move moonblast +2\n>p2 move gunkshot +2, move appleacid +1 terastallize\n>p1 switch 5, pass\n>p1 move earthpower +1 terastallize, move fireblast +2\n>p2 move roost, move dragonpulse +1\n>p1 move earthpower +1, move encore +2\n>p2 move roost, move leechseed +1\n>p1 move earthpower +2, move fireblast +2\n>p2 move roost, move dragonpulse +1\n>p1 pass, switch 6\n>p1 move earthpower +1, move icywind\n>p2 move icywind, move dragonpulse +2\n>p1 move earthpower +2, move protect\n>p2 move icywind, move appleacid +2\n>forcelose p2", "uploadtime": 1771109850, "views": 62, "formatid": "gen9randomdoublesbattle", "rating": 1505, "private": 0, "password": null}