{"id": "gen9randomdoublesbattle-2539930796", "format": "[Gen 9] Random Doubles Battle", "players": ["lil vvs", "greglake"], "log": "|j|☆lil vvs\n|j|☆greglake\n|t:|1771128917\n|gametype|doubles\n|player|p1|lil vvs|102|1664\n|player|p2|greglake|265|1744\n|gen|9\n|tier|[Gen 9] Random Doubles Battle\n|rated|\n|rule|Species Clause: Limit one of each Pokémon\n|rule|HP Percentage Mod: HP is shown in percentages\n|rule|Illusion Level Mod: Illusion disguises the Pokémon's true level\n|rule|Sleep Clause Mod: Limit one foe put to sleep\n|\n|t:|1771128917\n|teamsize|p1|6\n|teamsize|p2|6\n|start\n|switch|p1a: Granbull|Granbull, L88, M|302/302\n|switch|p1b: Garganacl|Garganacl, L81, M|295/295\n|switch|p2a: Leafeon|Leafeon, L90, F|263/263\n|switch|p2b: Bruxish|Bruxish, L86, M|257/257\n|-ability|p1a: Granbull|Intimidate|boost\n|-unboost|p2a: Leafeon|atk|1\n|-unboost|p2b: Bruxish|atk|1\n|turn|1\n|\n|t:|1771128937\n|switch|p2b: Greedent|Greedent, L86, M|347/347\n|move|p2a: Leafeon|Swords Dance|p2a: Leafeon\n|-boost|p2a: Leafeon|atk|2\n|move|p1a: Granbull|Super Fang|p2a: Leafeon\n|-damage|p2a: Leafeon|132/263\n|move|p1b: Garganacl|Stealth Rock|p2b: Greedent\n|-sidestart|p2: greglake|move: Stealth Rock\n|\n|upkeep\n|turn|2\n|\n|t:|1771128952\n|move|p1b: Garganacl|Protect|p1b: Garganacl\n|-singleturn|p1b: Garganacl|Protect\n|move|p2a: Leafeon|Leaf Blade|p1a: Granbull\n|-damage|p1a: Granbull|29/302\n|-damage|p2a: Leafeon|106/263|[from] item: Life Orb\n|move|p1a: Granbull|Play Rough|p2a: Leafeon\n|-damage|p2a: Leafeon|19/263\n|move|p2b: Greedent|Swords Dance|p2b: Greedent\n|-boost|p2b: Greedent|atk|2\n|\n|upkeep\n|turn|3\n|\n|t:|1771128970\n|switch|p1b: Gliscor|Gliscor, L81, F|254/254\n|move|p2a: Leafeon|Leaf Blade|p1b: Gliscor\n|-damage|p1b: Gliscor|73/254\n|-damage|p2a: Leafeon|0 fnt|[from] item: Life Orb\n|faint|p2a: Leafeon\n|move|p1a: Granbull|Super Fang|p2b: Greedent\n|-damage|p2b: Greedent|174/347\n|move|p2b: Greedent|High Horsepower|p1a: Granbull\n|-damage|p1a: Granbull|0 fnt\n|faint|p1a: Granbull\n|\n|-status|p1b: Gliscor|tox|[from] item: Toxic Orb\n|upkeep\n|\n|t:|1771128990\n|switch|p2a: Iron Valiant|Iron Valiant, L79|247/247\n|switch|p1a: Electivire|Electivire, L86, F|269/269\n|-damage|p2a: Iron Valiant|232/247|[from] Stealth Rock\n|turn|4\n|\n|t:|1771129001\n|move|p2a: Iron Valiant|Protect|p2a: Iron Valiant\n|-singleturn|p2a: Iron Valiant|Protect\n|move|p1b: Gliscor|Protect|p1b: Gliscor\n|-singleturn|p1b: Gliscor|Protect\n|move|p1a: Electivire|Cross Chop|p2b: Greedent\n|-supereffective|p2b: Greedent\n|-damage|p2b: Greedent|0 fnt\n|faint|p2b: Greedent\n|-damage|p1a: Electivire|243/269|[from] item: Life Orb\n|\n|-heal|p1b: Gliscor|104/254 tox|[from] ability: Poison Heal\n|upkeep\n|\n|t:|1771129012\n|switch|p2b: Cyclizar|Cyclizar, L87, M|264/264\n|-damage|p2b: Cyclizar|231/264|[from] Stealth Rock\n|turn|5\n|\n|t:|1771129033\n|switch|p1b: Garganacl|Garganacl, L81, M|295/295\n|move|p2b: Cyclizar|Draco Meteor|p1b: Garganacl\n|-damage|p1b: Garganacl|120/295\n|-unboost|p2b: Cyclizar|spa|2\n|-damage|p2b: Cyclizar|205/264|[from] item: Life Orb\n|move|p2a: Iron Valiant|Encore|p1a: Electivire\n|-start|p1a: Electivire|Encore\n|move|p1a: Electivire|Cross Chop|p2a: Iron Valiant|[miss]\n|-miss|p1a: Electivire|p2a: Iron Valiant\n|\n|-heal|p1b: Garganacl|138/295|[from] item: Leftovers\n|upkeep\n|turn|6\n|\n|t:|1771129080\n|-terastallize|p1b: Garganacl|Ghost\n|move|p2b: Cyclizar|Shed Tail|p2b: Cyclizar\n|-start|p2b: Cyclizar|Substitute|[from] move: Shed Tail\n|-damage|p2b: Cyclizar|73/264\n|\n|t:|1771129085\n|switch|p2b: Espeon|Espeon, L84, F|246/246|[from] Shed Tail\n|-damage|p2b: Espeon|216/246|[from] Stealth Rock\n|move|p2a: Iron Valiant|Moonblast|p1b: Garganacl\n|-damage|p1b: Garganacl|0 fnt\n|faint|p1b: Garganacl\n|-damage|p2a: Iron Valiant|208/247|[from] item: Life Orb\n|move|p1a: Electivire|Cross Chop|p2b: Espeon|[miss]\n|-miss|p1a: Electivire|p2b: Espeon\n|\n|upkeep\n|\n|t:|1771129110\n|switch|p1b: Gliscor|Gliscor, L81, F|104/254 tox\n|turn|7\n|\n|t:|1771129118\n|move|p2b: Espeon|Psychic|p1a: Electivire\n|-crit|p1a: Electivire\n|-damage|p1a: Electivire|0 fnt\n|faint|p1a: Electivire\n|-damage|p2b: Espeon|192/246|[from] item: Life Orb\n|move|p2a: Iron Valiant|Moonblast|p1b: Gliscor\n|-damage|p1b: Gliscor|0 fnt\n|faint|p1b: Gliscor\n|-damage|p2a: Iron Valiant|184/247|[from] item: Life Orb\n|\n|upkeep\n|-message|lil vvs forfeited.\n|\n|win|greglake\n|raw|lil vvs's rating: 1664 &rarr; <strong>1649</strong><br />(-15 for losing)\n|raw|greglake's rating: 1744 &rarr; <strong>1759</strong><br />(+15 for winning)\n|l|☆lil vvs\n|player|p1|\n", "inputlog": ">version 686819e5e19f8a7fd2345cfc5a08a5085efa2cc3\n>start {\"formatid\":\"gen9randomdoublesbattle\",\"seed\":\"sodium,471405c500eff993b1962a00d40a65e7\",\"rated\":\"Rated battle\"}\n>player p1 {\"name\":\"lil vvs\",\"avatar\":\"102\",\"rating\":1664,\"seed\":\"sodium,f69e03200f8265ccdae7e8a00139f0da\"}\n>player p2 {\"name\":\"greglake\",\"avatar\":\"265\",\"rating\":1744,\"seed\":\"sodium,98d4e9794316de3ee472cb5cd0724edf\"}\n>p1 move superfang +1, move stealthrock\n>p2 move swordsdance, switch 4\n>p1 move playrough +1, move protect\n>p2 move leafblade +1, move swordsdance\n>p1 move superfang +2, switch 6\n>p2 move leafblade +2, move highhorsepower +1\n>p1 switch 4, pass\n>p2 switch 5, pass\n>p1 move crosschop +2, move protect\n>p2 move protect, move highhorsepower +1\n>p2 pass, switch 6\n>p1 move wildcharge +1, switch 6\n>p2 move encore +1, move dracometeor +2\n>p1 move crosschop +2, move saltcure +1 terastallize\n>p2 move moonblast +2, move shedtail\n>p2 pass, switch 3\n>p1 pass, switch 6\n>p1 move crosschop +2, move tailwind\n>p2 move moonblast +2, move psychic +1\n>forcelose p1", "uploadtime": 1771129130, "views": 66, "formatid": "gen9randomdoublesbattle", "rating": 1649, "private": 0, "password": null}