{"id": "gen9randomdoublesbattle-2537357786", "format": "[Gen 9] Random Doubles Battle", "players": ["gggo", "dragonite1396"], "log": "|j|☆gggo\n|j|☆dragonite1396\n|t:|1770803615\n|gametype|doubles\n|player|p1|gggo|1|1873\n|player|p2|dragonite1396|lance|2042\n|gen|9\n|tier|[Gen 9] Random Doubles Battle\n|rated|\n|rule|Species Clause: Limit one of each Pokémon\n|rule|HP Percentage Mod: HP is shown in percentages\n|rule|Illusion Level Mod: Illusion disguises the Pokémon's true level\n|rule|Sleep Clause Mod: Limit one foe put to sleep\n|\n|t:|1770803615\n|teamsize|p1|6\n|teamsize|p2|6\n|start\n|switch|p1a: Leafeon|Leafeon, L90, M|263/263\n|switch|p1b: Persian|Persian-Alola, L88, M|258/258\n|switch|p2a: Basculin|Basculin-Blue-Striped, L87, F|264/264\n|switch|p2b: Gallade|Gallade, L80, M|240/240\n|turn|1\n|inactive|Battle timer is ON: inactive players will automatically lose when time's up. (requested by gggo)\n|inactive|dragonite1396 has 120 seconds left.\n|\n|t:|1770803648\n|switch|p2a: Articuno|Articuno, L82|282/282\n|-ability|p2a: Articuno|Pressure\n|move|p1b: Persian|Fake Out|p2b: Gallade\n|-damage|p2b: Gallade|211/240\n|cant|p2b: Gallade|flinch\n|move|p1a: Leafeon|Leaf Blade|p2a: Articuno\n|-resisted|p2a: Articuno\n|-crit|p2a: Articuno\n|-damage|p2a: Articuno|181/282\n|-damage|p1a: Leafeon|237/263|[from] item: Life Orb\n|\n|upkeep\n|turn|2\n|\n|t:|1770803668\n|switch|p1a: Espathra|Espathra, L83, M|293/293\n|move|p2b: Gallade|Sacred Sword|p1b: Persian\n|-supereffective|p1b: Persian\n|-damage|p1b: Persian|42/258\n|-enditem|p1b: Persian|Sitrus Berry|[eat]\n|-heal|p1b: Persian|106/258|[from] item: Sitrus Berry\n|move|p1b: Persian|Thunder Wave|p2b: Gallade\n|-status|p2b: Gallade|par\n|move|p2a: Articuno|Tailwind|p2a: Articuno\n|-sidestart|p2: dragonite1396|move: Tailwind\n|\n|upkeep\n|turn|3\n|\n|t:|1770803695\n|switch|p2b: Mew|Mew, L84|305/305\n|move|p2a: Articuno|Freeze-Dry|p1b: Persian\n|-damage|p1b: Persian|19/258\n|move|p1b: Persian|Thunder Wave|p2a: Articuno\n|-status|p2a: Articuno|par\n|move|p1a: Espathra|Lumina Crash|p2a: Articuno\n|-damage|p2a: Articuno|91/282 par\n|-unboost|p2a: Articuno|spd|2\n|-enditem|p2a: Articuno|Sitrus Berry|[eat]\n|-heal|p2a: Articuno|161/282 par|[from] item: Sitrus Berry\n|-damage|p1a: Espathra|264/293|[from] item: Life Orb\n|\n|-ability|p1a: Espathra|Speed Boost|boost\n|-boost|p1a: Espathra|spe|1\n|upkeep\n|turn|4\n|\n|t:|1770803717\n|move|p2b: Mew|Pollen Puff|p1b: Persian\n|-supereffective|p1b: Persian\n|-damage|p1b: Persian|0 fnt\n|faint|p1b: Persian\n|move|p1a: Espathra|Lumina Crash|p2b: Mew\n|-resisted|p2b: Mew\n|-damage|p2b: Mew|254/305\n|-unboost|p2b: Mew|spd|2\n|-damage|p1a: Espathra|235/293|[from] item: Life Orb\n|move|p2a: Articuno|Brave Bird|p1a: Espathra\n|-damage|p1a: Espathra|88/293\n|-damage|p2a: Articuno|112/282 par|[from] Recoil\n|\n|-ability|p1a: Espathra|Speed Boost|boost\n|-boost|p1a: Espathra|spe|1\n|upkeep\n|\n|t:|1770803736\n|switch|p1b: Basculin|Basculin, L87, F|264/264\n|turn|5\n|\n|t:|1770803751\n|switch|p2b: Gallade|Gallade, L80, M|211/240 par\n|move|p1a: Espathra|Protect|p1a: Espathra\n|-singleturn|p1a: Espathra|Protect\n|move|p1b: Basculin|Protect|p1b: Basculin\n|-singleturn|p1b: Basculin|Protect\n|move|p2a: Articuno|Freeze-Dry|p1b: Basculin\n|-activate|p1b: Basculin|move: Protect\n|\n|-sideend|p2: dragonite1396|move: Tailwind\n|-ability|p1a: Espathra|Speed Boost|boost\n|-boost|p1a: Espathra|spe|1\n|upkeep\n|turn|6\n|\n|t:|1770803760\n|move|p1a: Espathra|Lumina Crash|p2a: Articuno\n|-damage|p2a: Articuno|0 fnt\n|faint|p2a: Articuno\n|-damage|p1a: Espathra|59/293|[from] item: Life Orb\n|move|p1b: Basculin|Wave Crash|p2b: Gallade\n|-damage|p2b: Gallade|0 fnt\n|faint|p2b: Gallade\n|-damage|p1b: Basculin|194/264|[from] Recoil\n|\n|-ability|p1a: Espathra|Speed Boost|boost\n|-boost|p1a: Espathra|spe|1\n|upkeep\n|\n|t:|1770803776\n|switch|p2a: Chien-Pao|Chien-Pao, L75|244/244\n|switch|p2b: Basculin|Basculin-Blue-Striped, L87, F|264/264\n|-ability|p2a: Chien-Pao|Sword of Ruin\n|turn|7\n|\n|t:|1770803784\n|move|p1a: Espathra|Protect|p1a: Espathra\n|-singleturn|p1a: Espathra|Protect\n|move|p2b: Basculin|Aqua Jet|p1a: Espathra\n|-activate|p1a: Espathra|move: Protect\n|move|p2a: Chien-Pao|Sacred Sword|p1b: Basculin\n|-damage|p1b: Basculin|69/264\n|-damage|p2a: Chien-Pao|220/244|[from] item: Life Orb\n|move|p1b: Basculin|Wave Crash|p2a: Chien-Pao\n|-crit|p2a: Chien-Pao\n|-damage|p2a: Chien-Pao|0 fnt\n|faint|p2a: Chien-Pao\n|-damage|p1b: Basculin|0 fnt|[from] Recoil\n|faint|p1b: Basculin\n|\n|-ability|p1a: Espathra|Speed Boost|boost\n|-boost|p1a: Espathra|spe|1\n|upkeep\n|\n|t:|1770803804\n|switch|p2a: Mew|Mew, L84|254/305\n|switch|p1b: Calyrex|Calyrex-Shadow, L63|231/231\n|-ability|p1b: Calyrex|As One\n|-ability|p1b: Calyrex|Unnerve\n|turn|8\n|\n|t:|1770803834\n|switch|p2b: Gliscor|Gliscor, L81, F|254/254\n|move|p1a: Espathra|Lumina Crash|p2b: Gliscor\n|-damage|p2b: Gliscor|118/254\n|-unboost|p2b: Gliscor|spd|2\n|-damage|p1a: Espathra|30/293|[from] item: Life Orb\n|move|p1b: Calyrex|Astral Barrage|p2b: Gliscor|[spread] p2a,p2b\n|-supereffective|p2a: Mew\n|-damage|p2a: Mew|49/305\n|-damage|p2b: Gliscor|0 fnt\n|faint|p2b: Gliscor\n|-ability|p1b: Calyrex|Grim Neigh|boost\n|-boost|p1b: Calyrex|spa|1\n|-damage|p1b: Calyrex|208/231|[from] item: Life Orb\n|move|p2a: Mew|Thunder Wave|p1b: Calyrex\n|-status|p1b: Calyrex|par\n|\n|-ability|p1a: Espathra|Speed Boost|boost\n|-boost|p1a: Espathra|spe|1\n|upkeep\n|-message|dragonite1396 forfeited.\n|\n|win|gggo\n|raw|gggo's rating: 1873 &rarr; <strong>1902</strong><br />(+29 for winning)\n|raw|dragonite1396's rating: 2042 &rarr; <strong>2013</strong><br />(-29 for losing)\n|l|☆dragonite1396\n|player|p2|\n", "inputlog": ">version ccdc32dd7cde25fd9e4bed64820e885f66e78a4e\n>start {\"formatid\":\"gen9randomdoublesbattle\",\"seed\":\"sodium,3fcbaedf9dd170338589d6d13ce358fb\",\"rated\":\"Rated battle\"}\n>player p1 {\"name\":\"gggo\",\"avatar\":\"1\",\"rating\":1873,\"seed\":\"sodium,4c42072adbef2d338016aa1661348e98\"}\n>player p2 {\"name\":\"dragonite1396\",\"avatar\":\"lance\",\"rating\":2042,\"seed\":\"sodium,202ea2eec47db7e3d2d1de496aa39c71\"}\n>p1 move leafblade +1, move fakeout +2\n>p2 switch 6, move trick +1\n>p1 switch 4, move thunderwave +2\n>p2 move tailwind, move sacredsword +2\n>p1 move luminacrash +1, move thunderwave +1\n>p2 move freezedry +2, switch 4\n>p1 move luminacrash +2, move foulplay +2\n>p2 move bravebird +1, move pollenpuff +2\n>p1 pass, switch 3\n>p1 move protect, move protect\n>p2 move freezedry +2, switch 4\n>p1 move luminacrash +1, move wavecrash +2\n>p2 move tailwind, move trick +1\n>p2 switch 5, switch 6\n>p1 move protect, move wavecrash +1\n>p2 move sacredsword +2, move aquajet +1\n>p1 pass, switch 5\n>p2 switch 4, pass\n>p1 move luminacrash +2, move astralbarrage\n>p2 move thunderwave +2, switch 3\n>forcelose p2", "uploadtime": 1770803888, "views": 68, "formatid": "gen9randomdoublesbattle", "rating": 1902, "private": 0, "password": null}