{"id": "gen9randomdoublesbattle-2539802715", "format": "[Gen 9] Random Doubles Battle", "players": ["telegragh101", "improvguy"], "log": "|j|☆telegragh101\n|j|☆improvguy\n|t:|1771110884\n|gametype|doubles\n|player|p1|telegragh101|101|1818\n|player|p2|improvguy|cameraman|1898\n|gen|9\n|tier|[Gen 9] Random Doubles Battle\n|rated|\n|rule|Species Clause: Limit one of each Pokémon\n|rule|HP Percentage Mod: HP is shown in percentages\n|rule|Illusion Level Mod: Illusion disguises the Pokémon's true level\n|rule|Sleep Clause Mod: Limit one foe put to sleep\n|\n|t:|1771110884\n|teamsize|p1|6\n|teamsize|p2|6\n|start\n|switch|p1a: Primarina|Primarina, L79, F|256/256\n|switch|p1b: Meowstic|Meowstic, L88, M|274/274\n|switch|p2a: Gumshoos|Gumshoos, L93, F|315/315\n|switch|p2b: Regidrago|Regidrago, L74|418/418\n|turn|1\n|inactive|Battle timer is ON: inactive players will automatically lose when time's up. (requested by telegragh101)\n|inactive|telegragh101 has 120 seconds left.\n|\n|t:|1771110916\n|switch|p2b: Probopass|Probopass, L90, M|254/254\n|move|p1b: Meowstic|Reflect|p1b: Meowstic\n|-sidestart|p1: telegragh101|Reflect\n|move|p1a: Primarina|Calm Mind|p1a: Primarina\n|-boost|p1a: Primarina|spa|1\n|-boost|p1a: Primarina|spd|1\n|move|p2a: Gumshoos|Double-Edge|p1a: Primarina\n|-damage|p1a: Primarina|0 fnt\n|faint|p1a: Primarina\n|-damage|p2a: Gumshoos|231/315|[from] Recoil\n|\n|upkeep\n|\n|t:|1771110932\n|switch|p1a: Crabominable|Crabominable, L89, M|317/317\n|turn|2\n|\n|t:|1771110946\n|switch|p2b: Drifblim|Drifblim, L85, M|394/394\n|move|p1b: Meowstic|Helping Hand|p1a: Crabominable\n|-singleturn|p1a: Crabominable|Helping Hand|[of] p1b: Meowstic\n|move|p2a: Gumshoos|Double-Edge|p1a: Crabominable\n|-damage|p1a: Crabominable|89/317\n|-damage|p2a: Gumshoos|156/315|[from] Recoil\n|move|p1a: Crabominable|Drain Punch|p2a: Gumshoos\n|-supereffective|p2a: Gumshoos\n|-damage|p2a: Gumshoos|0 fnt\n|-heal|p1a: Crabominable|167/317|[from] drain|[of] p2a: Gumshoos\n|faint|p2a: Gumshoos\n|-damage|p1a: Crabominable|136/317|[from] item: Life Orb\n|\n|upkeep\n|\n|t:|1771110953\n|switch|p2a: Greninja|Greninja, L83, M|255/255\n|turn|3\n|\n|t:|1771110970\n|move|p1b: Meowstic|Light Screen|p1b: Meowstic\n|-sidestart|p1: telegragh101|move: Light Screen\n|move|p2a: Greninja|Hydro Pump|p1a: Crabominable\n|-damage|p1a: Crabominable|23/317\n|-damage|p2a: Greninja|230/255|[from] item: Life Orb\n|move|p2b: Drifblim|Shadow Ball|p1a: Crabominable\n|-crit|p1a: Crabominable\n|-damage|p1a: Crabominable|0 fnt\n|faint|p1a: Crabominable\n|\n|upkeep\n|\n|t:|1771110986\n|switch|p1a: Manaphy|Manaphy, L78|284/284\n|turn|4\n|\n|t:|1771110992\n|switch|p1b: Skuntank|Skuntank, L85, F|314/314\n|move|p2a: Greninja|Dark Pulse|p1b: Skuntank\n|-resisted|p1b: Skuntank\n|-damage|p1b: Skuntank|265/314\n|-damage|p2a: Greninja|205/255|[from] item: Life Orb\n|move|p1a: Manaphy|Tail Glow|p1a: Manaphy\n|-boost|p1a: Manaphy|spa|3\n|move|p2b: Drifblim|Tailwind|p2b: Drifblim\n|-sidestart|p2: improvguy|move: Tailwind\n|\n|upkeep\n|turn|5\n|\n|t:|1771111008\n|move|p2a: Greninja|Dark Pulse|p1a: Manaphy\n|-damage|p1a: Manaphy|206/284\n|-damage|p2a: Greninja|180/255|[from] item: Life Orb\n|move|p2b: Drifblim|Will-O-Wisp|p1b: Skuntank\n|-status|p1b: Skuntank|brn\n|move|p1a: Manaphy|Ice Beam|p2b: Drifblim\n|-supereffective|p2b: Drifblim\n|-damage|p2b: Drifblim|20/394\n|-enditem|p2b: Drifblim|Sitrus Berry|[eat]\n|-heal|p2b: Drifblim|118/394|[from] item: Sitrus Berry\n|move|p1b: Skuntank|Gunk Shot|p2a: Greninja|[miss]\n|-miss|p1b: Skuntank|p2a: Greninja\n|\n|-heal|p1a: Manaphy|223/284|[from] item: Leftovers\n|-damage|p1b: Skuntank|246/314 brn|[from] brn\n|upkeep\n|turn|6\n|\n|t:|1771111029\n|switch|p1b: Meowstic|Meowstic, L88, M|274/274\n|move|p2b: Drifblim|Strength Sap|p1b: Meowstic\n|-unboost|p1b: Meowstic|atk|1\n|-heal|p2b: Drifblim|207/394\n|move|p2a: Greninja|Dark Pulse|p1a: Manaphy\n|-damage|p1a: Manaphy|147/284\n|-damage|p2a: Greninja|155/255|[from] item: Life Orb\n|move|p1a: Manaphy|Ice Beam|p2b: Drifblim\n|-supereffective|p2b: Drifblim\n|-damage|p2b: Drifblim|0 fnt\n|faint|p2b: Drifblim\n|\n|-heal|p1a: Manaphy|164/284|[from] item: Leftovers\n|upkeep\n|\n|t:|1771111035\n|switch|p2b: Regidrago|Regidrago, L74|418/418\n|turn|7\n|\n|t:|1771111052\n|move|p1b: Meowstic|Helping Hand|p1a: Manaphy\n|-singleturn|p1a: Manaphy|Helping Hand|[of] p1b: Meowstic\n|move|p2a: Greninja|Dark Pulse|p1a: Manaphy\n|-damage|p1a: Manaphy|88/284\n|-damage|p2a: Greninja|130/255|[from] item: Life Orb\n|move|p2b: Regidrago|Dragon Claw|p1a: Manaphy\n|-damage|p1a: Manaphy|27/284\n|move|p1a: Manaphy|Scald|p2a: Greninja\n|-resisted|p2a: Greninja\n|-damage|p2a: Greninja|0 fnt\n|faint|p2a: Greninja\n|\n|-heal|p1a: Manaphy|44/284|[from] item: Leftovers\n|-sideend|p2: improvguy|move: Tailwind\n|upkeep\n|\n|t:|1771111066\n|switch|p2a: Zacian|Zacian-Crowned, L66|231/231\n|-ability|p2a: Zacian|Intrepid Sword|boost\n|-boost|p2a: Zacian|atk|1\n|turn|8\n|\n|t:|1771111078\n|switch|p1b: Skuntank|Skuntank, L85, F|246/314 brn\n|move|p2b: Regidrago|Dragon Claw|p1a: Manaphy\n|-damage|p1a: Manaphy|0 fnt\n|faint|p1a: Manaphy\n|move|p2a: Zacian|Behemoth Blade|p1b: Skuntank\n|-damage|p1b: Skuntank|138/314 brn\n|\n|-damage|p1b: Skuntank|119/314 brn|[from] brn\n|-sideend|p1: telegragh101|Reflect\n|upkeep\n|\n|t:|1771111089\n|switch|p1a: Meowstic|Meowstic, L88, M|274/274\n|turn|9\n|\n|t:|1771111106\n|move|p1a: Meowstic|Reflect|p1a: Meowstic\n|-sidestart|p1: telegragh101|Reflect\n|move|p2b: Regidrago|Dragon Claw|p1a: Meowstic\n|-damage|p1a: Meowstic|196/274\n|move|p2a: Zacian|Behemoth Blade|p1a: Meowstic\n|-damage|p1a: Meowstic|103/274\n|move|p1b: Skuntank|Knock Off|p2b: Regidrago\n|-damage|p2b: Regidrago|315/418\n|-enditem|p2b: Regidrago|Choice Scarf|[from] move: Knock Off|[of] p1b: Skuntank\n|-damage|p1b: Skuntank|88/314 brn|[from] item: Life Orb\n|\n|-damage|p1b: Skuntank|69/314 brn|[from] brn\n|upkeep\n|turn|10\n|\n|t:|1771111127\n|move|p2a: Zacian|Behemoth Blade|p1a: Meowstic\n|-damage|p1a: Meowstic|4/274\n|move|p1a: Meowstic|Psychic|p2b: Regidrago\n|-damage|p2b: Regidrago|161/418\n|move|p1b: Skuntank|Toxic Spikes|p2a: Zacian\n|-sidestart|p2: improvguy|move: Toxic Spikes\n|move|p2b: Regidrago|Dragon Claw|p1a: Meowstic\n|-damage|p1a: Meowstic|0 fnt\n|faint|p1a: Meowstic\n|\n|-damage|p1b: Skuntank|50/314 brn|[from] brn\n|-sideend|p1: telegragh101|move: Light Screen\n|upkeep\n|\n|t:|1771111140\n|switch|p1a: Minior|Minior-Blue, L83|232/232\n|-formechange|p1a: Minior|Minior-Meteor||[from] ability: Shields Down\n|turn|11\n|\n|t:|1771111153\n|-terastallize|p1a: Minior|Steel\n|move|p2a: Zacian|Behemoth Blade|p1a: Minior\n|-resisted|p1a: Minior\n|-damage|p1a: Minior|190/232\n|move|p1b: Skuntank|Gunk Shot|p2b: Regidrago|[miss]\n|-miss|p1b: Skuntank|p2b: Regidrago\n|move|p2b: Regidrago|Draco Meteor|p1a: Minior\n|-resisted|p1a: Minior\n|-damage|p1a: Minior|115/232\n|-unboost|p2b: Regidrago|spa|2\n|move|p1a: Minior|Shell Smash|p1a: Minior\n|-unboost|p1a: Minior|def|1\n|-unboost|p1a: Minior|spd|1\n|-boost|p1a: Minior|atk|2\n|-boost|p1a: Minior|spa|2\n|-boost|p1a: Minior|spe|2\n|-enditem|p1a: Minior|White Herb\n|-clearnegativeboost|p1a: Minior|[silent]\n|\n|-damage|p1b: Skuntank|31/314 brn|[from] brn\n|-formechange|p1a: Minior|Minior-Blue||[from] ability: Shields Down\n|upkeep\n|turn|12\n|\n|t:|1771111173\n|move|p1a: Minior|Rock Slide|p2a: Zacian|[spread] p2a,p2b\n|-resisted|p2a: Zacian\n|-damage|p2a: Zacian|175/231\n|-damage|p2b: Regidrago|0 fnt\n|faint|p2b: Regidrago\n|cant|p2a: Zacian|flinch\n|move|p1b: Skuntank|Knock Off|p2a: Zacian\n|-resisted|p2a: Zacian\n|-crit|p2a: Zacian\n|-damage|p2a: Zacian|141/231\n|-damage|p1b: Skuntank|0 fnt|[from] item: Life Orb\n|faint|p1b: Skuntank\n|\n|upkeep\n|\n|t:|1771111179\n|switch|p2b: Probopass|Probopass, L90, M|254/254\n|turn|13\n|\n|t:|1771111190\n|move|p1a: Minior|Rock Slide|p2a: Zacian|[spread] \n|-miss|p1a: Minior|p2a: Zacian\n|-miss|p1a: Minior|p2b: Probopass\n|move|p2a: Zacian|Close Combat|p1a: Minior\n|-supereffective|p1a: Minior\n|-damage|p1a: Minior|0 fnt\n|-unboost|p2a: Zacian|def|1\n|-unboost|p2a: Zacian|spd|1\n|faint|p1a: Minior\n|\n|win|improvguy\n|raw|telegragh101's rating: 1818 &rarr; <strong>1803</strong><br />(-15 for losing)\n|raw|improvguy's rating: 1898 &rarr; <strong>1913</strong><br />(+15 for winning)\n|c|☆improvguy|gg\n|l|☆telegragh101\n|player|p1|\n", "inputlog": ">version ccdc32dd7cde25fd9e4bed64820e885f66e78a4e\n>start {\"formatid\":\"gen9randomdoublesbattle\",\"seed\":\"sodium,475164d811952a27df6ff6361eddacba\",\"rated\":\"Rated battle\"}\n>player p1 {\"name\":\"telegragh101\",\"avatar\":\"101\",\"rating\":1818,\"seed\":\"sodium,e6105bd2a7f155225f0e2ef0c3aa8b34\"}\n>player p2 {\"name\":\"improvguy\",\"avatar\":\"cameraman\",\"rating\":1898,\"seed\":\"sodium,2addd50d98d4598d23f9e8c148d0eb20\"}\n>p1 move calmmind, move reflect\n>p2 move doubleedge +1, switch 6\n>p1 switch 5, pass\n>p1 move drainpunch +1, move helpinghand -1\n>p2 move doubleedge +1, switch 4\n>p2 switch 5, pass\n>p1 move icehammer +2, move lightscreen\n>p2 move hydropump +1, move shadowball +1\n>p1 switch 3, pass\n>p1 move tailglow, switch 6\n>p2 move darkpulse +2, move tailwind\n>p1 move icebeam +2, move gunkshot +1\n>p2 move darkpulse +1, move willowisp +2\n>p1 move icebeam +2, switch 6\n>p2 move darkpulse +1, move strengthsap +2\n>p2 pass, switch 6\n>p1 move scald +1, move helpinghand -1\n>p2 move darkpulse +1, move dragonclaw +1\n>p2 switch 3, pass\n>p1 move icebeam +2, switch 6\n>p2 move behemothblade +1, move dragonclaw +1\n>p1 switch 6, pass\n>p1 move reflect, move knockoff +2\n>p2 move behemothblade +1, move dragonclaw +1\n>p1 move psychic +2, move toxicspikes\n>p2 move behemothblade +1, move dragonclaw +1\n>p1 switch 4, pass\n>p1 move shellsmash terastallize, move gunkshot +2\n>p2 move behemothblade +1, move dracometeor +1\n>p1 move rockslide, move knockoff +1\n>p2 move closecombat +1, move earthpower +1\n>p2 pass, switch 4\n>p1 move rockslide, pass\n>p2 move closecombat +1, move irondefense", "uploadtime": 1771111284, "views": 76, "formatid": "gen9randomdoublesbattle", "rating": 1803, "private": 0, "password": null}