{"id": "gen9randomdoublesbattle-2536609232", "format": "[Gen 9] Random Doubles Battle", "players": ["kalsonofjor", "Niklasmadness"], "log": "|j|☆kalsonofjor\n|j|‽Niklasmadness\n|t:|1770714340\n|gametype|doubles\n|player|p1|kalsonofjor|2|1881\n|player|p2|Niklasmadness|cynthia|1991\n|gen|9\n|tier|[Gen 9] Random Doubles Battle\n|rated|\n|rule|Species Clause: Limit one of each Pokémon\n|rule|HP Percentage Mod: HP is shown in percentages\n|rule|Illusion Level Mod: Illusion disguises the Pokémon's true level\n|rule|Sleep Clause Mod: Limit one foe put to sleep\n|\n|t:|1770714340\n|teamsize|p1|6\n|teamsize|p2|6\n|start\n|switch|p1a: Frosmoth|Frosmoth, L86, M|261/261\n|switch|p1b: Chi-Yu|Chi-Yu, L75|206/206\n|switch|p2a: Dudunsparce|Dudunsparce, L86, M|355/355\n|switch|p2b: Gogoat|Gogoat, L90, F|368/368\n|-ability|p1b: Chi-Yu|Beads of Ruin\n|turn|1\n|inactive|Battle timer is ON: inactive players will automatically lose when time's up. (requested by Niklasmadness)\n|\n|t:|1770714369\n|switch|p1a: Perrserker|Perrserker, L88, M|266/266\n|move|p1b: Chi-Yu|Protect|p1b: Chi-Yu\n|-singleturn|p1b: Chi-Yu|Protect\n|move|p2b: Gogoat|Double-Edge|p1a: Perrserker\n|-resisted|p1a: Perrserker\n|-crit|p1a: Perrserker\n|-damage|p1a: Perrserker|203/266\n|-damage|p2b: Gogoat|347/368|[from] Recoil\n|move|p2a: Dudunsparce|Tailwind|p2a: Dudunsparce\n|-sidestart|p2: Niklasmadness|move: Tailwind\n|\n|upkeep\n|turn|2\n|inactive|Niklasmadness has 120 seconds left.\n|\n|t:|1770714399\n|switch|p1b: Braviary|Braviary-Hisui, L84, M|322/322\n|move|p2b: Gogoat|Double-Edge|p1b: Braviary\n|-damage|p1b: Braviary|211/322\n|-damage|p2b: Gogoat|310/368|[from] Recoil\n|move|p2a: Dudunsparce|Earth Power|p1b: Braviary\n|-immune|p1b: Braviary\n|move|p1a: Perrserker|Close Combat|p2a: Dudunsparce\n|-supereffective|p2a: Dudunsparce\n|-damage|p2a: Dudunsparce|0 fnt\n|-unboost|p1a: Perrserker|def|1\n|-unboost|p1a: Perrserker|spd|1\n|faint|p2a: Dudunsparce\n|\n|upkeep\n|inactive|Niklasmadness has 120 seconds left.\n|\n|t:|1770714424\n|switch|p2a: Palossand|Palossand, L90, M|299/299\n|turn|3\n|\n|t:|1770714445\n|move|p2b: Gogoat|High Horsepower|p1a: Perrserker\n|-supereffective|p1a: Perrserker\n|-damage|p1a: Perrserker|0 fnt\n|faint|p1a: Perrserker\n|move|p2a: Palossand|Shadow Ball|p1b: Braviary\n|-supereffective|p1b: Braviary\n|-damage|p1b: Braviary|0 fnt\n|faint|p1b: Braviary\n|\n|upkeep\n|\n|t:|1770714457\n|switch|p1b: Dachsbun|Dachsbun, L90, M|249/249\n|switch|p1a: Chi-Yu|Chi-Yu, L75|206/206\n|-ability|p1a: Chi-Yu|Beads of Ruin\n|turn|4\n|\n|t:|1770714483\n|switch|p2b: Toedscruel|Toedscruel, L87, F|281/281\n|move|p1a: Chi-Yu|Protect|p1a: Chi-Yu\n|-singleturn|p1a: Chi-Yu|Protect\n|move|p2a: Palossand|Shadow Ball|p1b: Dachsbun\n|-damage|p1b: Dachsbun|119/249\n|-enditem|p1b: Dachsbun|Sitrus Berry|[eat]\n|-heal|p1b: Dachsbun|181/249|[from] item: Sitrus Berry\n|move|p1b: Dachsbun|Yawn|p2a: Palossand\n|-start|p2a: Palossand|move: Yawn|[of] p1b: Dachsbun\n|\n|-sideend|p2: Niklasmadness|move: Tailwind\n|upkeep\n|turn|5\n|inactive|Niklasmadness has 120 seconds left.\n|\n|t:|1770714528\n|switch|p2a: Gogoat|Gogoat, L90, F|310/368\n|-terastallize|p2b: Toedscruel|Water\n|move|p1b: Dachsbun|Helping Hand|p1a: Chi-Yu\n|-singleturn|p1a: Chi-Yu|Helping Hand|[of] p1b: Dachsbun\n|move|p1a: Chi-Yu|Heat Wave|p2a: Gogoat|[spread] p2a,p2b\n|-supereffective|p2a: Gogoat\n|-resisted|p2b: Toedscruel\n|-damage|p2a: Gogoat|29/368\n|-damage|p2b: Toedscruel|203/281\n|-damage|p1a: Chi-Yu|186/206|[from] item: Life Orb\n|move|p2b: Toedscruel|Spore|p1a: Chi-Yu\n|-status|p1a: Chi-Yu|slp|[from] move: Spore\n|\n|upkeep\n|turn|6\n|inactive|Niklasmadness has 120 seconds left.\n|\n|t:|1770714556\n|move|p2b: Toedscruel|Earth Power|p1a: Chi-Yu\n|-supereffective|p1a: Chi-Yu\n|-damage|p1a: Chi-Yu|24/206 slp\n|move|p1b: Dachsbun|Yawn|p2b: Toedscruel\n|-start|p2b: Toedscruel|move: Yawn|[of] p1b: Dachsbun\n|cant|p1a: Chi-Yu|slp\n|move|p2a: Gogoat|Horn Leech|p1b: Dachsbun\n|-damage|p1b: Dachsbun|108/249\n|-heal|p2a: Gogoat|66/368|[from] drain|[of] p1b: Dachsbun\n|\n|upkeep\n|turn|7\n|inactive|Niklasmadness has 120 seconds left.\n|\n|t:|1770714581\n|switch|p1a: Frosmoth|Frosmoth, L86, M|261/261\n|move|p2b: Toedscruel|Knock Off|p1a: Frosmoth\n|-damage|p1a: Frosmoth|189/261\n|-enditem|p1a: Frosmoth|Heavy-Duty Boots|[from] move: Knock Off|[of] p2b: Toedscruel\n|move|p1b: Dachsbun|Play Rough|p2a: Gogoat\n|-damage|p2a: Gogoat|0 fnt\n|faint|p2a: Gogoat\n|\n|-end|p2b: Toedscruel|move: Yawn|[silent]\n|-status|p2b: Toedscruel|slp\n|upkeep\n|\n|t:|1770714595\n|switch|p2a: Corviknight|Corviknight, L80, M|288/288\n|turn|8\n|inactive|Niklasmadness has 120 seconds left.\n|\n|t:|1770714612\n|move|p1b: Dachsbun|Helping Hand|p1a: Frosmoth\n|-singleturn|p1a: Frosmoth|Helping Hand|[of] p1b: Dachsbun\n|move|p1a: Frosmoth|Ice Beam|p2a: Corviknight\n|-damage|p2a: Corviknight|84/288\n|-status|p2a: Corviknight|frz\n|cant|p2a: Corviknight|frz\n|cant|p2b: Toedscruel|slp\n|\n|-heal|p2a: Corviknight|102/288 frz|[from] item: Leftovers\n|upkeep\n|turn|9\n|\n|t:|1770714634\n|move|p1b: Dachsbun|Play Rough|p2b: Toedscruel|[miss]\n|-miss|p1b: Dachsbun|p2b: Toedscruel\n|move|p1a: Frosmoth|Quiver Dance|p1a: Frosmoth\n|-boost|p1a: Frosmoth|spa|1\n|-boost|p1a: Frosmoth|spd|1\n|-boost|p1a: Frosmoth|spe|1\n|cant|p2a: Corviknight|frz\n|cant|p2b: Toedscruel|slp\n|\n|-heal|p2a: Corviknight|120/288 frz|[from] item: Leftovers\n|upkeep\n|turn|10\n|\n|t:|1770714647\n|move|p1a: Frosmoth|Ice Beam|p2a: Corviknight\n|-damage|p2a: Corviknight|0 fnt\n|faint|p2a: Corviknight\n|move|p1b: Dachsbun|Play Rough|p2b: Toedscruel\n|-damage|p2b: Toedscruel|86/281 slp\n|-enditem|p2b: Toedscruel|Sitrus Berry|[eat]\n|-heal|p2b: Toedscruel|156/281 slp|[from] item: Sitrus Berry\n|cant|p2b: Toedscruel|slp\n|\n|upkeep\n|\n|t:|1770714661\n|switch|p2a: Snorlax|Snorlax, L84, F|406/406\n|turn|11\n|\n|t:|1770714686\n|move|p1a: Frosmoth|Protect|p1a: Frosmoth\n|-singleturn|p1a: Frosmoth|Protect\n|-curestatus|p2b: Toedscruel|slp|[msg]\n|move|p2b: Toedscruel|Rage Powder|p2b: Toedscruel\n|-singleturn|p2b: Toedscruel|move: Rage Powder\n|move|p1b: Dachsbun|Play Rough|p2b: Toedscruel\n|-damage|p2b: Toedscruel|48/281\n|move|p2a: Snorlax|Body Slam|p1a: Frosmoth\n|-activate|p1a: Frosmoth|move: Protect\n|\n|upkeep\n|turn|12\n|\n|t:|1770714706\n|move|p2b: Toedscruel|Rage Powder|p2b: Toedscruel\n|-singleturn|p2b: Toedscruel|move: Rage Powder\n|move|p1a: Frosmoth|Bug Buzz|p2b: Toedscruel\n|-damage|p2b: Toedscruel|0 fnt\n|faint|p2b: Toedscruel\n|move|p1b: Dachsbun|Body Press|p2a: Snorlax\n|-supereffective|p2a: Snorlax\n|-damage|p2a: Snorlax|226/406\n|move|p2a: Snorlax|Body Slam|p1a: Frosmoth\n|-damage|p1a: Frosmoth|54/261\n|\n|upkeep\n|\n|t:|1770714717\n|switch|p2b: Palossand|Palossand, L90, M|299/299\n|turn|13\n|inactive|Niklasmadness has 120 seconds left.\n|\n|t:|1770714771\n|move|p1a: Frosmoth|Protect|p1a: Frosmoth\n|-singleturn|p1a: Frosmoth|Protect\n|move|p2a: Snorlax|Protect|p2a: Snorlax\n|-singleturn|p2a: Snorlax|Protect\n|move|p1b: Dachsbun|Body Press|p2a: Snorlax\n|-activate|p2a: Snorlax|move: Protect\n|move|p2b: Palossand|Shadow Ball|p1a: Frosmoth\n|-activate|p1a: Frosmoth|move: Protect\n|\n|upkeep\n|turn|14\n|inactive|Niklasmadness has 120 seconds left.\n|\n|t:|1770714793\n|move|p1a: Frosmoth|Ice Beam|p2b: Palossand\n|-supereffective|p2b: Palossand\n|-damage|p2b: Palossand|0 fnt\n|faint|p2b: Palossand\n|move|p1b: Dachsbun|Body Press|p2a: Snorlax\n|-supereffective|p2a: Snorlax\n|-damage|p2a: Snorlax|56/406\n|-enditem|p2a: Snorlax|Iapapa Berry|[eat]\n|-heal|p2a: Snorlax|191/406|[from] item: Iapapa Berry\n|move|p2a: Snorlax|Body Slam|p1a: Frosmoth\n|-damage|p1a: Frosmoth|0 fnt\n|faint|p1a: Frosmoth\n|\n|upkeep\n|\n|t:|1770714805\n|switch|p1a: Slowking|Slowking-Galar, L86, M|304/304\n|turn|15\n|\n|t:|1770714812\n|move|p1b: Dachsbun|Body Press|p2a: Snorlax\n|-supereffective|p2a: Snorlax\n|-damage|p2a: Snorlax|0 fnt\n|faint|p2a: Snorlax\n|\n|win|kalsonofjor\n|raw|kalsonofjor's rating: 1881 &rarr; <strong>1907</strong><br />(+26 for winning)\n|raw|Niklasmadness's rating: 1991 &rarr; <strong>1965</strong><br />(-26 for losing)\n|l|‽Niklasmadness\n|player|p2|\n", "inputlog": ">version ccdc32dd7cde25fd9e4bed64820e885f66e78a4e\n>start {\"formatid\":\"gen9randomdoublesbattle\",\"seed\":\"sodium,d88c14f97354b2ecfe2606c25305de11\",\"rated\":\"Rated battle\"}\n>player p1 {\"name\":\"kalsonofjor\",\"avatar\":\"2\",\"rating\":1881,\"seed\":\"sodium,7e6001b92c41f29d11506b4d3dc7d700\"}\n>player p2 {\"name\":\"Niklasmadness\",\"avatar\":\"cynthia\",\"rating\":1991,\"seed\":\"sodium,a38e5082e52cf01479738e5d4e50b7fb\"}\n>p1 switch 5, move protect\n>p2 move tailwind, move doubleedge +1\n>p1 move closecombat +1, switch 6\n>p2 move earthpower +2, move doubleedge +2\n>p2 switch 5, pass\n>p1 move closecombat +2, move tailwind\n>p2 move shadowball +2, move highhorsepower +1\n>p1 switch 6, switch 3\n>p1 move protect, move yawn +1\n>p2 move shadowball +2, switch 3\n>p1 move heatwave, move helpinghand -1\n>p2 switch 3, move spore +1 terastallize\n>p1 move heatwave, move yawn +2\n>p2 move hornleech +2, move earthpower +1\n>p1 switch 5, move playrough +1\n>p2 move hornleech +2, move knockoff +1\n>p2 switch 6, pass\n>p1 move icebeam +1, move helpinghand -1\n>p2 move bravebird +1, move spore +2\n>p1 move quiverdance, move playrough +2\n>p2 move bravebird +1, move spore +1\n>p1 move icebeam +1, move playrough +2\n>p2 move bravebird +1, move spore +1\n>p2 switch 4, pass\n>p1 move protect, move playrough +2\n>p2 move bodyslam +1, move ragepowder\n>p1 move bugbuzz +2, move bodypress +1\n>p2 move bodyslam +1, move ragepowder\n>p2 pass, switch 3\n>p1 move protect, move bodypress +1\n>p2 move protect, move shadowball +1\n>p1 move icebeam +2, move bodypress +1\n>p2 move bodyslam +1, move shadowball +1\n>p1 switch 4, pass\n>p1 move sludgebomb +1, move bodypress +1\n>p2 move bodyslam +2, pass", "uploadtime": 1770714820, "views": 66, "formatid": "gen9randomdoublesbattle", "rating": 1907, "private": 0, "password": null}