{"id": "gen9randomdoublesbattle-2540431202", "format": "[Gen 9] Random Doubles Battle", "players": ["Taxxed_Nerd", "pokeenmon"], "log": "|j|☆Taxxed_Nerd\n|j|☆pokeenmon\n|t:|1771201184\n|gametype|doubles\n|player|p1|Taxxed_Nerd|collector|1611\n|player|p2|pokeenmon|gentleman|1682\n|gen|9\n|tier|[Gen 9] Random Doubles Battle\n|rated|\n|rule|Species Clause: Limit one of each Pokémon\n|rule|HP Percentage Mod: HP is shown in percentages\n|rule|Illusion Level Mod: Illusion disguises the Pokémon's true level\n|rule|Sleep Clause Mod: Limit one foe put to sleep\n|\n|t:|1771201184\n|teamsize|p1|6\n|teamsize|p2|6\n|start\n|switch|p1a: Gardevoir|Gardevoir, L83, F|249/249\n|switch|p1b: Wyrdeer|Wyrdeer, L85, F|314/314\n|switch|p2a: Golurk|Golurk, L86|293/293\n|switch|p2b: Mightyena|Mightyena, L95, F|287/287\n|-ability|p2b: Mightyena|Intimidate|boost\n|-unboost|p1a: Gardevoir|atk|1\n|-unboost|p1b: Wyrdeer|atk|1\n|-ability|p1a: Gardevoir|Intimidate|Trace|[from] ability: Trace|[of] p2b: Mightyena\n|-ability|p1a: Gardevoir|Intimidate|boost\n|-unboost|p2a: Golurk|atk|1\n|-unboost|p2b: Mightyena|atk|1\n|-ability|p1b: Wyrdeer|Intimidate|boost\n|-unboost|p2a: Golurk|atk|1\n|-unboost|p2b: Mightyena|atk|1\n|turn|1\n|c|☆pokeenmon|crazy start lmao\n|\n|t:|1771201227\n|switch|p1b: Serperior|Serperior, L80, M|251/251\n|switch|p2a: Ceruledge|Ceruledge, L80, F|251/251\n|move|p2b: Mightyena|Howl|p2b: Mightyena|[spread] p2a,p2b\n|-boost|p2a: Ceruledge|atk|1\n|-boost|p2b: Mightyena|atk|1\n|move|p1a: Gardevoir|Moonblast|p2b: Mightyena\n|-supereffective|p2b: Mightyena\n|-damage|p2b: Mightyena|0 fnt\n|faint|p2b: Mightyena\n|\n|upkeep\n|\n|t:|1771201248\n|switch|p2b: Raichu|Raichu, L87, M|246/246\n|turn|2\n|\n|t:|1771201259\n|switch|p1a: Wyrdeer|Wyrdeer, L85, F|314/314\n|-ability|p1a: Wyrdeer|Intimidate|boost\n|-unboost|p2a: Ceruledge|atk|1\n|-unboost|p2b: Raichu|atk|1\n|-terastallize|p1b: Serperior|Dragon\n|move|p2b: Raichu|Fake Out|p1a: Wyrdeer\n|-damage|p1a: Wyrdeer|289/314\n|move|p1b: Serperior|Knock Off|p2a: Ceruledge\n|-supereffective|p2a: Ceruledge\n|-damage|p2a: Ceruledge|98/251\n|-ability|p2a: Ceruledge|Weak Armor|boost\n|-unboost|p2a: Ceruledge|def|1\n|-boost|p2a: Ceruledge|spe|2\n|-enditem|p2a: Ceruledge|Life Orb|[from] move: Knock Off|[of] p1b: Serperior\n|-damage|p1b: Serperior|226/251|[from] item: Life Orb\n|move|p2a: Ceruledge|Bitter Blade|p1b: Serperior\n|-resisted|p1b: Serperior\n|-damage|p1b: Serperior|169/251\n|-heal|p2a: Ceruledge|127/251|[from] drain|[of] p1b: Serperior\n|\n|upkeep\n|turn|3\n|\n|t:|1771201309\n|move|p1b: Serperior|Protect|p1b: Serperior\n|-singleturn|p1b: Serperior|Protect\n|move|p2a: Ceruledge|Poltergeist|p1b: Serperior\n|-activate|p1b: Serperior|move: Protect\n|move|p2b: Raichu|Nuzzle|p1a: Wyrdeer\n|-damage|p1a: Wyrdeer|273/314\n|-status|p1a: Wyrdeer|par\n|move|p1a: Wyrdeer|Psychic|p2a: Ceruledge\n|-crit|p2a: Ceruledge\n|-damage|p2a: Ceruledge|0 fnt\n|faint|p2a: Ceruledge\n|\n|upkeep\n|\n|t:|1771201343\n|switch|p2a: Quaquaval|Quaquaval, L82, F|274/274\n|turn|4\n|\n|t:|1771201380\n|switch|p1a: Gardevoir|Gardevoir, L83, F|249/249\n|-ability|p1a: Gardevoir|Lightning Rod|Trace|[from] ability: Trace|[of] p2b: Raichu\n|-terastallize|p2a: Quaquaval|Fire\n|move|p2b: Raichu|Nuzzle|p1a: Gardevoir\n|-activate|p1a: Gardevoir|ability: Lightning Rod\n|-ability|p1a: Gardevoir|Lightning Rod|boost\n|-boost|p1a: Gardevoir|spa|1\n|move|p1b: Serperior|Leaf Storm|p2b: Raichu\n|-damage|p2b: Raichu|100/246\n|-boost|p1b: Serperior|spa|2\n|-enditem|p2b: Raichu|Sitrus Berry|[eat]\n|-heal|p2b: Raichu|161/246|[from] item: Sitrus Berry\n|-damage|p1b: Serperior|144/251|[from] item: Life Orb\n|move|p2a: Quaquaval|Triple Axel|p1b: Serperior\n|-supereffective|p1b: Serperior\n|-damage|p1b: Serperior|100/251\n|-hitcount|p1b: Serperior|1\n|-damage|p2a: Quaquaval|247/274|[from] item: Life Orb\n|\n|upkeep\n|turn|5\n|c|☆pokeenmon|bruh\n|\n|t:|1771201435\n|switch|p2b: Golurk|Golurk, L86|293/293\n|move|p1b: Serperior|Dragon Pulse|p2a: Quaquaval\n|-damage|p2a: Quaquaval|60/274\n|-damage|p1b: Serperior|75/251|[from] item: Life Orb\n|move|p2a: Quaquaval|Aqua Step|p1a: Gardevoir\n|-damage|p1a: Gardevoir|96/249\n|-boost|p2a: Quaquaval|spe|1\n|-damage|p2a: Quaquaval|33/274|[from] item: Life Orb\n|move|p1a: Gardevoir|Psychic|p2b: Golurk\n|-damage|p2b: Golurk|107/293\n|\n|upkeep\n|turn|6\n|\n|t:|1771201466\n|switch|p1a: Wyrdeer|Wyrdeer, L85, F|273/314 par\n|-ability|p1a: Wyrdeer|Intimidate|boost\n|-unboost|p2a: Quaquaval|atk|1\n|-unboost|p2b: Golurk|atk|1\n|move|p1b: Serperior|Protect|p1b: Serperior\n|-singleturn|p1b: Serperior|Protect\n|move|p2a: Quaquaval|Aqua Step|p1a: Wyrdeer\n|-damage|p1a: Wyrdeer|179/314 par\n|-boost|p2a: Quaquaval|spe|1\n|-damage|p2a: Quaquaval|6/274|[from] item: Life Orb\n|move|p2b: Golurk|Dynamic Punch|p1b: Serperior\n|-activate|p1b: Serperior|move: Protect\n|\n|upkeep\n|turn|7\n|\n|t:|1771201506\n|move|p2a: Quaquaval|Triple Axel|p1b: Serperior\n|-supereffective|p1b: Serperior\n|-damage|p1b: Serperior|46/251\n|-supereffective|p1b: Serperior\n|-damage|p1b: Serperior|0 fnt\n|faint|p1b: Serperior\n|-ability|p2a: Quaquaval|Moxie|boost\n|-boost|p2a: Quaquaval|atk|1\n|-hitcount|p1: Serperior|2\n|-damage|p2a: Quaquaval|0 fnt|[from] item: Life Orb\n|faint|p2a: Quaquaval\n|move|p2b: Golurk|Dynamic Punch|p1a: Wyrdeer\n|-damage|p1a: Wyrdeer|115/314 par\n|-start|p1a: Wyrdeer|confusion\n|-enditem|p1a: Wyrdeer|Sitrus Berry|[eat]\n|-heal|p1a: Wyrdeer|193/314 par|[from] item: Sitrus Berry\n|-activate|p1a: Wyrdeer|confusion\n|move|p1a: Wyrdeer|Psychic|p2b: Golurk\n|-damage|p2b: Golurk|35/293\n|\n|upkeep\n|\n|t:|1771201526\n|switch|p1b: Gardevoir|Gardevoir, L83, F|96/249\n|switch|p2a: Raichu|Raichu, L87, M|161/246\n|-ability|p1b: Gardevoir|Lightning Rod|Trace|[from] ability: Trace|[of] p2a: Raichu\n|turn|8\n|\n|t:|1771201542\n|switch|p1a: Ting-Lu|Ting-Lu, L82|388/388\n|-ability|p1a: Ting-Lu|Vessel of Ruin\n|move|p2a: Raichu|Fake Out|p1b: Gardevoir\n|-damage|p1b: Gardevoir|59/249\n|cant|p1b: Gardevoir|flinch\n|move|p2b: Golurk|Poltergeist|p1b: Gardevoir\n|-activate|p1b: Gardevoir|move: Poltergeist|Choice Specs\n|-supereffective|p1b: Gardevoir\n|-damage|p1b: Gardevoir|0 fnt\n|faint|p1b: Gardevoir\n|\n|upkeep\n|\n|t:|1771201552\n|switch|p1b: Wyrdeer|Wyrdeer, L85, F|193/314 par\n|-ability|p1b: Wyrdeer|Intimidate|boost\n|-unboost|p2a: Raichu|atk|1\n|-unboost|p2b: Golurk|atk|1\n|turn|9\n|\n|t:|1771201575\n|switch|p2a: Krookodile|Krookodile, L80, M|283/283\n|-ability|p2a: Krookodile|Intimidate|boost\n|-unboost|p1a: Ting-Lu|atk|1\n|-unboost|p1b: Wyrdeer|atk|1\n|move|p2b: Golurk|Dynamic Punch|p1a: Ting-Lu\n|-supereffective|p1a: Ting-Lu\n|-damage|p1a: Ting-Lu|322/388\n|-start|p1a: Ting-Lu|confusion\n|-activate|p1a: Ting-Lu|confusion\n|move|p1a: Ting-Lu|Stomping Tantrum|p2a: Krookodile\n|-damage|p2a: Krookodile|223/283\n|move|p1b: Wyrdeer|Psychic|p2b: Golurk\n|-damage|p2b: Golurk|0 fnt\n|faint|p2b: Golurk\n|\n|upkeep\n|\n|t:|1771201590\n|switch|p2b: Raichu|Raichu, L87, M|161/246\n|turn|10\n|\n|t:|1771201617\n|switch|p1a: Garchomp|Garchomp, L77, M|293/293\n|switch|p1b: Probopass|Probopass, L90, M|254/254\n|move|p2b: Raichu|Fake Out|p1a: Garchomp\n|-damage|p1a: Garchomp|264/293\n|-damage|p2b: Raichu|131/246|[from] ability: Rough Skin|[of] p1a: Garchomp\n|move|p2a: Krookodile|Knock Off|p1b: Probopass\n|-damage|p1b: Probopass|185/254\n|-enditem|p1b: Probopass|Leftovers|[from] move: Knock Off|[of] p2a: Krookodile\n|\n|upkeep\n|turn|11\n|\n|t:|1771201647\n|switch|p1b: Wyrdeer|Wyrdeer, L85, F|193/314 par\n|-ability|p1b: Wyrdeer|Intimidate|boost\n|-unboost|p2a: Krookodile|atk|1\n|-unboost|p2b: Raichu|atk|1\n|move|p2a: Krookodile|Knock Off|p1a: Garchomp\n|-damage|p1a: Garchomp|186/293\n|-damage|p2a: Krookodile|188/283|[from] ability: Rough Skin|[of] p1a: Garchomp\n|-enditem|p1a: Garchomp|Loaded Dice|[from] move: Knock Off|[of] p2a: Krookodile\n|move|p2b: Raichu|Nuzzle|p1b: Wyrdeer\n|-damage|p1b: Wyrdeer|177/314 par\n|move|p1a: Garchomp|Scale Shot|p2a: Krookodile|[miss]\n|-miss|p1a: Garchomp|p2a: Krookodile\n|\n|upkeep\n|turn|12\n|c|☆pokeenmon|gg\n|-message|pokeenmon forfeited.\n|\n|win|Taxxed_Nerd\n|raw|Taxxed_Nerd's rating: 1611 &rarr; <strong>1635</strong><br />(+24 for winning)\n|raw|pokeenmon's rating: 1682 &rarr; <strong>1658</strong><br />(-24 for losing)\n|l|☆pokeenmon\n|player|p2|\n", "inputlog": ">version 686819e5e19f8a7fd2345cfc5a08a5085efa2cc3\n>start {\"formatid\":\"gen9randomdoublesbattle\",\"seed\":\"sodium,32f33762c4f620b521ecf16015e82f9c\",\"rated\":\"Rated battle\"}\n>player p1 {\"name\":\"Taxxed_Nerd\",\"avatar\":\"collector\",\"rating\":1611,\"seed\":\"sodium,5fcffb7588527cf77fc793bafc4b2bef\"}\n>player p2 {\"name\":\"pokeenmon\",\"avatar\":\"gentleman\",\"rating\":1682,\"seed\":\"sodium,04e3c213f883f24e3db5803c701b03da\"}\n>chat ☆pokeenmon|crazy start lmao\n>p1 move moonblast +2, switch 5\n>p2 switch 3, move howl\n>p2 pass, switch 6\n>p1 switch 5, move knockoff +1 terastallize\n>p2 move bitterblade +2, move fakeout +1\n>p1 move psychic +1, move protect\n>p2 move poltergeist +2, move nuzzle +1\n>p2 switch 5, pass\n>p1 switch 5, move leafstorm +2\n>p2 move tripleaxel +2 terastallize, move nuzzle +2\n>chat ☆pokeenmon|bruh\n>p1 move psychic +2, move dragonpulse +1\n>p2 move aquastep +1, switch 3\n>p1 switch 5, move protect\n>p2 move aquastep +1, move dynamicpunch +2\n>p1 move psychic +1, move leafstorm +2\n>p2 move tripleaxel +2, move dynamicpunch +1\n>p1 pass, switch 5\n>p2 switch 3, pass\n>p1 switch 6, move dazzlinggleam\n>p2 move fakeout +2, move poltergeist +2\n>p1 pass, switch 6\n>p1 move stompingtantrum +1, move psychic +2\n>p2 switch 4, move dynamicpunch +1\n>p2 pass, switch 4\n>p1 switch 3, switch 4\n>p2 move knockoff +2, move fakeout +1\n>p1 move scaleshot +1, switch 4\n>p2 move knockoff +1, move nuzzle +2\n>chat ☆pokeenmon|gg\n>forcelose p2", "uploadtime": 1771201671, "views": 41, "formatid": "gen9randomdoublesbattle", "rating": 1635, "private": 0, "password": null}