{"id": "gen9randomdoublesbattle-2537964506", "format": "[Gen 9] Random Doubles Battle", "players": ["melonhead7", "TheLastOne"], "log": "|j|☆melonhead7\n|j|☆TheLastOne\n|t:|1770869712\n|gametype|doubles\n|player|p1|melonhead7|101|1998\n|player|p2|TheLastOne|falkner|1987\n|gen|9\n|tier|[Gen 9] Random Doubles Battle\n|rated|\n|rule|Species Clause: Limit one of each Pokémon\n|rule|HP Percentage Mod: HP is shown in percentages\n|rule|Illusion Level Mod: Illusion disguises the Pokémon's true level\n|rule|Sleep Clause Mod: Limit one foe put to sleep\n|\n|t:|1770869712\n|teamsize|p1|6\n|teamsize|p2|6\n|start\n|switch|p1a: Minior|Minior-Yellow, L83|232/232\n|switch|p1b: Appletun|Appletun, L92, F|352/352\n|switch|p2a: Umbreon|Umbreon, L85, M|300/300\n|switch|p2b: Persian|Persian-Alola, L88, M|258/258\n|-formechange|p1a: Minior|Minior-Meteor||[from] ability: Shields Down\n|turn|1\n|inactive|Battle timer is ON: inactive players will automatically lose when time's up. (requested by melonhead7)\n|\n|t:|1770869742\n|move|p1a: Minior|Protect|p1a: Minior\n|-singleturn|p1a: Minior|Protect\n|move|p2b: Persian|Foul Play|p1a: Minior\n|-activate|p1a: Minior|move: Protect\n|move|p2a: Umbreon|Foul Play|p1a: Minior\n|-activate|p1a: Minior|move: Protect\n|move|p1b: Appletun|Apple Acid|p2a: Umbreon\n|-damage|p2a: Umbreon|221/300\n|-unboost|p2a: Umbreon|spd|1\n|\n|upkeep\n|turn|2\n|\n|t:|1770869770\n|move|p2b: Persian|Icy Wind|p1b: Appletun|[spread] p1a,p1b\n|-supereffective|p1a: Minior\n|-supereffective|p1b: Appletun\n|-damage|p1a: Minior|182/232\n|-damage|p1b: Appletun|244/352\n|-unboost|p1a: Minior|spe|1\n|-unboost|p1b: Appletun|spe|1\n|-enditem|p1a: Minior|White Herb\n|-clearnegativeboost|p1a: Minior|[silent]\n|move|p2a: Umbreon|Thunder Wave|p1b: Appletun\n|-status|p1b: Appletun|par\n|move|p1a: Minior|Shell Smash|p1a: Minior\n|-unboost|p1a: Minior|def|1\n|-unboost|p1a: Minior|spd|1\n|-boost|p1a: Minior|atk|2\n|-boost|p1a: Minior|spa|2\n|-boost|p1a: Minior|spe|2\n|cant|p1b: Appletun|par\n|\n|upkeep\n|turn|3\n|\n|t:|1770869798\n|move|p1a: Minior|Rock Slide|p2b: Persian|[spread] p2a,p2b\n|-damage|p2a: Umbreon|152/300\n|-damage|p2b: Persian|204/258\n|cant|p2b: Persian|flinch\n|move|p2a: Umbreon|Foul Play|p1a: Minior\n|-damage|p1a: Minior|0 fnt\n|faint|p1a: Minior\n|move|p1b: Appletun|Apple Acid|p2b: Persian\n|-damage|p2b: Persian|86/258\n|-unboost|p2b: Persian|spd|1\n|-enditem|p2b: Persian|Sitrus Berry|[eat]\n|-heal|p2b: Persian|150/258|[from] item: Sitrus Berry\n|\n|upkeep\n|inactive|melonhead7 has 120 seconds left.\n|\n|t:|1770869814\n|switch|p1a: Milotic|Milotic, L81, F|287/287\n|turn|4\n|\n|t:|1770869827\n|move|p2b: Persian|Parting Shot|p1b: Appletun\n|-unboost|p1b: Appletun|atk|1\n|-unboost|p1b: Appletun|spa|1\n|\n|t:|1770869835\n|switch|p2b: Deoxys|Deoxys-Speed, L85|224/224|[from] Parting Shot\n|-ability|p2b: Deoxys|Pressure\n|move|p1a: Milotic|Scald|p2a: Umbreon\n|-damage|p2a: Umbreon|65/300\n|-enditem|p2a: Umbreon|Sitrus Berry|[eat]\n|-heal|p2a: Umbreon|140/300|[from] item: Sitrus Berry\n|move|p2a: Umbreon|Thunder Wave|p1a: Milotic\n|-status|p1a: Milotic|par\n|move|p1b: Appletun|Apple Acid|p2b: Deoxys\n|-damage|p2b: Deoxys|157/224\n|-unboost|p2b: Deoxys|spd|1\n|\n|upkeep\n|turn|5\n|\n|t:|1770869856\n|move|p2a: Umbreon|Helping Hand|p2b: Deoxys\n|-singleturn|p2b: Deoxys|Helping Hand|[of] p2a: Umbreon\n|move|p2b: Deoxys|Psycho Boost|p1b: Appletun\n|-damage|p1b: Appletun|0 fnt\n|-unboost|p2b: Deoxys|spa|2\n|faint|p1b: Appletun\n|-damage|p2b: Deoxys|135/224|[from] item: Life Orb\n|move|p1a: Milotic|Scald|p2b: Deoxys\n|-damage|p2b: Deoxys|21/224\n|\n|upkeep\n|inactive|melonhead7 has 120 seconds left.\n|\n|t:|1770869888\n|switch|p1b: Baxcalibur|Baxcalibur, L78, M|307/307\n|turn|6\n|\n|t:|1770869904\n|switch|p1b: Cresselia|Cresselia, L80, F|323/323\n|move|p2b: Deoxys|Superpower|p1b: Cresselia\n|-resisted|p1b: Cresselia\n|-damage|p1b: Cresselia|275/323\n|-unboost|p2b: Deoxys|atk|1\n|-unboost|p2b: Deoxys|def|1\n|-damage|p2b: Deoxys|0 fnt|[from] item: Life Orb\n|faint|p2b: Deoxys\n|move|p2a: Umbreon|Thunder Wave|p1b: Cresselia\n|-status|p1b: Cresselia|par\n|cant|p1a: Milotic|par\n|\n|upkeep\n|\n|t:|1770869912\n|switch|p2b: Garchomp|Garchomp, L77, M|293/293\n|turn|7\n|\n|t:|1770869924\n|move|p2a: Umbreon|Helping Hand|p2b: Garchomp\n|-singleturn|p2b: Garchomp|Helping Hand|[of] p2a: Umbreon\n|move|p1b: Cresselia|Helping Hand|p1a: Milotic\n|-singleturn|p1a: Milotic|Helping Hand|[of] p1b: Cresselia\n|move|p2b: Garchomp|Scale Shot|p1a: Milotic|[miss]\n|-miss|p2b: Garchomp|p1a: Milotic\n|cant|p1a: Milotic|par\n|\n|upkeep\n|turn|8\n|\n|t:|1770869942\n|switch|p2a: Coalossal|Coalossal, L90, M|344/344\n|move|p2b: Garchomp|Protect|p2b: Garchomp\n|-singleturn|p2b: Garchomp|Protect\n|move|p1a: Milotic|Protect|p1a: Milotic\n|-singleturn|p1a: Milotic|Protect\n|move|p1b: Cresselia|Thunder Wave|p2a: Coalossal|[miss]\n|-miss|p1b: Cresselia|p2a: Coalossal\n|\n|upkeep\n|turn|9\n|\n|t:|1770869962\n|move|p2b: Garchomp|Swords Dance|p2b: Garchomp\n|-boost|p2b: Garchomp|atk|2\n|move|p2a: Coalossal|Incinerate|p1b: Cresselia|[spread] p1a,p1b\n|-resisted|p1a: Milotic\n|-damage|p1a: Milotic|269/287 par\n|-damage|p1b: Cresselia|236/323 par\n|-enditem|p1a: Milotic|Sitrus Berry|[from] move: Incinerate\n|-enditem|p1b: Cresselia|Sitrus Berry|[from] move: Incinerate\n|move|p1b: Cresselia|Thunder Wave|p2a: Coalossal\n|-status|p2a: Coalossal|par\n|move|p1a: Milotic|Icy Wind|p2b: Garchomp|[spread] p2a,p2b\n|-resisted|p2a: Coalossal\n|-supereffective|p2b: Garchomp\n|-damage|p2a: Coalossal|331/344 par\n|-damage|p2b: Garchomp|165/293\n|-unboost|p2a: Coalossal|spe|1\n|-unboost|p2b: Garchomp|spe|1\n|\n|upkeep\n|turn|10\n|\n|t:|1770869992\n|-terastallize|p2b: Garchomp|Dragon\n|move|p2b: Garchomp|Scale Shot|p1a: Milotic|[miss]\n|-miss|p2b: Garchomp|p1a: Milotic\n|move|p1b: Cresselia|Lunar Blessing|p1b: Cresselia|[spread] p1a,p1b\n|-heal|p1a: Milotic|287/287 par\n|-curestatus|p1a: Milotic|par|[msg]\n|-heal|p1b: Cresselia|317/323 par\n|-curestatus|p1b: Cresselia|par|[msg]\n|move|p1a: Milotic|Icy Wind|p2a: Coalossal|[spread] p2a,p2b\n|-resisted|p2a: Coalossal\n|-supereffective|p2b: Garchomp\n|-crit|p2b: Garchomp\n|-damage|p2a: Coalossal|318/344 par\n|-damage|p2b: Garchomp|71/293\n|-unboost|p2a: Coalossal|spe|1\n|-unboost|p2b: Garchomp|spe|1\n|move|p2a: Coalossal|Stone Edge|p1b: Cresselia\n|-damage|p1b: Cresselia|224/323\n|\n|upkeep\n|turn|11\n|c|☆TheLastOne|Lol\n|c|☆TheLastOne|Wtf\n|\n|t:|1770870019\n|switch|p2b: Persian|Persian-Alola, L88, M|150/258\n|switch|p2a: Umbreon|Umbreon, L85, M|140/300\n|move|p1b: Cresselia|Psychic|p2b: Persian\n|-immune|p2b: Persian\n|move|p1a: Milotic|Scald|p2a: Umbreon\n|-damage|p2a: Umbreon|80/300\n|\n|upkeep\n|turn|12\n|\n|t:|1770870032\n|move|p2b: Persian|Fake Out|p1a: Milotic\n|-damage|p1a: Milotic|263/287\n|move|p1b: Cresselia|Thunder Wave|p2b: Persian\n|-status|p2b: Persian|par\n|cant|p1a: Milotic|flinch\n|move|p2a: Umbreon|Moonlight|p2a: Umbreon\n|-heal|p2a: Umbreon|230/300\n|\n|upkeep\n|turn|13\n|\n|t:|1770870043\n|move|p1b: Cresselia|Helping Hand|p1a: Milotic\n|-singleturn|p1a: Milotic|Helping Hand|[of] p1b: Cresselia\n|move|p1a: Milotic|Scald|p2b: Persian\n|-damage|p2b: Persian|5/258 par\n|move|p2a: Umbreon|Foul Play|p1a: Milotic\n|-damage|p1a: Milotic|179/287\n|move|p2b: Persian|Foul Play|p1a: Milotic\n|-damage|p1a: Milotic|94/287\n|\n|upkeep\n|turn|14\n|\n|t:|1770870060\n|move|p1b: Cresselia|Lunar Blessing|p1b: Cresselia|[spread] p1a,p1b\n|-heal|p1a: Milotic|166/287\n|-heal|p1b: Cresselia|305/323\n|move|p1a: Milotic|Icy Wind|p2a: Umbreon|[spread] p2a,p2b\n|-damage|p2a: Umbreon|210/300\n|-damage|p2b: Persian|0 fnt\n|-unboost|p2a: Umbreon|spe|1\n|faint|p2b: Persian\n|move|p2a: Umbreon|Foul Play|p1b: Cresselia\n|-supereffective|p1b: Cresselia\n|-damage|p1b: Cresselia|197/323\n|\n|upkeep\n|\n|t:|1770870069\n|switch|p2b: Garchomp|Garchomp, L77, M, tera:Dragon|71/293\n|turn|15\n|\n|t:|1770870081\n|move|p2a: Umbreon|Helping Hand|p2b: Garchomp\n|-singleturn|p2b: Garchomp|Helping Hand|[of] p2a: Umbreon\n|move|p2b: Garchomp|Scale Shot|p1a: Milotic\n|-damage|p1a: Milotic|98/287\n|-damage|p1a: Milotic|34/287\n|-damage|p1a: Milotic|0 fnt\n|faint|p1a: Milotic\n|-hitcount|p1: Milotic|3\n|-unboost|p2b: Garchomp|def|1\n|-boost|p2b: Garchomp|spe|1\n|move|p1b: Cresselia|Lunar Blessing|p1b: Cresselia\n|-heal|p1b: Cresselia|278/323\n|\n|upkeep\n|\n|t:|1770870090\n|switch|p1a: Baxcalibur|Baxcalibur, L78, M|307/307\n|turn|16\n|\n|t:|1770870119\n|move|p1b: Cresselia|Helping Hand|p1a: Baxcalibur\n|-singleturn|p1a: Baxcalibur|Helping Hand|[of] p1b: Cresselia\n|move|p2b: Garchomp|Protect|p2b: Garchomp\n|-singleturn|p2b: Garchomp|Protect\n|move|p1a: Baxcalibur|Icicle Spear|p2a: Umbreon\n|-damage|p2a: Umbreon|167/300\n|-crit|p2a: Umbreon\n|-damage|p2a: Umbreon|110/300\n|-damage|p2a: Umbreon|70/300\n|-damage|p2a: Umbreon|25/300\n|-hitcount|p2a: Umbreon|4\n|move|p2a: Umbreon|Foul Play|p1a: Baxcalibur\n|-damage|p1a: Baxcalibur|175/307\n|\n|upkeep\n|turn|17\n|inactive|melonhead7 has 120 seconds left.\n|\n|t:|1770870153\n|-terastallize|p1a: Baxcalibur|Steel\n|move|p2b: Garchomp|Scale Shot|p1a: Baxcalibur\n|-resisted|p1a: Baxcalibur\n|-damage|p1a: Baxcalibur|156/307\n|-resisted|p1a: Baxcalibur\n|-damage|p1a: Baxcalibur|136/307\n|-resisted|p1a: Baxcalibur\n|-crit|p1a: Baxcalibur\n|-damage|p1a: Baxcalibur|108/307\n|-resisted|p1a: Baxcalibur\n|-damage|p1a: Baxcalibur|87/307\n|-hitcount|p1a: Baxcalibur|4\n|-unboost|p2b: Garchomp|def|1\n|-boost|p2b: Garchomp|spe|1\n|move|p1b: Cresselia|Lunar Blessing|p1b: Cresselia|[spread] p1a,p1b\n|-heal|p1a: Baxcalibur|164/307\n|-heal|p1b: Cresselia|323/323\n|move|p1a: Baxcalibur|Icicle Spear|p2b: Garchomp\n|-supereffective|p2b: Garchomp\n|-damage|p2b: Garchomp|0 fnt\n|faint|p2b: Garchomp\n|-hitcount|p2: Garchomp|1\n|move|p2a: Umbreon|Moonlight|p2a: Umbreon\n|-heal|p2a: Umbreon|175/300\n|\n|upkeep\n|\n|t:|1770870159\n|switch|p2b: Coalossal|Coalossal, L90, M|318/344 par\n|turn|18\n|\n|t:|1770870180\n|move|p1a: Baxcalibur|Protect|p1a: Baxcalibur\n|-singleturn|p1a: Baxcalibur|Protect\n|move|p1b: Cresselia|Psychic|p2b: Coalossal\n|-damage|p2b: Coalossal|246/344 par\n|move|p2a: Umbreon|Moonlight|p2a: Umbreon\n|-heal|p2a: Umbreon|300/300\n|cant|p2b: Coalossal|par\n|\n|upkeep\n|turn|19\n|\n|t:|1770870205\n|move|p1b: Cresselia|Lunar Blessing|p1b: Cresselia|[spread] p1a,p1b\n|-heal|p1a: Baxcalibur|241/307\n|move|p1a: Baxcalibur|Icicle Spear|p2a: Umbreon\n|-damage|p2a: Umbreon|275/300\n|-damage|p2a: Umbreon|250/300\n|-damage|p2a: Umbreon|223/300\n|-crit|p2a: Umbreon\n|-damage|p2a: Umbreon|181/300\n|-damage|p2a: Umbreon|153/300\n|-hitcount|p2a: Umbreon|5\n|move|p2a: Umbreon|Foul Play|p1a: Baxcalibur\n|-damage|p1a: Baxcalibur|106/307\n|move|p2b: Coalossal|Fire Blast|p1a: Baxcalibur\n|-supereffective|p1a: Baxcalibur\n|-damage|p1a: Baxcalibur|0 fnt\n|faint|p1a: Baxcalibur\n|\n|upkeep\n|\n|t:|1770870208\n|switch|p1a: Lugia|Lugia, L71|268/268\n|turn|20\n|\n|t:|1770870237\n|move|p1a: Lugia|Earth Power|p2b: Coalossal\n|-supereffective|p2b: Coalossal\n|-crit|p2b: Coalossal\n|-damage|p2b: Coalossal|0 fnt\n|faint|p2b: Coalossal\n|move|p1b: Cresselia|Thunder Wave|p2a: Umbreon\n|-status|p2a: Umbreon|par\n|move|p2a: Umbreon|Moonlight|p2a: Umbreon\n|-heal|p2a: Umbreon|300/300 par\n|\n|upkeep\n|\n|t:|1770870240\n|switch|p2b: Spectrier|Spectrier, L77|281/281\n|turn|21\n|\n|t:|1770870257\n|move|p2b: Spectrier|Protect|p2b: Spectrier\n|-singleturn|p2b: Spectrier|Protect\n|move|p1a: Lugia|Calm Mind|p1a: Lugia\n|-boost|p1a: Lugia|spa|1\n|-boost|p1a: Lugia|spd|1\n|move|p1b: Cresselia|Thunder Wave|p2b: Spectrier\n|-activate|p2b: Spectrier|move: Protect\n|move|p2a: Umbreon|Foul Play|p1a: Lugia\n|-supereffective|p1a: Lugia\n|-damage|p1a: Lugia|214/268\n|\n|-heal|p1a: Lugia|230/268|[from] item: Leftovers\n|upkeep\n|turn|22\n|\n|t:|1770870280\n|move|p2b: Spectrier|Shadow Ball|p1a: Lugia\n|-supereffective|p1a: Lugia\n|-damage|p1a: Lugia|90/268\n|-damage|p2b: Spectrier|253/281|[from] item: Life Orb\n|move|p1a: Lugia|Aeroblast|p2b: Spectrier\n|-damage|p2b: Spectrier|126/281\n|move|p1b: Cresselia|Thunder Wave|p2b: Spectrier|[miss]\n|-miss|p1b: Cresselia|p2b: Spectrier\n|cant|p2a: Umbreon|par\n|\n|-heal|p1a: Lugia|106/268|[from] item: Leftovers\n|upkeep\n|turn|23\n|\n|t:|1770870290\n|move|p2b: Spectrier|Shadow Ball|p1a: Lugia\n|-supereffective|p1a: Lugia\n|-damage|p1a: Lugia|0 fnt\n|faint|p1a: Lugia\n|-ability|p2b: Spectrier|Grim Neigh|boost\n|-boost|p2b: Spectrier|spa|1\n|-damage|p2b: Spectrier|98/281|[from] item: Life Orb\n|move|p1b: Cresselia|Lunar Blessing||[still]\n|-fail|p1b: Cresselia\n|move|p2a: Umbreon|Foul Play|p1b: Cresselia\n|-supereffective|p1b: Cresselia\n|-damage|p1b: Cresselia|221/323\n|\n|upkeep\n|turn|24\n|-message|melonhead7 forfeited.\n|\n|win|TheLastOne\n|raw|melonhead7's rating: 1998 &rarr; <strong>1977</strong><br />(-21 for losing)\n|raw|TheLastOne's rating: 1987 &rarr; <strong>2008</strong><br />(+21 for winning)\n|l|☆melonhead7\n|player|p1|\n|l|☆TheLastOne\n|player|p2|\n", "inputlog": ">version ccdc32dd7cde25fd9e4bed64820e885f66e78a4e\n>start {\"formatid\":\"gen9randomdoublesbattle\",\"seed\":\"sodium,2346641363feb05aa7a19b36cec9bb2d\",\"rated\":\"Rated battle\"}\n>player p1 {\"name\":\"melonhead7\",\"avatar\":\"101\",\"rating\":1998,\"seed\":\"sodium,4233d816fb18202d50d279a0cfe0f7c4\"}\n>player p2 {\"name\":\"TheLastOne\",\"avatar\":\"falkner\",\"rating\":1987,\"seed\":\"sodium,a3b71bd52dbc5a6bb6e0c8c2b6283603\"}\n>p1 move protect, move appleacid +1\n>p2 move foulplay +1, move foulplay +1\n>p1 move shellsmash, move appleacid +2\n>p2 move thunderwave +2, move icywind\n>p1 move rockslide, move appleacid +2\n>p2 move foulplay +1, move foulplay +1\n>p1 switch 6, pass\n>p1 move scald +1, move appleacid +2\n>p2 move thunderwave +1, move partingshot +2\n>p2 pass, switch 4\n>p1 move scald +2, move appleacid +1\n>p2 move helpinghand -2, move psychoboost +2\n>p1 pass, switch 3\n>p1 move icywind, switch 4\n>p2 move thunderwave +2, move superpower +2\n>p2 pass, switch 5\n>p1 move icywind, move helpinghand -1\n>p2 move helpinghand -2, move scaleshot +1\n>p1 move protect, move thunderwave +1\n>p2 switch 3, move protect\n>p1 move icywind, move thunderwave +1\n>p2 move incinerate, move swordsdance\n>p1 move icywind, move lunarblessing\n>p2 move stoneedge +2, move scaleshot +1 terastallize\n>chat ☆TheLastOne|Lol\n>chat ☆TheLastOne|Wtf\n>p1 move scald +1, move psychic +2\n>p2 switch 3, switch 4\n>p1 move icywind, move thunderwave +2\n>p2 move moonlight, move fakeout +1\n>p1 move scald +2, move helpinghand -1\n>p2 move foulplay +1, move foulplay +1\n>p1 move icywind, move lunarblessing\n>p2 move foulplay +2, move foulplay +2\n>p2 pass, switch 4\n>p1 move icywind, move lunarblessing\n>p2 move helpinghand -2, move scaleshot +1\n>p1 switch 4, pass\n>p1 move iciclespear +1, move helpinghand -1\n>p2 move foulplay +1, move protect\n>p1 move iciclespear +2 terastallize, move lunarblessing\n>p2 move moonlight, move scaleshot +1\n>p2 pass, switch 3\n>p1 move protect, move psychic +2\n>p2 move moonlight, move fireblast +1\n>p1 move iciclespear +1, move lunarblessing\n>p2 move foulplay +1, move fireblast +1\n>p1 switch 5, pass\n>p1 move earthpower +2, move thunderwave +1\n>p2 move moonlight, move willowisp +1\n>p2 pass, switch 6\n>p1 move calmmind, move thunderwave +2\n>p2 move foulplay +1, move protect\n>p1 move aeroblast +2, move thunderwave +2\n>p2 move foulplay +1, move shadowball +1\n>p1 move recover, move lunarblessing\n>p2 move foulplay +1, move shadowball +1\n>forcelose p1", "uploadtime": 1770870455, "views": 72, "formatid": "gen9randomdoublesbattle", "rating": 1977, "private": 0, "password": null}