{"id": "gen9randomdoublesbattle-2538614013", "format": "[Gen 9] Random Doubles Battle", "players": ["pejelegante", "BetaCharmander"], "log": "|j|☆pejelegante\n|j|☆BetaCharmander\n|t:|1770947219\n|gametype|doubles\n|player|p1|pejelegante|hugh|1849\n|player|p2|BetaCharmander|101|1864\n|gen|9\n|tier|[Gen 9] Random Doubles Battle\n|rated|\n|rule|Species Clause: Limit one of each Pokémon\n|rule|HP Percentage Mod: HP is shown in percentages\n|rule|Illusion Level Mod: Illusion disguises the Pokémon's true level\n|rule|Sleep Clause Mod: Limit one foe put to sleep\n|\n|t:|1770947219\n|teamsize|p1|6\n|teamsize|p2|6\n|start\n|switch|p1a: Plusle|Plusle, L92, M|260/260\n|switch|p1b: Florges|Florges-White, L84, F|268/268\n|switch|p2a: Deoxys|Deoxys-Attack, L79|209/209\n|switch|p2b: Camerupt|Camerupt, L88, M|266/266\n|-ability|p2a: Deoxys|Pressure\n|turn|1\n|inactive|Battle timer is ON: inactive players will automatically lose when time's up. (requested by pejelegante)\n|\n|t:|1770947242\n|move|p1b: Florges|Protect|p1b: Florges\n|-singleturn|p1b: Florges|Protect\n|move|p2a: Deoxys|Psycho Boost|p1a: Plusle\n|-crit|p1a: Plusle\n|-damage|p1a: Plusle|0 fnt\n|-unboost|p2a: Deoxys|spa|2\n|faint|p1a: Plusle\n|-damage|p2a: Deoxys|189/209|[from] item: Life Orb\n|move|p2b: Camerupt|Heat Wave|p1b: Florges\n|-activate|p1b: Florges|move: Protect\n|\n|upkeep\n|\n|t:|1770947252\n|switch|p1a: Staraptor|Staraptor, L82, M|274/274\n|-ability|p1a: Staraptor|Intimidate|boost\n|-unboost|p2a: Deoxys|atk|1\n|-unboost|p2b: Camerupt|atk|1\n|turn|2\n|\n|t:|1770947259\n|move|p2a: Deoxys|Protect|p2a: Deoxys\n|-singleturn|p2a: Deoxys|Protect\n|move|p1a: Staraptor|Double-Edge|p2a: Deoxys\n|-activate|p2a: Deoxys|move: Protect\n|move|p1b: Florges|Calm Mind|p1b: Florges\n|-boost|p1b: Florges|spa|1\n|-boost|p1b: Florges|spd|1\n|move|p2b: Camerupt|Will-O-Wisp|p1a: Staraptor\n|-status|p1a: Staraptor|brn\n|\n|-damage|p1a: Staraptor|257/274 brn|[from] brn\n|upkeep\n|turn|3\n|\n|t:|1770947282\n|switch|p2a: Eelektross|Eelektross, L86, M|286/286\n|move|p1a: Staraptor|Double-Edge|p2b: Camerupt\n|-damage|p2b: Camerupt|191/266\n|-damage|p1a: Staraptor|232/274 brn|[from] Recoil\n|move|p1b: Florges|Calm Mind|p1b: Florges\n|-boost|p1b: Florges|spa|1\n|-boost|p1b: Florges|spd|1\n|move|p2b: Camerupt|Heat Wave|p1a: Staraptor|[spread] p1a,p1b\n|-damage|p1a: Staraptor|123/274 brn\n|-damage|p1b: Florges|240/268\n|\n|-heal|p1b: Florges|256/268|[from] item: Leftovers\n|-damage|p1a: Staraptor|106/274 brn|[from] brn\n|upkeep\n|turn|4\n|\n|t:|1770947295\n|move|p1a: Staraptor|Double-Edge|p2a: Eelektross\n|-crit|p2a: Eelektross\n|-damage|p2a: Eelektross|182/286\n|-damage|p1a: Staraptor|72/274 brn|[from] Recoil\n|move|p1b: Florges|Dazzling Gleam|p2a: Eelektross|[spread] p2a,p2b\n|-resisted|p2b: Camerupt\n|-damage|p2a: Eelektross|88/286\n|-damage|p2b: Camerupt|117/266\n|-enditem|p2b: Camerupt|Sitrus Berry|[eat]\n|-heal|p2b: Camerupt|183/266|[from] item: Sitrus Berry\n|move|p2a: Eelektross|Knock Off|p1b: Florges\n|-resisted|p1b: Florges\n|-damage|p1b: Florges|207/268\n|-enditem|p1b: Florges|Leftovers|[from] move: Knock Off|[of] p2a: Eelektross\n|move|p2b: Camerupt|Will-O-Wisp|p1b: Florges\n|-status|p1b: Florges|brn\n|\n|-damage|p1a: Staraptor|55/274 brn|[from] brn\n|-damage|p1b: Florges|191/268 brn|[from] brn\n|upkeep\n|turn|5\n|\n|t:|1770947308\n|move|p1a: Staraptor|Double-Edge|p2b: Camerupt\n|-damage|p2b: Camerupt|105/266\n|-damage|p1a: Staraptor|29/274 brn|[from] Recoil\n|move|p1b: Florges|Synthesis|p1b: Florges\n|-heal|p1b: Florges|268/268 brn\n|move|p2a: Eelektross|Thunderbolt|p1a: Staraptor\n|-supereffective|p1a: Staraptor\n|-damage|p1a: Staraptor|0 fnt\n|faint|p1a: Staraptor\n|move|p2b: Camerupt|Heat Wave|p1b: Florges|[miss]\n|-miss|p2b: Camerupt|p1b: Florges\n|\n|-damage|p1b: Florges|252/268 brn|[from] brn\n|upkeep\n|\n|t:|1770947324\n|switch|p1a: Galvantula|Galvantula, L85, M|258/258\n|turn|6\n|inactive|BetaCharmander has 120 seconds left.\n|\n|t:|1770947366\n|move|p1a: Galvantula|Sticky Web|p2a: Eelektross\n|-sidestart|p2: BetaCharmander|move: Sticky Web\n|move|p1b: Florges|Dazzling Gleam|p2b: Camerupt|[spread] p2a,p2b\n|-resisted|p2b: Camerupt\n|-damage|p2a: Eelektross|0 fnt\n|-damage|p2b: Camerupt|27/266\n|faint|p2a: Eelektross\n|move|p2b: Camerupt|Heat Wave|p1b: Florges|[spread] p1a,p1b\n|-supereffective|p1a: Galvantula\n|-damage|p1a: Galvantula|22/258\n|-damage|p1b: Florges|222/268 brn\n|-enditem|p1a: Galvantula|Sitrus Berry|[eat]\n|-heal|p1a: Galvantula|86/258|[from] item: Sitrus Berry\n|\n|-damage|p1b: Florges|206/268 brn|[from] brn\n|upkeep\n|\n|t:|1770947379\n|switch|p2a: Wigglytuff|Wigglytuff, L91, M|403/403\n|-activate|p2a: Wigglytuff|move: Sticky Web\n|-unboost|p2a: Wigglytuff|spe|1\n|-ability|p2a: Wigglytuff|Competitive|boost\n|-boost|p2a: Wigglytuff|spa|2\n|turn|7\n|inactive|BetaCharmander has 120 seconds left.\n|\n|t:|1770947396\n|move|p1a: Galvantula|Thunder|p2a: Wigglytuff\n|-damage|p2a: Wigglytuff|250/403\n|-status|p2a: Wigglytuff|par\n|move|p1b: Florges|Dazzling Gleam|p2b: Camerupt|[spread] p2a,p2b\n|-resisted|p2b: Camerupt\n|-damage|p2a: Wigglytuff|57/403 par\n|-damage|p2b: Camerupt|0 fnt\n|-enditem|p2a: Wigglytuff|Sitrus Berry|[eat]\n|-heal|p2a: Wigglytuff|157/403 par|[from] item: Sitrus Berry\n|faint|p2b: Camerupt\n|move|p2a: Wigglytuff|Dazzling Gleam|p1b: Florges|[spread] p1a,p1b\n|-damage|p1a: Galvantula|0 fnt\n|-damage|p1b: Florges|161/268 brn\n|faint|p1a: Galvantula\n|\n|-damage|p1b: Florges|145/268 brn|[from] brn\n|upkeep\n|\n|t:|1770947425\n|switch|p1a: Mewtwo|Mewtwo, L73|275/275\n|switch|p2b: Torterra|Torterra, L81, M|287/287\n|-ability|p1a: Mewtwo|Unnerve\n|-activate|p2b: Torterra|move: Sticky Web\n|-unboost|p2b: Torterra|spe|1\n|-enditem|p2b: Torterra|White Herb\n|-clearnegativeboost|p2b: Torterra|[silent]\n|turn|8\n|\n|t:|1770947441\n|move|p2b: Torterra|Protect|p2b: Torterra\n|-singleturn|p2b: Torterra|Protect\n|move|p1a: Mewtwo|Psystrike|p2b: Torterra\n|-activate|p2b: Torterra|move: Protect\n|move|p1b: Florges|Dazzling Gleam|p2a: Wigglytuff|[spread] p2a\n|-activate|p2b: Torterra|move: Protect\n|-damage|p2a: Wigglytuff|0 fnt\n|faint|p2a: Wigglytuff\n|\n|-damage|p1b: Florges|129/268 brn|[from] brn\n|upkeep\n|\n|t:|1770947453\n|switch|p2a: Deoxys|Deoxys-Attack, L79|189/209\n|-activate|p2a: Deoxys|move: Sticky Web\n|-unboost|p2a: Deoxys|spe|1\n|-ability|p2a: Deoxys|Pressure\n|turn|9\n|inactive|BetaCharmander has 120 seconds left.\n|\n|t:|1770947479\n|-terastallize|p1b: Florges|Steel\n|move|p2a: Deoxys|Extreme Speed|p1b: Florges\n|-resisted|p1b: Florges\n|-damage|p1b: Florges|65/268 brn\n|-damage|p2a: Deoxys|169/209|[from] item: Life Orb\n|move|p1a: Mewtwo|Psystrike|p2a: Deoxys\n|-resisted|p2a: Deoxys\n|-damage|p2a: Deoxys|29/209\n|move|p1b: Florges|Synthesis|p1b: Florges\n|-heal|p1b: Florges|199/268 brn\n|move|p2b: Torterra|Shell Smash|p2b: Torterra\n|-unboost|p2b: Torterra|def|1\n|-unboost|p2b: Torterra|spd|1\n|-boost|p2b: Torterra|atk|2\n|-boost|p2b: Torterra|spa|2\n|-boost|p2b: Torterra|spe|2\n|\n|-damage|p1b: Florges|183/268 brn|[from] brn\n|upkeep\n|turn|10\n|inactive|BetaCharmander has 120 seconds left.\n|\n|t:|1770947522\n|move|p2b: Torterra|Headlong Rush|p1b: Florges\n|-supereffective|p1b: Florges\n|-damage|p1b: Florges|0 fnt\n|-unboost|p2b: Torterra|def|1\n|-unboost|p2b: Torterra|spd|1\n|faint|p1b: Florges\n|move|p1a: Mewtwo|Psystrike|p2b: Torterra\n|-damage|p2b: Torterra|62/287\n|move|p2a: Deoxys|Knock Off|p1a: Mewtwo\n|-supereffective|p1a: Mewtwo\n|-damage|p1a: Mewtwo|0 fnt\n|-enditem|p1a: Mewtwo|Leftovers|[from] move: Knock Off|[of] p2a: Deoxys\n|faint|p1a: Mewtwo\n|-damage|p2a: Deoxys|9/209|[from] item: Life Orb\n|\n|upkeep\n|\n|t:|1770947530\n|switch|p1b: Metagross|Metagross, L80|259/259\n|turn|11\n|inactive|BetaCharmander has 120 seconds left.\n|c|☆pejelegante|Gg\n|inactive|BetaCharmander has 90 seconds left.\n|\n|t:|1770947579\n|move|p1b: Metagross|Bullet Punch|p2b: Torterra\n|-damage|p2b: Torterra|0 fnt\n|faint|p2b: Torterra\n|move|p2a: Deoxys|Knock Off|p1b: Metagross\n|-supereffective|p1b: Metagross\n|-damage|p1b: Metagross|38/259\n|-enditem|p1b: Metagross|Assault Vest|[from] move: Knock Off|[of] p2a: Deoxys\n|-damage|p2a: Deoxys|0 fnt|[from] item: Life Orb\n|faint|p2a: Deoxys\n|\n|upkeep\n|c|☆BetaCharmander|gg\n|\n|t:|1770947585\n|switch|p2b: Poliwrath|Poliwrath, L90, M|308/308\n|-activate|p2b: Poliwrath|move: Sticky Web\n|-unboost|p2b: Poliwrath|spe|1\n|turn|12\n|\n|t:|1770947588\n|-terastallize|p2b: Poliwrath|Dragon\n|move|p1b: Metagross|Psychic Fangs|p2b: Poliwrath\n|-crit|p2b: Poliwrath\n|-damage|p2b: Poliwrath|155/308\n|move|p2b: Poliwrath|Knock Off|p1b: Metagross\n|-supereffective|p1b: Metagross\n|-damage|p1b: Metagross|0 fnt\n|faint|p1b: Metagross\n|\n|win|BetaCharmander\n|raw|pejelegante's rating: 1849 &rarr; <strong>1830</strong><br />(-19 for losing)\n|raw|BetaCharmander's rating: 1864 &rarr; <strong>1883</strong><br />(+19 for winning)\n|l|☆BetaCharmander\n|player|p2|\n", "inputlog": ">version ccdc32dd7cde25fd9e4bed64820e885f66e78a4e\n>start {\"formatid\":\"gen9randomdoublesbattle\",\"seed\":\"sodium,b886ffd7f43996caeba41ff5221af3b1\",\"rated\":\"Rated battle\"}\n>player p1 {\"name\":\"pejelegante\",\"avatar\":\"hugh\",\"rating\":1849,\"seed\":\"sodium,53804eeaa481a31697f392df81df3980\"}\n>player p2 {\"name\":\"BetaCharmander\",\"avatar\":\"101\",\"rating\":1864,\"seed\":\"sodium,d9dc48c474eb307aafc7772dfe93d073\"}\n>p1 move thunderbolt +1, move protect\n>p2 move psychoboost +1, move heatwave\n>p1 switch 4, pass\n>p1 move doubleedge +1, move calmmind\n>p2 move protect, move willowisp +1\n>p1 move doubleedge +2, move calmmind\n>p2 switch 6, move heatwave\n>p1 move doubleedge +1, move dazzlinggleam\n>p2 move knockoff +2, move willowisp +2\n>p1 move doubleedge +2, move synthesis\n>p2 move thunderbolt +1, move heatwave\n>p1 switch 6, pass\n>p1 move stickyweb, move dazzlinggleam\n>p2 move knockoff +1, move heatwave\n>p2 switch 5, pass\n>p1 move thunder +1, move dazzlinggleam\n>p2 move dazzlinggleam, move heatwave\n>p1 switch 5, pass\n>p2 pass, switch 3\n>p1 move psystrike +2, move dazzlinggleam\n>p2 move icywind, move protect\n>p2 switch 6, pass\n>p1 move psystrike +1, move synthesis terastallize\n>p2 move extremespeed +2, move shellsmash\n>p1 move psystrike +2, move dazzlinggleam\n>p2 move knockoff +1, move headlongrush +2\n>p1 pass, switch 3\n>chat ☆pejelegante|Gg\n>p1 pass, move bulletpunch +2\n>p2 move knockoff +2, move headlongrush +2\n>chat ☆BetaCharmander|gg\n>p2 pass, switch 4\n>p1 pass, move psychicfangs +2\n>p2 pass, move knockoff +2 terastallize", "uploadtime": 1770947593, "views": 69, "formatid": "gen9randomdoublesbattle", "rating": 1830, "private": 0, "password": null}