{"id": "gen9randomdoublesbattle-2538664995", "format": "[Gen 9] Random Doubles Battle", "players": ["Tosukana", "caoscontrol"], "log": "|j|☆Tosukana\n|j|☆caoscontrol\n|t:|1770953906\n|gametype|doubles\n|player|p1|Tosukana|ghetsis-gen5bw|1567\n|player|p2|caoscontrol|101|1590\n|gen|9\n|tier|[Gen 9] Random Doubles Battle\n|rated|\n|rule|Species Clause: Limit one of each Pokémon\n|rule|HP Percentage Mod: HP is shown in percentages\n|rule|Illusion Level Mod: Illusion disguises the Pokémon's true level\n|rule|Sleep Clause Mod: Limit one foe put to sleep\n|\n|t:|1770953906\n|teamsize|p1|6\n|teamsize|p2|6\n|start\n|switch|p1a: Snorlax|Snorlax, L84, F|406/406\n|switch|p1b: Dondozo|Dondozo, L85, F|394/394\n|switch|p2a: Cacturne|Cacturne, L91, F|275/275\n|switch|p2b: Feraligatr|Feraligatr, L82, F|274/274\n|turn|1\n|inactive|Battle timer is ON: inactive players will automatically lose when time's up. (requested by caoscontrol)\n|inactive|Tosukana has 120 seconds left.\n|inactive|Tosukana has 90 seconds left.\n|\n|t:|1770953995\n|move|p2b: Feraligatr|Swords Dance|p2b: Feraligatr\n|-boost|p2b: Feraligatr|atk|2\n|move|p2a: Cacturne|Leaf Storm|p1b: Dondozo\n|-supereffective|p1b: Dondozo\n|-damage|p1b: Dondozo|4/394\n|-unboost|p2a: Cacturne|spa|2\n|-damage|p2a: Cacturne|248/275|[from] item: Life Orb\n|move|p1a: Snorlax|Body Slam|p2a: Cacturne\n|-damage|p2a: Cacturne|128/275\n|move|p1b: Dondozo|Avalanche|p2a: Cacturne\n|-supereffective|p2a: Cacturne\n|-damage|p2a: Cacturne|0 fnt\n|faint|p2a: Cacturne\n|\n|upkeep\n|\n|t:|1770954007\n|switch|p2a: Cyclizar|Cyclizar, L87, M|264/264\n|turn|2\n|\n|t:|1770954026\n|move|p2a: Cyclizar|Knock Off|p1b: Dondozo\n|-damage|p1b: Dondozo|0 fnt\n|-enditem|p1b: Dondozo|Assault Vest|[from] move: Knock Off|[of] p2a: Cyclizar\n|faint|p1b: Dondozo\n|-damage|p2a: Cyclizar|238/264|[from] item: Life Orb\n|move|p2b: Feraligatr|Liquidation|p1a: Snorlax\n|-damage|p1a: Snorlax|23/406\n|-enditem|p1a: Snorlax|Aguav Berry|[eat]\n|-heal|p1a: Snorlax|158/406|[from] item: Aguav Berry\n|move|p1a: Snorlax|Body Slam|p2b: Feraligatr\n|-damage|p2b: Feraligatr|190/274\n|\n|upkeep\n|\n|t:|1770954045\n|switch|p1b: Miraidon|Miraidon, L65|238/238\n|-fieldstart|move: Electric Terrain|[from] ability: Hadron Engine|[of] p1b: Miraidon\n|turn|3\n|\n|t:|1770954065\n|switch|p2b: Jolteon|Jolteon, L85, F|249/249\n|move|p1b: Miraidon|Protect|p1b: Miraidon\n|-singleturn|p1b: Miraidon|Protect\n|move|p2a: Cyclizar|Shed Tail|p2a: Cyclizar\n|-start|p2a: Cyclizar|Substitute|[from] move: Shed Tail\n|-damage|p2a: Cyclizar|106/264\n|\n|t:|1770954072\n|switch|p2a: Krookodile|Krookodile, L80, M|283/283|[from] Shed Tail\n|-ability|p2a: Krookodile|Intimidate|boost\n|-unboost|p1a: Snorlax|atk|1\n|-unboost|p1b: Miraidon|atk|1\n|move|p1a: Snorlax|Body Slam|p2b: Jolteon\n|-damage|p2b: Jolteon|167/249\n|\n|upkeep\n|turn|4\n|\n|t:|1770954088\n|switch|p1b: Azelf|Azelf, L83|260/260\n|move|p2b: Jolteon|Thunderbolt|p1a: Snorlax\n|-damage|p1a: Snorlax|0 fnt\n|faint|p1a: Snorlax\n|-damage|p2b: Jolteon|143/249|[from] item: Life Orb\n|move|p2a: Krookodile|High Horsepower|p1b: Azelf\n|-immune|p1b: Azelf|[from] ability: Levitate\n|\n|upkeep\n|\n|t:|1770954098\n|switch|p1a: Frosmoth|Frosmoth, L86, F|261/261\n|turn|5\n|\n|t:|1770954107\n|move|p2b: Jolteon|Thunderbolt|p1b: Azelf\n|-damage|p1b: Azelf|29/260\n|-damage|p2b: Jolteon|119/249|[from] item: Life Orb\n|move|p1b: Azelf|Dazzling Gleam|p2b: Jolteon|[spread] p2a,p2b\n|-supereffective|p2a: Krookodile\n|-end|p2a: Krookodile|Substitute\n|-damage|p2b: Jolteon|59/249\n|-damage|p1b: Azelf|3/260|[from] item: Life Orb\n|move|p2a: Krookodile|Stone Edge|p1a: Frosmoth\n|-supereffective|p1a: Frosmoth\n|-damage|p1a: Frosmoth|0 fnt\n|faint|p1a: Frosmoth\n|-damage|p2a: Krookodile|255/283|[from] item: Life Orb\n|\n|upkeep\n|\n|t:|1770954121\n|switch|p1a: Solgaleo|Solgaleo, L74|325/325\n|turn|6\n|\n|t:|1770954133\n|move|p1b: Azelf|Protect|p1b: Azelf\n|-singleturn|p1b: Azelf|Protect\n|move|p2b: Jolteon|Thunderbolt|p1a: Solgaleo\n|-damage|p1a: Solgaleo|177/325\n|-damage|p2b: Jolteon|35/249|[from] item: Life Orb\n|move|p2a: Krookodile|High Horsepower|p1a: Solgaleo\n|-supereffective|p1a: Solgaleo\n|-damage|p1a: Solgaleo|0 fnt\n|faint|p1a: Solgaleo\n|-damage|p2a: Krookodile|227/283|[from] item: Life Orb\n|\n|upkeep\n|\n|t:|1770954141\n|switch|p1a: Miraidon|Miraidon, L65|238/238\n|-activate|p1a: Miraidon|ability: Hadron Engine\n|turn|7\n|-message|Tosukana forfeited.\n|\n|win|caoscontrol\n|raw|Tosukana's rating: 1567 &rarr; <strong>1548</strong><br />(-19 for losing)\n|raw|caoscontrol's rating: 1590 &rarr; <strong>1609</strong><br />(+19 for winning)\n|l|☆Tosukana\n|player|p1|\n", "inputlog": ">version ccdc32dd7cde25fd9e4bed64820e885f66e78a4e\n>start {\"formatid\":\"gen9randomdoublesbattle\",\"seed\":\"sodium,70fd9df26a4d94f79da19cc41583dc13\",\"rated\":\"Rated battle\"}\n>player p1 {\"name\":\"Tosukana\",\"avatar\":\"ghetsis-gen5bw\",\"rating\":1567,\"seed\":\"sodium,4ec50b0ee4b0e57358bb9bb9d67cad2d\"}\n>player p2 {\"name\":\"caoscontrol\",\"avatar\":\"101\",\"rating\":1590,\"seed\":\"sodium,ec10a3327d9ce252827991bfe041b4a9\"}\n>p1 move bodyslam +1, move avalanche +1\n>p2 move leafstorm +2, move swordsdance\n>p2 switch 6, pass\n>p1 move bodyslam +2, move bodypress +2\n>p2 move knockoff +2, move liquidation +1\n>p1 pass, switch 5\n>p1 move bodyslam +2, move protect\n>p2 move shedtail, switch 5\n>p2 switch 3, pass\n>p1 move encore +1, switch 3\n>p2 move highhorsepower +2, move thunderbolt +1\n>p1 switch 4, pass\n>p1 move quiverdance, move dazzlinggleam\n>p2 move stoneedge +1, move thunderbolt +2\n>p1 switch 6, pass\n>p1 move knockoff +2, move protect\n>p2 move highhorsepower +1, move thunderbolt +1\n>p1 switch 3, pass\n>forcelose p1", "uploadtime": 1770954241, "views": 70, "formatid": "gen9randomdoublesbattle", "rating": 1548, "private": 0, "password": null}