{"id": "gen9randomdoublesbattle-2537551182", "format": "[Gen 9] Random Doubles Battle", "players": ["DarkKage24", "kunna1"], "log": "|j|☆DarkKage24\n|j|☆kunna1\n|t:|1770826546\n|gametype|doubles\n|player|p1|DarkKage24|red|1541\n|player|p2|kunna1|265|1603\n|gen|9\n|tier|[Gen 9] Random Doubles Battle\n|rated|\n|rule|Species Clause: Limit one of each Pokémon\n|rule|HP Percentage Mod: HP is shown in percentages\n|rule|Illusion Level Mod: Illusion disguises the Pokémon's true level\n|rule|Sleep Clause Mod: Limit one foe put to sleep\n|\n|t:|1770826546\n|teamsize|p1|6\n|teamsize|p2|6\n|start\n|switch|p1a: Houndoom|Houndoom, L86, F|269/269\n|switch|p1b: Lycanroc|Lycanroc-Dusk, L82, F|257/257\n|switch|p2a: Hitmonlee|Hitmonlee, L86, M|226/226\n|switch|p2b: Bombirdier|Bombirdier, L84, M|255/255\n|-ability|p1a: Houndoom|Unnerve\n|turn|1\n|inactive|Battle timer is ON: inactive players will automatically lose when time's up. (requested by kunna1)\n|\n|t:|1770826560\n|move|p1b: Lycanroc|Protect|p1b: Lycanroc\n|-singleturn|p1b: Lycanroc|Protect\n|move|p1a: Houndoom|Protect|p1a: Houndoom\n|-singleturn|p1a: Houndoom|Protect\n|move|p2a: Hitmonlee|Fake Out|p1b: Lycanroc\n|-activate|p1b: Lycanroc|move: Protect\n|move|p2b: Bombirdier|Rock Slide|p1a: Houndoom|[spread] \n|-activate|p1a: Houndoom|move: Protect\n|-activate|p1b: Lycanroc|move: Protect\n|\n|upkeep\n|turn|2\n|c|☆DarkKage24|2 Dog Pokémon\n|c|☆DarkKage24|Amazing\n|c|☆kunna1|And fast\n|inactive|kunna1 has 120 seconds left.\n|c|☆DarkKage24|:D\n|\n|t:|1770826597\n|switch|p2b: Tauros|Tauros-Paldea-Combat, L82, M|257/257\n|-ability|p2b: Tauros|Intimidate|boost\n|-unboost|p1a: Houndoom|atk|1\n|-unboost|p1b: Lycanroc|atk|1\n|-terastallize|p1a: Houndoom|Ghost\n|move|p2a: Hitmonlee|Protect|p2a: Hitmonlee\n|-singleturn|p2a: Hitmonlee|Protect\n|move|p1b: Lycanroc|Psychic Fangs|p2a: Hitmonlee\n|-activate|p2a: Hitmonlee|move: Protect\n|move|p1a: Houndoom|Nasty Plot|p1a: Houndoom\n|-boost|p1a: Houndoom|spa|2\n|\n|upkeep\n|turn|3\n|inactive|kunna1 has 120 seconds left.\n|\n|t:|1770826642\n|switch|p1b: Mismagius|Mismagius, L88, M|249/249\n|switch|p2a: Bombirdier|Bombirdier, L84, M|255/255\n|move|p1a: Houndoom|Heat Wave|p2b: Tauros|[spread] p2a,p2b\n|-damage|p2a: Bombirdier|12/255\n|-damage|p2b: Tauros|0 fnt\n|faint|p2b: Tauros\n|-damage|p1a: Houndoom|243/269|[from] item: Life Orb\n|\n|upkeep\n|inactive|kunna1 has 90 seconds left.\n|c|☆DarkKage24|Amazing\n|\n|t:|1770826655\n|switch|p2b: Typhlosion|Typhlosion-Hisui, L77, F|239/239\n|turn|4\n|\n|t:|1770826668\n|-terastallize|p2b: Typhlosion|Fire\n|move|p2a: Bombirdier|Sucker Punch|p1a: Houndoom\n|-supereffective|p1a: Houndoom\n|-damage|p1a: Houndoom|0 fnt\n|faint|p1a: Houndoom\n|move|p2b: Typhlosion|Eruption|p1b: Mismagius\n|-damage|p1b: Mismagius|87/249\n|move|p1b: Mismagius|Shadow Ball|p2b: Typhlosion\n|-crit|p2b: Typhlosion\n|-damage|p2b: Typhlosion|8/239\n|-damage|p1b: Mismagius|63/249|[from] item: Life Orb\n|\n|upkeep\n|\n|t:|1770826678\n|switch|p1a: Lycanroc|Lycanroc-Dusk, L82, F|257/257\n|turn|5\n|\n|t:|1770826691\n|switch|p2b: Mewtwo|Mewtwo, L73|275/275\n|-ability|p2b: Mewtwo|Unnerve\n|switch|p1b: Vileplume|Vileplume, L89, M|278/278\n|move|p2a: Bombirdier|Sucker Punch||[still]\n|-fail|p2a: Bombirdier\n|move|p1a: Lycanroc|Rock Slide|p2a: Bombirdier|[spread] p2a,p2b\n|-supereffective|p2a: Bombirdier\n|-damage|p2a: Bombirdier|0 fnt\n|-damage|p2b: Mewtwo|181/275\n|faint|p2a: Bombirdier\n|-damage|p1a: Lycanroc|232/257|[from] item: Life Orb\n|\n|upkeep\n|\n|t:|1770826699\n|switch|p2a: Typhlosion|Typhlosion-Hisui, L77, F, tera:Fire|8/239\n|turn|6\n|\n|t:|1770826710\n|move|p2a: Typhlosion|Heat Wave|p1a: Lycanroc|[spread] p1a\n|-miss|p2a: Typhlosion|p1b: Vileplume\n|-resisted|p1a: Lycanroc\n|-damage|p1a: Lycanroc|141/257\n|move|p2b: Mewtwo|Psystrike|p1b: Vileplume\n|-supereffective|p1b: Vileplume\n|-damage|p1b: Vileplume|0 fnt\n|faint|p1b: Vileplume\n|-damage|p2b: Mewtwo|154/275|[from] item: Life Orb\n|move|p1a: Lycanroc|Rock Slide|p2a: Typhlosion|[spread] p2a,p2b\n|-supereffective|p2a: Typhlosion\n|-damage|p2a: Typhlosion|0 fnt\n|-damage|p2b: Mewtwo|57/275\n|faint|p2a: Typhlosion\n|-damage|p1a: Lycanroc|116/257|[from] item: Life Orb\n|\n|upkeep\n|\n|t:|1770826724\n|switch|p2a: Hitmonlee|Hitmonlee, L86, M|226/226\n|switch|p1b: Mismagius|Mismagius, L88, M|63/249\n|turn|7\n|\n|t:|1770826733\n|move|p2b: Mewtwo|Protect|p2b: Mewtwo\n|-singleturn|p2b: Mewtwo|Protect\n|move|p1a: Lycanroc|Protect|p1a: Lycanroc\n|-singleturn|p1a: Lycanroc|Protect\n|move|p1b: Mismagius|Shadow Ball|p2b: Mewtwo\n|-activate|p2b: Mewtwo|move: Protect\n|move|p2a: Hitmonlee|Close Combat|p1a: Lycanroc\n|-activate|p1a: Lycanroc|move: Protect\n|\n|upkeep\n|turn|8\n|\n|t:|1770826742\n|switch|p2b: Kleavor|Kleavor, L79, M|240/240\n|move|p1b: Mismagius|Shadow Ball|p2b: Kleavor\n|-damage|p2b: Kleavor|83/240\n|-unboost|p2b: Kleavor|spd|1\n|-damage|p1b: Mismagius|39/249|[from] item: Life Orb\n|move|p1a: Lycanroc|Psychic Fangs|p2a: Hitmonlee\n|-supereffective|p2a: Hitmonlee\n|-damage|p2a: Hitmonlee|0 fnt\n|faint|p2a: Hitmonlee\n|-damage|p1a: Lycanroc|91/257|[from] item: Life Orb\n|\n|upkeep\n|\n|t:|1770826747\n|switch|p2a: Mewtwo|Mewtwo, L73|57/275\n|-ability|p2a: Mewtwo|Unnerve\n|turn|9\n|c|☆DarkKage24|lmao\n|c|☆DarkKage24|ggs\n|\n|t:|1770826758\n|move|p1b: Mismagius|Shadow Ball|p2a: Mewtwo\n|-supereffective|p2a: Mewtwo\n|-damage|p2a: Mewtwo|0 fnt\n|faint|p2a: Mewtwo\n|-damage|p1b: Mismagius|15/249|[from] item: Life Orb\n|move|p1a: Lycanroc|Close Combat|p2b: Kleavor\n|-damage|p2b: Kleavor|0 fnt\n|-unboost|p1a: Lycanroc|def|1\n|-unboost|p1a: Lycanroc|spd|1\n|faint|p2b: Kleavor\n|-damage|p1a: Lycanroc|66/257|[from] item: Life Orb\n|\n|win|DarkKage24\n|raw|DarkKage24's rating: 1541 &rarr; <strong>1565</strong><br />(+24 for winning)\n|raw|kunna1's rating: 1603 &rarr; <strong>1579</strong><br />(-24 for losing)\n|c|☆kunna1|Gga\n|c|☆kunna1|Ggs*\n", "inputlog": ">version ccdc32dd7cde25fd9e4bed64820e885f66e78a4e\n>start {\"formatid\":\"gen9randomdoublesbattle\",\"seed\":\"sodium,369586f787590e1f570a56e9eed1cce4\",\"rated\":\"Rated battle\"}\n>player p1 {\"name\":\"DarkKage24\",\"avatar\":\"red\",\"rating\":1541,\"seed\":\"sodium,e32870841af681d580d579cf6d839bf4\"}\n>player p2 {\"name\":\"kunna1\",\"avatar\":\"265\",\"rating\":1603,\"seed\":\"sodium,b82b0ca3fdd89daf66d11ab31e61232f\"}\n>p1 move protect, move protect\n>p2 move fakeout +2, move rockslide\n>chat ☆DarkKage24|2 Dog Pokémon\n>chat ☆DarkKage24|Amazing\n>chat ☆kunna1|And fast\n>chat ☆DarkKage24|:D\n>p1 move nastyplot terastallize, move psychicfangs +1\n>p2 move protect, switch 4\n>p1 move heatwave, switch 6\n>p2 switch 4, move closecombat +2\n>chat ☆DarkKage24|Amazing\n>p2 pass, switch 5\n>p1 move darkpulse +2, move shadowball +2\n>p2 move suckerpunch +1, move eruption terastallize\n>p1 switch 6, pass\n>p1 move rockslide, switch 3\n>p2 move suckerpunch +2, switch 3\n>p2 switch 3, pass\n>p1 move rockslide, move stunspore +2\n>p2 move heatwave, move psystrike +2\n>p1 pass, switch 3\n>p2 switch 4, pass\n>p1 move protect, move shadowball +2\n>p2 move closecombat +1, move protect\n>p1 move psychicfangs +1, move shadowball +2\n>p2 move closecombat +1, switch 6\n>p2 switch 6, pass\n>chat ☆DarkKage24|lmao\n>chat ☆DarkKage24|ggs\n>p1 move closecombat +2, move shadowball +1\n>p2 move psystrike +2, move closecombat +1", "uploadtime": 1770826767, "views": 72, "formatid": "gen9randomdoublesbattle", "rating": 1565, "private": 0, "password": null}