{"id": "gen9randomdoublesbattle-2540908726", "format": "[Gen 9] Random Doubles Battle", "players": ["DarrowAndro", "ninjameerkat"], "log": "|j|☆DarrowAndro\n|j|☆ninjameerkat\n|t:|1771266131\n|gametype|doubles\n|player|p1|DarrowAndro|1|1703\n|player|p2|ninjameerkat|beni-ninja|1755\n|gen|9\n|tier|[Gen 9] Random Doubles Battle\n|rated|\n|rule|Species Clause: Limit one of each Pokémon\n|rule|HP Percentage Mod: HP is shown in percentages\n|rule|Illusion Level Mod: Illusion disguises the Pokémon's true level\n|rule|Sleep Clause Mod: Limit one foe put to sleep\n|\n|t:|1771266131\n|teamsize|p1|6\n|teamsize|p2|6\n|start\n|switch|p1a: Gumshoos|Gumshoos, L93, F|315/315\n|switch|p1b: Hatterene|Hatterene, L84, F|233/233\n|switch|p2a: Jumpluff|Jumpluff, L92, F|287/287\n|switch|p2b: Munkidori|Munkidori, L80, M|272/272\n|turn|1\n|inactive|Battle timer is ON: inactive players will automatically lose when time's up. (requested by DarrowAndro)\n|inactive|ninjameerkat has 120 seconds left.\n|\n|t:|1771266173\n|move|p1b: Hatterene|Protect|p1b: Hatterene\n|-singleturn|p1b: Hatterene|Protect\n|move|p2a: Jumpluff|Sleep Powder|p1a: Gumshoos\n|-status|p1a: Gumshoos|slp|[from] move: Sleep Powder\n|move|p2b: Munkidori|Sludge Bomb|p1b: Hatterene\n|-activate|p1b: Hatterene|move: Protect\n|cant|p1a: Gumshoos|slp\n|\n|upkeep\n|turn|2\n|\n|t:|1771266194\n|switch|p2a: Magmar|Magmar, L84, M|246/246\n|switch|p1b: Swampert|Swampert, L82, F|298/298\n|move|p2b: Munkidori|Sludge Bomb|p1b: Swampert\n|-resisted|p1b: Swampert\n|-damage|p1b: Swampert|254/298\n|-status|p1b: Swampert|tox|[from] ability: Toxic Chain|[of] p2b: Munkidori\n|-damage|p2b: Munkidori|245/272|[from] item: Life Orb\n|cant|p1a: Gumshoos|slp\n|\n|-damage|p1b: Swampert|236/298 tox|[from] psn\n|upkeep\n|turn|3\n|inactive|ninjameerkat has 120 seconds left.\n|\n|t:|1771266235\n|switch|p2b: Trevenant|Trevenant, L88, F|293/293\n|move|p2a: Magmar|Knock Off|p1a: Gumshoos\n|-damage|p1a: Gumshoos|231/315 slp\n|-enditem|p1a: Gumshoos|Choice Band|[from] move: Knock Off|[of] p2a: Magmar\n|move|p1b: Swampert|Muddy Water|p2b: Trevenant|[spread] p2a,p2b\n|-supereffective|p2a: Magmar\n|-resisted|p2b: Trevenant\n|-damage|p2a: Magmar|162/246\n|-damage|p2b: Trevenant|265/293\n|cant|p1a: Gumshoos|slp\n|\n|-damage|p1b: Swampert|200/298 tox|[from] psn\n|upkeep\n|turn|4\n|inactive|ninjameerkat has 120 seconds left.\n|\n|t:|1771266254\n|switch|p2a: Jumpluff|Jumpluff, L92, F|287/287\n|switch|p1b: Torkoal|Torkoal, L86, M|261/261\n|-weather|SunnyDay|[from] ability: Drought|[of] p1b: Torkoal\n|-curestatus|p1a: Gumshoos|slp|[msg]\n|move|p1a: Gumshoos|Knock Off|p2b: Trevenant\n|-supereffective|p2b: Trevenant\n|-damage|p2b: Trevenant|69/293\n|-enditem|p2b: Trevenant|Sitrus Berry|[from] move: Knock Off|[of] p1a: Gumshoos\n|move|p2b: Trevenant|Wood Hammer|p1b: Torkoal\n|-resisted|p1b: Torkoal\n|-damage|p1b: Torkoal|212/261\n|-damage|p2b: Trevenant|53/293|[from] Recoil\n|\n|-weather|SunnyDay|[upkeep]\n|upkeep\n|turn|5\n|inactive|ninjameerkat has 120 seconds left.\n|\n|t:|1771266290\n|move|p2a: Jumpluff|Sleep Powder|p1b: Torkoal\n|-status|p1b: Torkoal|slp|[from] move: Sleep Powder\n|move|p1a: Gumshoos|Knock Off|p2b: Trevenant\n|-supereffective|p2b: Trevenant\n|-damage|p2b: Trevenant|0 fnt\n|faint|p2b: Trevenant\n|cant|p1b: Torkoal|slp\n|\n|-weather|SunnyDay|[upkeep]\n|upkeep\n|\n|t:|1771266312\n|switch|p2b: Magmar|Magmar, L84, M|162/246\n|turn|6\n|\n|t:|1771266329\n|move|p2a: Jumpluff|Acrobatics|p1a: Gumshoos\n|-damage|p1a: Gumshoos|113/315\n|move|p2b: Magmar|Heat Wave|p1a: Gumshoos|[spread] p1b\n|-miss|p2b: Magmar|p1a: Gumshoos\n|-resisted|p1b: Torkoal\n|-damage|p1b: Torkoal|152/261 slp\n|move|p1a: Gumshoos|Double-Edge|p2a: Jumpluff\n|-damage|p2a: Jumpluff|61/287\n|-damage|p1a: Gumshoos|38/315|[from] Recoil\n|cant|p1b: Torkoal|slp\n|\n|-weather|SunnyDay|[upkeep]\n|upkeep\n|turn|7\n|inactive|ninjameerkat has 120 seconds left.\n|\n|t:|1771266346\n|switch|p2a: Golduck|Golduck, L91, F|293/293\n|-ability|p2a: Golduck|Cloud Nine\n|move|p2b: Magmar|Heat Wave|p1a: Gumshoos|[spread] p1a,p1b\n|-resisted|p1b: Torkoal\n|-damage|p1a: Gumshoos|0 fnt\n|-damage|p1b: Torkoal|111/261 slp\n|-enditem|p1b: Torkoal|Sitrus Berry|[eat]\n|-heal|p1b: Torkoal|176/261 slp|[from] item: Sitrus Berry\n|faint|p1a: Gumshoos\n|cant|p1b: Torkoal|slp\n|\n|-weather|SunnyDay|[upkeep]\n|upkeep\n|\n|t:|1771266359\n|switch|p1a: Manaphy|Manaphy, L78|284/284\n|turn|8\n|\n|t:|1771266379\n|switch|p1b: Swampert|Swampert, L82, F|200/298 tox\n|move|p2a: Golduck|Hydro Pump|p1b: Swampert|[miss]\n|-miss|p2a: Golduck|p1b: Swampert\n|move|p2b: Magmar|Knock Off|p1a: Manaphy\n|-damage|p1a: Manaphy|223/284\n|-enditem|p1a: Manaphy|Leftovers|[from] move: Knock Off|[of] p2b: Magmar\n|move|p1a: Manaphy|Scald|p2b: Magmar\n|-supereffective|p2b: Magmar\n|-damage|p2b: Magmar|64/246\n|\n|-weather|none\n|-damage|p1b: Swampert|182/298 tox|[from] psn\n|upkeep\n|turn|9\n|inactive|ninjameerkat has 120 seconds left.\n|\n|t:|1771266417\n|move|p2a: Golduck|Grass Knot|p1b: Swampert\n|-supereffective|p1b: Swampert\n|-damage|p1b: Swampert|18/298 tox\n|move|p2b: Magmar|Heat Wave|p1b: Swampert|[spread] p1a,p1b\n|-resisted|p1a: Manaphy\n|-resisted|p1b: Swampert\n|-damage|p1a: Manaphy|184/284\n|-damage|p1b: Swampert|0 fnt\n|faint|p1b: Swampert\n|move|p1a: Manaphy|Scald|p2b: Magmar\n|-supereffective|p2b: Magmar\n|-damage|p2b: Magmar|0 fnt\n|faint|p2b: Magmar\n|\n|upkeep\n|\n|t:|1771266431\n|switch|p2b: Munkidori|Munkidori, L80, M|245/272\n|switch|p1b: Hatterene|Hatterene, L84, F|233/233\n|turn|10\n|inactive|ninjameerkat has 120 seconds left.\n|\n|t:|1771266462\n|move|p1a: Manaphy|Protect|p1a: Manaphy\n|-singleturn|p1a: Manaphy|Protect\n|move|p1b: Hatterene|Protect|p1b: Hatterene\n|-singleturn|p1b: Hatterene|Protect\n|move|p2b: Munkidori|Sludge Bomb|p1b: Hatterene\n|-activate|p1b: Hatterene|move: Protect\n|move|p2a: Golduck|Hydro Pump|p1b: Hatterene\n|-activate|p1b: Hatterene|move: Protect\n|\n|upkeep\n|turn|11\n|inactive|ninjameerkat has 120 seconds left.\n|inactive|DarrowAndro has 120 seconds left.\n|inactive|ninjameerkat has 90 seconds left.\n|\n|t:|1771266507\n|-terastallize|p1a: Manaphy|Steel\n|move|p2b: Munkidori|Sludge Bomb|p1b: Hatterene\n|-supereffective|p1b: Hatterene\n|-damage|p1b: Hatterene|0 fnt\n|faint|p1b: Hatterene\n|-damage|p2b: Munkidori|218/272|[from] item: Life Orb\n|move|p2a: Golduck|Hydro Pump|p1a: Manaphy|[miss]\n|-miss|p2a: Golduck|p1a: Manaphy\n|move|p1a: Manaphy|Tail Glow|p1a: Manaphy\n|-boost|p1a: Manaphy|spa|3\n|\n|upkeep\n|\n|t:|1771266519\n|switch|p1b: Iron Hands|Iron Hands, L77|364/364\n|turn|12\n|\n|t:|1771266538\n|move|p2b: Munkidori|Protect|p2b: Munkidori\n|-singleturn|p2b: Munkidori|Protect\n|move|p2a: Golduck|Protect|p2a: Golduck\n|-singleturn|p2a: Golduck|Protect\n|move|p1b: Iron Hands|Fake Out|p2a: Golduck\n|-activate|p2a: Golduck|move: Protect\n|move|p1a: Manaphy|Scald|p2b: Munkidori\n|-activate|p2b: Munkidori|move: Protect\n|\n|upkeep\n|turn|13\n|inactive|ninjameerkat has 120 seconds left.\n|inactive|ninjameerkat has 90 seconds left.\n|\n|t:|1771266603\n|switch|p2a: Jumpluff|Jumpluff, L92, F|61/287\n|-end|p1b: Iron Hands|Quark Drive|[silent]\n|switch|p1b: Torkoal|Torkoal, L86, M|176/261 slp\n|-weather|SunnyDay|[from] ability: Drought|[of] p1b: Torkoal\n|move|p2b: Munkidori|Focus Blast|p1a: Manaphy|[miss]\n|-miss|p2b: Munkidori|p1a: Manaphy\n|move|p1a: Manaphy|Scald|p2b: Munkidori\n|-damage|p2b: Munkidori|122/272\n|\n|-weather|SunnyDay|[upkeep]\n|upkeep\n|turn|14\n|inactive|ninjameerkat has 90 seconds left.\n|\n|t:|1771266627\n|switch|p2a: Golduck|Golduck, L91, F|293/293\n|-ability|p2a: Golduck|Cloud Nine\n|move|p2b: Munkidori|Protect|p2b: Munkidori\n|-singleturn|p2b: Munkidori|Protect\n|move|p1a: Manaphy|Ice Beam|p2a: Golduck\n|-resisted|p2a: Golduck\n|-damage|p2a: Golduck|225/293\n|-status|p2a: Golduck|frz\n|-curestatus|p1b: Torkoal|slp|[msg]\n|move|p1b: Torkoal|Fire Blast|p2b: Munkidori\n|-activate|p2b: Munkidori|move: Protect\n|\n|-weather|SunnyDay|[upkeep]\n|upkeep\n|turn|15\n|inactive|ninjameerkat has 90 seconds left.\n|\n|t:|1771266654\n|move|p2b: Munkidori|Focus Blast|p1a: Manaphy|[miss]\n|-miss|p2b: Munkidori|p1a: Manaphy\n|cant|p2a: Golduck|frz\n|move|p1a: Manaphy|Scald|p2b: Munkidori\n|-damage|p2b: Munkidori|0 fnt\n|faint|p2b: Munkidori\n|move|p1b: Torkoal|Fire Blast|p2a: Golduck\n|-resisted|p2a: Golduck\n|-damage|p2a: Golduck|171/293 frz\n|-curestatus|p2a: Golduck|frz|[msg]\n|\n|-weather|SunnyDay|[upkeep]\n|upkeep\n|c|☆ninjameerkat|what the acvtually flip is going on\n|\n|t:|1771266668\n|switch|p2b: Jumpluff|Jumpluff, L92, F|61/287\n|turn|16\n|\n|t:|1771266678\n|move|p1a: Manaphy|Protect|p1a: Manaphy\n|-singleturn|p1a: Manaphy|Protect\n|move|p2b: Jumpluff|Sleep Powder|p1a: Manaphy\n|-activate|p1a: Manaphy|move: Protect\n|move|p2a: Golduck|Hydro Pump|p1b: Torkoal\n|-supereffective|p1b: Torkoal\n|-damage|p1b: Torkoal|0 fnt\n|faint|p1b: Torkoal\n|\n|-weather|SunnyDay|[upkeep]\n|upkeep\n|\n|t:|1771266687\n|switch|p1b: Iron Hands|Iron Hands, L77|364/364\n|turn|17\n|inactive|ninjameerkat has 120 seconds left.\n|\n|t:|1771266701\n|switch|p2b: Magearna|Magearna, L71|231/231\n|move|p1b: Iron Hands|Fake Out|p2b: Magearna\n|-resisted|p2b: Magearna\n|-damage|p2b: Magearna|217/231\n|move|p2a: Golduck|Icy Wind|p1b: Iron Hands|[spread] p1a,p1b\n|-resisted|p1a: Manaphy\n|-damage|p1a: Manaphy|166/284\n|-damage|p1b: Iron Hands|335/364\n|-unboost|p1a: Manaphy|spe|1\n|-unboost|p1b: Iron Hands|spe|1\n|move|p1a: Manaphy|Ice Beam|p2b: Magearna\n|-resisted|p2b: Magearna\n|-damage|p2b: Magearna|149/231\n|\n|-weather|none\n|upkeep\n|turn|18\n|inactive|ninjameerkat has 120 seconds left.\n|\n|t:|1771266740\n|move|p2b: Magearna|Protect|p2b: Magearna\n|-singleturn|p2b: Magearna|Protect\n|move|p2a: Golduck|Icy Wind|p1b: Iron Hands|[spread] p1a,p1b\n|-resisted|p1a: Manaphy\n|-damage|p1a: Manaphy|149/284\n|-damage|p1b: Iron Hands|305/364\n|-unboost|p1a: Manaphy|spe|1\n|-unboost|p1b: Iron Hands|spe|1\n|move|p1a: Manaphy|Scald|p2b: Magearna\n|-activate|p2b: Magearna|move: Protect\n|move|p1b: Iron Hands|Wild Charge|p2a: Golduck\n|-supereffective|p2a: Golduck\n|-damage|p2a: Golduck|0 fnt\n|faint|p2a: Golduck\n|-ability|p2b: Magearna|Soul-Heart|boost\n|-boost|p2b: Magearna|spa|1\n|-damage|p1b: Iron Hands|262/364|[from] Recoil\n|\n|upkeep\n|\n|t:|1771266750\n|switch|p2a: Jumpluff|Jumpluff, L92, F|61/287\n|turn|19\n|inactive|ninjameerkat has 120 seconds left.\n|inactive|DarrowAndro has 120 seconds left.\n|\n|t:|1771266784\n|-terastallize|p2b: Magearna|Water\n|move|p2a: Jumpluff|Sleep Powder|p1a: Manaphy\n|-status|p1a: Manaphy|slp|[from] move: Sleep Powder\n|cant|p1a: Manaphy|slp\n|move|p2b: Magearna|Fleur Cannon|p1b: Iron Hands\n|-supereffective|p1b: Iron Hands\n|-damage|p1b: Iron Hands|0 fnt\n|-unboost|p2b: Magearna|spa|2\n|faint|p1b: Iron Hands\n|-ability|p2b: Magearna|Soul-Heart|boost\n|-boost|p2b: Magearna|spa|1\n|-end|p1b: Iron Hands|Quark Drive|[silent]\n|-damage|p2b: Magearna|126/231|[from] item: Life Orb\n|\n|upkeep\n|turn|20\n|inactive|ninjameerkat has 120 seconds left.\n|inactive|DarrowAndro has 120 seconds left.\n|\n|t:|1771266816\n|move|p2a: Jumpluff|Acrobatics|p1a: Manaphy\n|-resisted|p1a: Manaphy\n|-damage|p1a: Manaphy|106/284 slp\n|-curestatus|p1a: Manaphy|slp|[msg]\n|move|p1a: Manaphy|Ice Beam|p2a: Jumpluff\n|-supereffective|p2a: Jumpluff\n|-damage|p2a: Jumpluff|0 fnt\n|faint|p2a: Jumpluff\n|-ability|p2b: Magearna|Soul-Heart|boost\n|-boost|p2b: Magearna|spa|1\n|move|p2b: Magearna|Flash Cannon|p1a: Manaphy\n|-resisted|p1a: Manaphy\n|-damage|p1a: Manaphy|29/284\n|-damage|p2b: Magearna|103/231|[from] item: Life Orb\n|\n|upkeep\n|turn|21\n|inactive|DarrowAndro has 120 seconds left.\n|\n|t:|1771266839\n|move|p1a: Manaphy|Scald|p2b: Magearna\n|-resisted|p2b: Magearna\n|-damage|p2b: Magearna|17/231\n|move|p2b: Magearna|Flash Cannon|p1a: Manaphy\n|-resisted|p1a: Manaphy\n|-damage|p1a: Manaphy|0 fnt\n|faint|p1a: Manaphy\n|-damage|p2b: Magearna|0 fnt|[from] item: Life Orb\n|faint|p2b: Magearna\n|\n|win|ninjameerkat\n|raw|DarrowAndro's rating: 1703 &rarr; <strong>1686</strong><br />(-17 for losing)\n|raw|ninjameerkat's rating: 1755 &rarr; <strong>1772</strong><br />(+17 for winning)\n|c|☆ninjameerkat|gg\n", "inputlog": ">version 686819e5e19f8a7fd2345cfc5a08a5085efa2cc3\n>start {\"formatid\":\"gen9randomdoublesbattle\",\"seed\":\"sodium,eac87a60f72eef729076449cf669cf33\",\"rated\":\"Rated battle\"}\n>player p1 {\"name\":\"DarrowAndro\",\"avatar\":\"1\",\"rating\":1703,\"seed\":\"sodium,4291869b1587bcde694aa3964a02b75f\"}\n>player p2 {\"name\":\"ninjameerkat\",\"avatar\":\"beni-ninja\",\"rating\":1755,\"seed\":\"sodium,c2de4d910ab658a9da5f35db1ab1e20a\"}\n>p1 move doubleedge +2, move protect\n>p2 move sleeppowder +1, move sludgebomb +2\n>p1 move doubleedge +2, switch 6\n>p2 switch 4, move sludgebomb +2\n>p1 move knockoff +2, move muddywater\n>p2 move knockoff +1, switch 6\n>p1 move knockoff +2, switch 5\n>p2 switch 4, move woodhammer +2\n>p1 move knockoff +2, move fireblast +1\n>p2 move sleeppowder +2, move woodhammer +1\n>p2 pass, switch 4\n>p1 move doubleedge +1, move fireblast +2\n>p2 move acrobatics +1, move heatwave\n>p1 move stompingtantrum +2, move fireblast +1\n>p2 switch 5, move heatwave\n>p1 switch 3, pass\n>p1 move scald +2, switch 5\n>p2 move hydropump +2, move knockoff +1\n>p1 move scald +2, move icywind\n>p2 move grassknot +2, move heatwave\n>p1 pass, switch 6\n>p2 pass, switch 6\n>p1 move protect, move protect\n>p2 move hydropump +2, move sludgebomb +2\n>p1 move tailglow terastallize, move trickroom\n>p2 move hydropump +2, move sludgebomb +2\n>p1 pass, switch 4\n>p1 move scald +2, move fakeout +1\n>p2 move protect, move protect\n>p1 move scald +2, switch 5\n>p2 switch 5, move focusblast +1\n>p1 move icebeam +1, move fireblast +2\n>p2 switch 5, move protect\n>p1 move scald +2, move fireblast +1\n>p2 move hydropump +2, move focusblast +1\n>chat ☆ninjameerkat|what the acvtually flip is going on\n>p2 pass, switch 5\n>p1 move protect, move fireblast +2\n>p2 move hydropump +2, move sleeppowder +1\n>p1 pass, switch 5\n>p1 move icebeam +2, move fakeout +2\n>p2 move icywind, switch 3\n>p1 move scald +2, move wildcharge +1\n>p2 move icywind, move protect\n>p2 switch 3, pass\n>p1 move icebeam +1, move wildcharge +2\n>p2 move sleeppowder +1, move fleurcannon +2 terastallize\n>p1 move icebeam +1, pass\n>p2 move acrobatics +1, move flashcannon +1\n>p1 move scald +2, pass\n>p2 pass, move flashcannon +1", "uploadtime": 1771266845, "views": 4, "formatid": "gen9randomdoublesbattle", "rating": 1686, "private": 0, "password": null}