{"id": "gen9randomdoublesbattle-2538904069", "format": "[Gen 9] Random Doubles Battle", "players": ["Dunsparceismyhomie", "savjy"], "log": "|j|☆Dunsparceismyhomie\n|j|☆savjy\n|t:|1770991826\n|gametype|doubles\n|player|p1|Dunsparceismyhomie|170|1743\n|player|p2|savjy|101|1710\n|gen|9\n|tier|[Gen 9] Random Doubles Battle\n|rated|\n|rule|Species Clause: Limit one of each Pokémon\n|rule|HP Percentage Mod: HP is shown in percentages\n|rule|Illusion Level Mod: Illusion disguises the Pokémon's true level\n|rule|Sleep Clause Mod: Limit one foe put to sleep\n|\n|t:|1770991826\n|teamsize|p1|6\n|teamsize|p2|6\n|start\n|switch|p1a: Iron Leaves|Iron Leaves, L81|278/278\n|switch|p1b: Glaceon|Glaceon, L86, M|252/252\n|switch|p2a: Lanturn|Lanturn, L87, M|359/359\n|switch|p2b: Okidogi|Okidogi, L78, M|265/265\n|turn|1\n|inactive|Battle timer is ON: inactive players will automatically lose when time's up. (requested by savjy)\n|\n|t:|1770991856\n|switch|p2b: Houndoom|Houndoom, L86, F|269/269\n|-ability|p2b: Houndoom|Unnerve\n|switch|p2a: Mandibuzz|Mandibuzz, L85, F|326/326\n|move|p1a: Iron Leaves|Leaf Blade|p2a: Mandibuzz\n|-resisted|p2a: Mandibuzz\n|-damage|p2a: Mandibuzz|251/326\n|move|p1b: Glaceon|Blizzard|p2b: Houndoom|[spread] p2a,p2b\n|-supereffective|p2a: Mandibuzz\n|-resisted|p2b: Houndoom\n|-damage|p2a: Mandibuzz|51/326\n|-damage|p2b: Houndoom|208/269\n|-enditem|p2a: Mandibuzz|Sitrus Berry|[eat]\n|-heal|p2a: Mandibuzz|132/326|[from] item: Sitrus Berry\n|\n|upkeep\n|turn|2\n|inactive|Dunsparceismyhomie has 120 seconds left.\n|\n|t:|1770991888\n|-end|p1a: Iron Leaves|Quark Drive|[silent]\n|switch|p1a: Florges|Florges-Blue, L84, F|268/268\n|-terastallize|p1b: Glaceon|Ground\n|move|p2b: Houndoom|Nasty Plot|p2b: Houndoom\n|-boost|p2b: Houndoom|spa|2\n|move|p2a: Mandibuzz|Tailwind|p2a: Mandibuzz\n|-sidestart|p2: savjy|move: Tailwind\n|move|p1b: Glaceon|Mud Shot|p2b: Houndoom\n|-supereffective|p2b: Houndoom\n|-damage|p2b: Houndoom|28/269\n|-unboost|p2b: Houndoom|spe|1\n|\n|upkeep\n|turn|3\n|\n|t:|1770991907\n|move|p2a: Mandibuzz|Brave Bird|p1b: Glaceon\n|-damage|p1b: Glaceon|168/252\n|-damage|p2a: Mandibuzz|104/326|[from] Recoil\n|move|p2b: Houndoom|Heat Wave|p1a: Florges|[spread] p1a,p1b\n|-damage|p1a: Florges|128/268\n|-damage|p1b: Glaceon|0 fnt\n|faint|p1b: Glaceon\n|-damage|p2b: Houndoom|2/269|[from] item: Life Orb\n|move|p1a: Florges|Moonblast|p2a: Mandibuzz\n|-supereffective|p2a: Mandibuzz\n|-damage|p2a: Mandibuzz|0 fnt\n|faint|p2a: Mandibuzz\n|\n|-heal|p1a: Florges|144/268|[from] item: Leftovers\n|upkeep\n|\n|t:|1770991921\n|switch|p2a: Araquanid|Araquanid, L84, M|251/251\n|switch|p1b: Veluza|Veluza, L88, M|302/302\n|turn|4\n|\n|t:|1770991928\n|move|p2b: Houndoom|Sucker Punch|p1b: Veluza\n|-supereffective|p1b: Veluza\n|-damage|p1b: Veluza|97/302\n|-damage|p2b: Houndoom|0 fnt|[from] item: Life Orb\n|faint|p2b: Houndoom\n|move|p1b: Veluza|Aqua Jet|p2a: Araquanid\n|-resisted|p2a: Araquanid\n|-damage|p2a: Araquanid|213/251\n|move|p2a: Araquanid|Sticky Web|p1b: Veluza\n|-sidestart|p1: Dunsparceismyhomie|move: Sticky Web\n|move|p1a: Florges|Synthesis|p1a: Florges\n|-heal|p1a: Florges|268/268\n|\n|upkeep\n|\n|t:|1770991937\n|switch|p2b: Okidogi|Okidogi, L78, M|265/265\n|turn|5\n|\n|t:|1770991944\n|move|p1a: Florges|Protect|p1a: Florges\n|-singleturn|p1a: Florges|Protect\n|move|p1b: Veluza|Aqua Jet|p2b: Okidogi\n|-damage|p2b: Okidogi|199/265\n|move|p2b: Okidogi|Gunk Shot|p1a: Florges\n|-activate|p1a: Florges|move: Protect\n|move|p2a: Araquanid|Leech Life|p1b: Veluza\n|-supereffective|p1b: Veluza\n|-damage|p1b: Veluza|0 fnt\n|-heal|p2a: Araquanid|251/251|[from] drain|[of] p1b: Veluza\n|faint|p1b: Veluza\n|\n|-sideend|p2: savjy|move: Tailwind\n|upkeep\n|\n|t:|1770991954\n|switch|p1b: Trevenant|Trevenant, L88, M|293/293\n|-activate|p1b: Trevenant|move: Sticky Web\n|-block|p1b: Trevenant|ability: Flower Veil|[of] p1a: Florges\n|turn|6\n|\n|t:|1770991967\n|switch|p1a: Haxorus|Haxorus, L84, M|265/265\n|-ability|p1a: Haxorus|Unnerve\n|-activate|p1a: Haxorus|move: Sticky Web\n|-unboost|p1a: Haxorus|spe|1\n|move|p2b: Okidogi|Gunk Shot|p1a: Haxorus|[miss]\n|-miss|p2b: Okidogi|p1a: Haxorus\n|move|p2a: Araquanid|Liquidation|p1a: Haxorus\n|-resisted|p1a: Haxorus\n|-damage|p1a: Haxorus|198/265\n|move|p1b: Trevenant|Trick Room|p1b: Trevenant\n|-fieldstart|move: Trick Room|[of] p1b: Trevenant\n|\n|upkeep\n|turn|7\n|\n|t:|1770991990\n|switch|p2b: Lanturn|Lanturn, L87, M|359/359\n|move|p1b: Trevenant|Wood Hammer|p2a: Araquanid\n|-damage|p2a: Araquanid|106/251\n|-damage|p1b: Trevenant|245/293|[from] Recoil\n|move|p2a: Araquanid|Leech Life|p1a: Haxorus\n|-damage|p1a: Haxorus|131/265\n|-heal|p2a: Araquanid|140/251|[from] drain|[of] p1a: Haxorus\n|move|p1a: Haxorus|Dragon Claw|p2a: Araquanid\n|-damage|p2a: Araquanid|0 fnt\n|faint|p2a: Araquanid\n|-damage|p1a: Haxorus|105/265|[from] item: Life Orb\n|\n|upkeep\n|inactive|savjy has 120 seconds left.\n|\n|t:|1770992005\n|switch|p2a: Okidogi|Okidogi, L78, M|199/265\n|turn|8\n|\n|t:|1770992017\n|move|p1b: Trevenant|Protect|p1b: Trevenant\n|-singleturn|p1b: Trevenant|Protect\n|move|p1a: Haxorus|Dragon Claw|p2a: Okidogi\n|-damage|p2a: Okidogi|63/265\n|-damage|p1a: Haxorus|79/265|[from] item: Life Orb\n|move|p2b: Lanturn|Scald|p1a: Haxorus\n|-resisted|p1a: Haxorus\n|-damage|p1a: Haxorus|38/265\n|move|p2a: Okidogi|Bulk Up|p2a: Okidogi\n|-boost|p2a: Okidogi|atk|1\n|-boost|p2a: Okidogi|def|1\n|\n|upkeep\n|turn|9\n|\n|t:|1770992042\n|move|p1b: Trevenant|Wood Hammer|p2b: Lanturn\n|-supereffective|p2b: Lanturn\n|-damage|p2b: Lanturn|0 fnt\n|faint|p2b: Lanturn\n|-damage|p1b: Trevenant|127/293|[from] Recoil\n|-enditem|p1b: Trevenant|Sitrus Berry|[eat]\n|-heal|p1b: Trevenant|200/293|[from] item: Sitrus Berry\n|move|p1a: Haxorus|Dragon Claw|p2a: Okidogi\n|-damage|p2a: Okidogi|0 fnt\n|faint|p2a: Okidogi\n|-damage|p1a: Haxorus|12/265|[from] item: Life Orb\n|\n|upkeep\n|-message|savjy forfeited.\n|\n|win|Dunsparceismyhomie\n|raw|Dunsparceismyhomie's rating: 1743 &rarr; <strong>1761</strong><br />(+18 for winning)\n|raw|savjy's rating: 1710 &rarr; <strong>1692</strong><br />(-18 for losing)\n|l|☆savjy\n|player|p2|\n|c|☆Dunsparceismyhomie|Bulk that\n", "inputlog": ">version ccdc32dd7cde25fd9e4bed64820e885f66e78a4e\n>start {\"formatid\":\"gen9randomdoublesbattle\",\"seed\":\"sodium,0ffc1be1bae2b78f11b2b54fed32d981\",\"rated\":\"Rated battle\"}\n>player p1 {\"name\":\"Dunsparceismyhomie\",\"avatar\":\"170\",\"rating\":1743,\"seed\":\"sodium,988d0fded940f4e8366680bcfea546fb\"}\n>player p2 {\"name\":\"savjy\",\"avatar\":\"101\",\"rating\":1710,\"seed\":\"sodium,7d2403986cb673119e5bfa79fc0d197c\"}\n>p1 move leafblade +1, move blizzard\n>p2 switch 3, switch 6\n>p1 switch 6, move mudshot +2 terastallize\n>p2 move tailwind, move nastyplot\n>p1 move moonblast +1, move blizzard\n>p2 move bravebird +2, move heatwave\n>p1 pass, switch 4\n>p2 switch 5, pass\n>p1 move synthesis, move aquajet +2\n>p2 move stickyweb, move suckerpunch +2\n>p2 pass, switch 6\n>p1 move protect, move aquajet +2\n>p2 move leechlife +2, move gunkshot +1\n>p1 pass, switch 5\n>p1 switch 3, move trickroom\n>p2 move liquidation +1, move gunkshot +1\n>p1 move dragonclaw +1, move woodhammer +1\n>p2 move leechlife +1, switch 3\n>p2 switch 3, pass\n>p1 move dragonclaw +1, move protect\n>p2 move bulkup, move scald +1\n>p1 move dragonclaw +1, move woodhammer +2\n>p2 move knockoff +2, move scald +1\n>forcelose p2", "uploadtime": 1770992064, "views": 95, "formatid": "gen9randomdoublesbattle", "rating": 1692, "private": 0, "password": null}