{"id": "gen9randomdoublesbattle-2538762656", "format": "[Gen 9] Random Doubles Battle", "players": ["baseballlover", "3g3"], "log": "|j|☆baseballlover\n|j|☆3g3\n|t:|1770970402\n|gametype|doubles\n|player|p1|baseballlover|266|1647\n|player|p2|3g3|gambler|1619\n|gen|9\n|tier|[Gen 9] Random Doubles Battle\n|rated|\n|rule|Species Clause: Limit one of each Pokémon\n|rule|HP Percentage Mod: HP is shown in percentages\n|rule|Illusion Level Mod: Illusion disguises the Pokémon's true level\n|rule|Sleep Clause Mod: Limit one foe put to sleep\n|\n|t:|1770970402\n|teamsize|p1|6\n|teamsize|p2|6\n|start\n|switch|p1a: Reshiram|Reshiram, L72|263/263\n|switch|p1b: Oranguru|Oranguru, L90, F|308/308\n|switch|p2a: Stonjourner|Stonjourner, L88, F|319/319\n|switch|p2b: Zangoose|Zangoose, L87, M|269/269\n|-ability|p1a: Reshiram|Turboblaze\n|turn|1\n|inactive|Battle timer is ON: inactive players will automatically lose when time's up. (requested by baseballlover)\n|\n|t:|1770970424\n|move|p2b: Zangoose|Knock Off|p1b: Oranguru\n|-supereffective|p1b: Oranguru\n|-damage|p1b: Oranguru|90/308\n|-enditem|p1b: Oranguru|Sitrus Berry|[from] move: Knock Off|[of] p2b: Zangoose\n|move|p2a: Stonjourner|Rock Slide|p1b: Oranguru|[spread] p1a,p1b\n|-supereffective|p1a: Reshiram\n|-damage|p1a: Reshiram|0 fnt\n|-damage|p1b: Oranguru|0 fnt\n|faint|p1a: Reshiram\n|faint|p1b: Oranguru\n|\n|-status|p2b: Zangoose|tox|[from] item: Toxic Orb\n|upkeep\n|\n|t:|1770970443\n|switch|p1a: Lurantis|Lurantis, L85, F|258/258\n|switch|p1b: Dachsbun|Dachsbun, L90, M|249/249\n|turn|2\n|\n|t:|1770970461\n|switch|p2a: Vileplume|Vileplume, L89, M|278/278\n|move|p1b: Dachsbun|Body Press|p2b: Zangoose\n|-supereffective|p2b: Zangoose\n|-damage|p2b: Zangoose|63/269 tox\n|move|p2b: Zangoose|Facade|p1a: Lurantis\n|-damage|p1a: Lurantis|18/258\n|move|p1a: Lurantis|Superpower|p2b: Zangoose\n|-supereffective|p2b: Zangoose\n|-damage|p2b: Zangoose|0 fnt\n|-boost|p1a: Lurantis|atk|1\n|-boost|p1a: Lurantis|def|1\n|faint|p2b: Zangoose\n|\n|upkeep\n|inactive|3g3 has 120 seconds left.\n|\n|t:|1770970487\n|switch|p2b: Fezandipiti|Fezandipiti, L81, M|275/275\n|turn|3\n|inactive|baseballlover has 120 seconds left.\n|\n|t:|1770970521\n|switch|p1b: Oricorio|Oricorio-Pom-Pom, L83, F|260/260\n|move|p2b: Fezandipiti|U-turn|p1a: Lurantis\n|-supereffective|p1a: Lurantis\n|-crit|p1a: Lurantis\n|-damage|p1a: Lurantis|0 fnt\n|faint|p1a: Lurantis\n|\n|t:|1770970532\n|switch|p2b: Stonjourner|Stonjourner, L88, F|319/319|[from] U-turn\n|move|p2a: Vileplume|Sludge Bomb|p1b: Oricorio\n|-damage|p1b: Oricorio|83/260\n|\n|-heal|p1b: Oricorio|99/260|[from] item: Leftovers\n|upkeep\n|inactive|baseballlover has 120 seconds left.\n|\n|t:|1770970560\n|switch|p1a: Chi-Yu|Chi-Yu, L75|206/206\n|-ability|p1a: Chi-Yu|Beads of Ruin\n|turn|4\n|inactive|3g3 has 120 seconds left.\n|\n|t:|1770970602\n|-terastallize|p2a: Vileplume|Water\n|move|p1b: Oricorio|Revelation Dance|p2b: Stonjourner\n|-damage|p2b: Stonjourner|24/319\n|move|p1a: Chi-Yu|Heat Wave|p2a: Vileplume|[spread] p2a,p2b\n|-resisted|p2a: Vileplume\n|-resisted|p2b: Stonjourner\n|-damage|p2a: Vileplume|208/278\n|-damage|p2b: Stonjourner|0 fnt\n|faint|p2b: Stonjourner\n|-damage|p1a: Chi-Yu|186/206|[from] item: Life Orb\n|move|p2a: Vileplume|Sludge Bomb|p1b: Oricorio\n|-damage|p1b: Oricorio|0 fnt\n|faint|p1b: Oricorio\n|\n|upkeep\n|\n|t:|1770970617\n|switch|p1b: Dachsbun|Dachsbun, L90, M|249/249\n|switch|p2b: Fezandipiti|Fezandipiti, L81, M|275/275\n|turn|5\n|inactive|3g3 has 120 seconds left.\n|\n|t:|1770970633\n|move|p1b: Dachsbun|Play Rough|p2a: Vileplume\n|-damage|p2a: Vileplume|121/278\n|-enditem|p2a: Vileplume|Sitrus Berry|[eat]\n|-heal|p2a: Vileplume|190/278|[from] item: Sitrus Berry\n|move|p2b: Fezandipiti|Moonblast|p1a: Chi-Yu\n|-damage|p1a: Chi-Yu|117/206\n|move|p1a: Chi-Yu|Heat Wave|p2a: Vileplume|[spread] p2a\n|-miss|p1a: Chi-Yu|p2b: Fezandipiti\n|-resisted|p2a: Vileplume\n|-damage|p2a: Vileplume|126/278\n|-damage|p1a: Chi-Yu|97/206|[from] item: Life Orb\n|move|p2a: Vileplume|Sludge Bomb|p1b: Dachsbun\n|-supereffective|p1b: Dachsbun\n|-damage|p1b: Dachsbun|0 fnt\n|faint|p1b: Dachsbun\n|\n|upkeep\n|turn|6\n|\n|t:|1770970657\n|move|p2b: Fezandipiti|Moonblast|p1a: Chi-Yu\n|-damage|p1a: Chi-Yu|37/206\n|move|p1a: Chi-Yu|Heat Wave|p2a: Vileplume|[spread] p2a,p2b\n|-resisted|p2a: Vileplume\n|-damage|p2a: Vileplume|57/278\n|-damage|p2b: Fezandipiti|200/275\n|-damage|p1a: Chi-Yu|17/206|[from] item: Life Orb\n|move|p2a: Vileplume|Stun Spore|p1a: Chi-Yu\n|-status|p1a: Chi-Yu|par\n|\n|upkeep\n|turn|7\n|\n|t:|1770970669\n|move|p2b: Fezandipiti|U-turn|p1a: Chi-Yu\n|-damage|p1a: Chi-Yu|0 fnt\n|faint|p1a: Chi-Yu\n|\n|win|3g3\n|raw|baseballlover's rating: 1647 &rarr; <strong>1625</strong><br />(-22 for losing)\n|raw|3g3's rating: 1619 &rarr; <strong>1641</strong><br />(+22 for winning)\n", "inputlog": ">version ccdc32dd7cde25fd9e4bed64820e885f66e78a4e\n>start {\"formatid\":\"gen9randomdoublesbattle\",\"seed\":\"sodium,fc296999722937bb0efeeef540022e9e\",\"rated\":\"Rated battle\"}\n>player p1 {\"name\":\"baseballlover\",\"avatar\":\"266\",\"rating\":1647,\"seed\":\"sodium,f647eada54696422008e8f4f3f076c0d\"}\n>player p2 {\"name\":\"3g3\",\"avatar\":\"gambler\",\"rating\":1619,\"seed\":\"sodium,4c796ccb56ec1f69f9cfde35cff9848d\"}\n>p1 move dracometeor +1, move trickroom\n>p2 move rockslide, move knockoff +2\n>p1 switch 6, switch 3\n>p1 move superpower +2, move bodypress +2\n>p2 switch 5, move facade +1\n>p2 pass, switch 3\n>p1 move superpower +1, switch 5\n>p2 move sludgebomb +2, move uturn +1\n>p2 pass, switch 5\n>p1 switch 4, pass\n>p1 move heatwave, move revelationdance +2\n>p2 move sludgebomb +2 terastallize, move rockslide\n>p1 pass, switch 5\n>p2 pass, switch 5\n>p1 move heatwave, move playrough +1\n>p2 move sludgebomb +2, move moonblast +1\n>p1 move heatwave, pass\n>p2 move stunspore +1, move moonblast +1\n>p1 move heatwave, pass\n>p2 move strengthsap +1, move uturn +1", "uploadtime": 1770970669, "views": 69, "formatid": "gen9randomdoublesbattle", "rating": 1625, "private": 0, "password": null}