{"id": "gen9randomdoublesbattle-2535725609", "format": "[Gen 9] Random Doubles Battle", "players": ["123rock", "Titans34"], "log": "|j|☆123rock\n|j|☆Titans34\n|t:|1770600707\n|gametype|doubles\n|player|p1|123rock|170|1632\n|player|p2|Titans34|169|1641\n|gen|9\n|tier|[Gen 9] Random Doubles Battle\n|rated|\n|rule|Species Clause: Limit one of each Pokémon\n|rule|HP Percentage Mod: HP is shown in percentages\n|rule|Illusion Level Mod: Illusion disguises the Pokémon's true level\n|rule|Sleep Clause Mod: Limit one foe put to sleep\n|\n|t:|1770600707\n|teamsize|p1|6\n|teamsize|p2|6\n|start\n|switch|p1a: Rotom|Rotom, L90|236/236\n|switch|p1b: Volcanion|Volcanion, L75|244/244\n|switch|p2a: Dondozo|Dondozo, L85, M|394/394\n|switch|p2b: Tsareena|Tsareena, L85, F|261/261\n|turn|1\n|inactive|Battle timer is ON: inactive players will automatically lose when time's up. (requested by 123rock)\n|\n|t:|1770600743\n|move|p1a: Rotom|Thunderbolt|p2a: Dondozo\n|-supereffective|p2a: Dondozo\n|-damage|p2a: Dondozo|173/394\n|-damage|p1a: Rotom|213/236|[from] item: Life Orb\n|move|p2b: Tsareena|Power Whip|p1a: Rotom\n|-damage|p1a: Rotom|54/236\n|move|p1b: Volcanion|Heat Wave|p2b: Tsareena|[spread] p2a,p2b\n|-resisted|p2a: Dondozo\n|-supereffective|p2b: Tsareena\n|-damage|p2a: Dondozo|143/394\n|-damage|p2b: Tsareena|163/261\n|move|p2a: Dondozo|Wave Crash|p1a: Rotom\n|-damage|p1a: Rotom|0 fnt\n|faint|p1a: Rotom\n|-damage|p2a: Dondozo|125/394|[from] Recoil\n|\n|upkeep\n|inactive|123rock has 120 seconds left.\n|\n|t:|1770600789\n|switch|p1a: Tauros|Tauros, L82, M|257/257\n|-ability|p1a: Tauros|Intimidate|boost\n|-unboost|p2a: Dondozo|atk|1\n|-unboost|p2b: Tsareena|atk|1\n|turn|2\n|inactive|123rock has 120 seconds left.\n|\n|t:|1770600842\n|switch|p2b: Greninja|Greninja, L83, M|255/255\n|move|p1a: Tauros|Double-Edge|p2a: Dondozo\n|-damage|p2a: Dondozo|0 fnt\n|faint|p2a: Dondozo\n|-damage|p1a: Tauros|216/257|[from] Recoil\n|move|p1b: Volcanion|Heat Wave|p2b: Greninja\n|-resisted|p2b: Greninja\n|-damage|p2b: Greninja|195/255\n|\n|upkeep\n|inactive|Titans34 has 120 seconds left.\n|\n|t:|1770600865\n|switch|p2a: Grumpig|Grumpig, L91, F|293/293\n|turn|3\n|inactive|123rock has 120 seconds left.\n|inactive|123rock has 90 seconds left.\n|\n|t:|1770600913\n|move|p2b: Greninja|Hydro Pump|p1a: Tauros\n|-crit|p1a: Tauros\n|-damage|p1a: Tauros|0 fnt\n|faint|p1a: Tauros\n|-ability|p2b: Greninja|Battle Bond|boost\n|-boost|p2b: Greninja|atk|1\n|-boost|p2b: Greninja|spa|1\n|-boost|p2b: Greninja|spe|1\n|-activate|p2b: Greninja|ability: Battle Bond\n|-damage|p2b: Greninja|170/255|[from] item: Life Orb\n|move|p2a: Grumpig|Nasty Plot|p2a: Grumpig\n|-boost|p2a: Grumpig|spa|2\n|move|p1b: Volcanion|Sludge Bomb|p2b: Greninja\n|-damage|p2b: Greninja|94/255\n|-status|p2b: Greninja|psn\n|\n|-damage|p2b: Greninja|63/255 psn|[from] psn\n|upkeep\n|\n|t:|1770600932\n|switch|p1a: Koraidon|Koraidon, L66|242/242\n|-weather|SunnyDay|[from] ability: Orichalcum Pulse|[of] p1a: Koraidon\n|-activate|p1a: Koraidon|Orichalcum Pulse|[source]\n|turn|4\n|l|☆Titans34\n|inactive|Titans34 disconnected and has a minute to reconnect!\n|player|p2|\n|j|☆Titans34\n|inactive|Titans34 reconnected and has 145 seconds left.\n|player|p2|Titans34|169|\n|\n|t:|1770600948\n|switch|p1b: Crawdaunt|Crawdaunt, L87, F|251/251\n|move|p1a: Koraidon|Protect|p1a: Koraidon\n|-singleturn|p1a: Koraidon|Protect\n|move|p2b: Greninja|Dark Pulse|p1b: Crawdaunt\n|-resisted|p1b: Crawdaunt\n|-damage|p1b: Crawdaunt|142/251\n|-damage|p2b: Greninja|38/255 psn|[from] item: Life Orb\n|move|p2a: Grumpig|Psychic|p1a: Koraidon\n|-activate|p1a: Koraidon|move: Protect\n|\n|-weather|SunnyDay|[upkeep]\n|-damage|p2b: Greninja|7/255 psn|[from] psn\n|upkeep\n|turn|5\n|inactive|123rock has 90 seconds left.\n|\n|t:|1770600987\n|switch|p1a: Volcanion|Volcanion, L75|244/244\n|move|p1b: Crawdaunt|Aqua Jet|p2b: Greninja\n|-resisted|p2b: Greninja\n|-damage|p2b: Greninja|0 fnt\n|faint|p2b: Greninja\n|move|p2a: Grumpig|Dazzling Gleam|p1a: Volcanion|[spread] p1a,p1b\n|-resisted|p1a: Volcanion\n|-crit|p1a: Volcanion\n|-supereffective|p1b: Crawdaunt\n|-damage|p1a: Volcanion|180/244\n|-damage|p1b: Crawdaunt|0 fnt\n|faint|p1b: Crawdaunt\n|-damage|p2a: Grumpig|264/293|[from] item: Life Orb\n|\n|-weather|SunnyDay|[upkeep]\n|upkeep\n|inactive|Titans34 has 120 seconds left.\n|inactive|123rock has 60 seconds left.\n|\n|t:|1770601017\n|switch|p2b: Kommo-o|Kommo-o, L79, F|248/248\n|switch|p1b: Koraidon|Koraidon, L66|242/242\n|-activate|p1b: Koraidon|ability: Orichalcum Pulse\n|turn|6\n|inactive|Titans34 has 120 seconds left.\n|inactive|123rock has 60 seconds left.\n|\n|t:|1770601045\n|move|p1b: Koraidon|Protect|p1b: Koraidon\n|-singleturn|p1b: Koraidon|Protect\n|move|p2a: Grumpig|Psychic|p1a: Volcanion\n|-damage|p1a: Volcanion|0 fnt\n|faint|p1a: Volcanion\n|-damage|p2a: Grumpig|235/293|[from] item: Life Orb\n|move|p2b: Kommo-o|Clangorous Soul|p2b: Kommo-o\n|-boost|p2b: Kommo-o|atk|1\n|-boost|p2b: Kommo-o|def|1\n|-boost|p2b: Kommo-o|spa|1\n|-boost|p2b: Kommo-o|spd|1\n|-boost|p2b: Kommo-o|spe|1\n|-damage|p2b: Kommo-o|167/248\n|-enditem|p2b: Kommo-o|Throat Spray\n|-boost|p2b: Kommo-o|spa|1|[from] item: Throat Spray\n|\n|-weather|SunnyDay|[upkeep]\n|upkeep\n|inactive|123rock has 60 seconds left.\n|\n|t:|1770601059\n|switch|p1a: Regirock|Regirock, L82|265/265\n|turn|7\n|-message|123rock forfeited.\n|\n|win|Titans34\n|raw|123rock's rating: 1632 &rarr; <strong>1613</strong><br />(-19 for losing)\n|raw|Titans34's rating: 1641 &rarr; <strong>1660</strong><br />(+19 for winning)\n|l|☆123rock\n|player|p1|\n", "inputlog": ">version ccdc32dd7cde25fd9e4bed64820e885f66e78a4e\n>start {\"formatid\":\"gen9randomdoublesbattle\",\"seed\":\"sodium,1690478dfe358bff257dd6ab3582e2e1\",\"rated\":\"Rated battle\"}\n>player p1 {\"name\":\"123rock\",\"avatar\":\"170\",\"rating\":1632,\"seed\":\"sodium,1e210acbd9fdffcd6dedffc25161fdf4\"}\n>player p2 {\"name\":\"Titans34\",\"avatar\":\"169\",\"rating\":1641,\"seed\":\"sodium,8d75eef821fafb63e8b1cfc135a6b082\"}\n>p1 move thunderbolt +1, move heatwave\n>p2 move wavecrash +1, move powerwhip +1\n>p1 switch 4, pass\n>p1 move doubleedge +1, move heatwave\n>p2 move bodypress +1, switch 3\n>p2 switch 5, pass\n>p1 move doubleedge +2, move sludgebomb +2\n>p2 move nastyplot, move hydropump +1\n>p1 switch 5, pass\n>p1 move protect, switch 3\n>p2 move psychic +1, move darkpulse +2\n>p1 switch 3, move aquajet +2\n>p2 move dazzlinggleam, move hydropump +1\n>p1 pass, switch 3\n>p2 pass, switch 4\n>p1 move heatwave, move protect\n>p2 move psychic +1, move clangoroussoul\n>p1 switch 6, pass\n>forcelose p1", "uploadtime": 1770601065, "views": 70, "formatid": "gen9randomdoublesbattle", "rating": 1613, "private": 0, "password": null}