{"id": "gen9randomdoublesbattle-2537886855", "format": "[Gen 9] Random Doubles Battle", "players": ["savjy", "Jenome"], "log": "|j|☆savjy\n|j|☆Jenome\n|t:|1770859634\n|gametype|doubles\n|player|p1|savjy|170|1632\n|player|p2|Jenome|gentleman-gen4|1591\n|gen|9\n|tier|[Gen 9] Random Doubles Battle\n|rated|\n|rule|Species Clause: Limit one of each Pokémon\n|rule|HP Percentage Mod: HP is shown in percentages\n|rule|Illusion Level Mod: Illusion disguises the Pokémon's true level\n|rule|Sleep Clause Mod: Limit one foe put to sleep\n|\n|t:|1770859634\n|teamsize|p1|6\n|teamsize|p2|6\n|start\n|switch|p1a: Krookodile|Krookodile, L80, F|283/283\n|switch|p1b: Hawlucha|Hawlucha, L84, F|268/268\n|switch|p2a: Dragalge|Dragalge, L88, M|258/258\n|switch|p2b: Hippowdon|Hippowdon, L86, F|326/326\n|-ability|p1a: Krookodile|Intimidate|boost\n|-unboost|p2a: Dragalge|atk|1\n|-unboost|p2b: Hippowdon|atk|1\n|-weather|Sandstorm|[from] ability: Sand Stream|[of] p2b: Hippowdon\n|turn|1\n|inactive|Battle timer is ON: inactive players will automatically lose when time's up. (requested by savjy)\n|\n|t:|1770859645\n|move|p1b: Hawlucha|Swords Dance|p1b: Hawlucha\n|-boost|p1b: Hawlucha|atk|2\n|move|p1a: Krookodile|High Horsepower|p2a: Dragalge\n|-supereffective|p2a: Dragalge\n|-damage|p2a: Dragalge|0 fnt\n|faint|p2a: Dragalge\n|move|p2b: Hippowdon|Stealth Rock|p1b: Hawlucha\n|-sidestart|p1: savjy|move: Stealth Rock\n|\n|-weather|Sandstorm|[upkeep]\n|-damage|p1b: Hawlucha|252/268|[from] Sandstorm\n|upkeep\n|\n|t:|1770859653\n|switch|p2a: Dachsbun|Dachsbun, L90, F|249/249\n|turn|2\n|\n|t:|1770859671\n|move|p1b: Hawlucha|Close Combat|p2b: Hippowdon\n|-crit|p2b: Hippowdon\n|-damage|p2b: Hippowdon|38/326\n|-unboost|p1b: Hawlucha|def|1\n|-unboost|p1b: Hawlucha|spd|1\n|-enditem|p1b: Hawlucha|White Herb\n|-clearnegativeboost|p1b: Hawlucha|[silent]\n|move|p2a: Dachsbun|Play Rough|p1b: Hawlucha\n|-supereffective|p1b: Hawlucha\n|-damage|p1b: Hawlucha|42/268\n|move|p1a: Krookodile|High Horsepower|p2b: Hippowdon\n|-damage|p2b: Hippowdon|0 fnt\n|faint|p2b: Hippowdon\n|\n|-weather|Sandstorm|[upkeep]\n|-damage|p1b: Hawlucha|26/268|[from] Sandstorm\n|-damage|p2a: Dachsbun|234/249|[from] Sandstorm\n|upkeep\n|\n|t:|1770859689\n|switch|p2b: Plusle|Plusle, L92, M|260/260\n|turn|3\n|\n|t:|1770859709\n|move|p1b: Hawlucha|Brave Bird|p2a: Dachsbun\n|-damage|p2a: Dachsbun|38/249\n|-enditem|p2a: Dachsbun|Sitrus Berry|[eat]\n|-heal|p2a: Dachsbun|100/249|[from] item: Sitrus Berry\n|-damage|p1b: Hawlucha|0 fnt|[from] Recoil\n|faint|p1b: Hawlucha\n|move|p2b: Plusle|Super Fang|p1a: Krookodile\n|-damage|p1a: Krookodile|142/283\n|move|p2a: Dachsbun|Body Press|p1a: Krookodile\n|-supereffective|p1a: Krookodile\n|-damage|p1a: Krookodile|0 fnt\n|faint|p1a: Krookodile\n|\n|-weather|Sandstorm|[upkeep]\n|-damage|p2b: Plusle|244/260|[from] Sandstorm\n|-damage|p2a: Dachsbun|85/249|[from] Sandstorm\n|upkeep\n|\n|t:|1770859727\n|switch|p1b: Chi-Yu|Chi-Yu, L75|206/206\n|switch|p1a: Iron Valiant|Iron Valiant, L79|247/247\n|-damage|p1a: Iron Valiant|232/247|[from] Stealth Rock\n|-damage|p1b: Chi-Yu|155/206|[from] Stealth Rock\n|-ability|p1b: Chi-Yu|Beads of Ruin\n|turn|4\n|\n|t:|1770859738\n|move|p1a: Iron Valiant|Moonblast|p2a: Dachsbun\n|-damage|p2a: Dachsbun|0 fnt\n|faint|p2a: Dachsbun\n|-damage|p1a: Iron Valiant|208/247|[from] item: Life Orb\n|move|p2b: Plusle|Nuzzle|p1b: Chi-Yu\n|-damage|p1b: Chi-Yu|136/206\n|-status|p1b: Chi-Yu|par\n|cant|p1b: Chi-Yu|par\n|\n|-weather|Sandstorm|[upkeep]\n|-damage|p1a: Iron Valiant|193/247|[from] Sandstorm\n|-damage|p2b: Plusle|228/260|[from] Sandstorm\n|-damage|p1b: Chi-Yu|124/206 par|[from] Sandstorm\n|upkeep\n|\n|t:|1770859743\n|switch|p2a: Cinderace|Cinderace, L82, M|265/265\n|turn|5\n|\n|t:|1770859757\n|move|p1a: Iron Valiant|Protect|p1a: Iron Valiant\n|-singleturn|p1a: Iron Valiant|Protect\n|move|p2a: Cinderace|Pyro Ball|p1a: Iron Valiant\n|-activate|p1a: Iron Valiant|move: Protect\n|move|p2b: Plusle|Thunderbolt|p1b: Chi-Yu\n|-damage|p1b: Chi-Yu|36/206 par\n|move|p1b: Chi-Yu|Heat Wave|p2a: Cinderace|[spread] p2a,p2b\n|-resisted|p2a: Cinderace\n|-damage|p2a: Cinderace|181/265\n|-damage|p2b: Plusle|92/260\n|-enditem|p2b: Plusle|Sitrus Berry|[eat]\n|-heal|p2b: Plusle|157/260|[from] item: Sitrus Berry\n|-damage|p1b: Chi-Yu|16/206 par|[from] item: Life Orb\n|\n|-weather|none\n|upkeep\n|turn|6\n|\n|t:|1770859785\n|move|p2a: Cinderace|Pyro Ball|p1a: Iron Valiant\n|-damage|p1a: Iron Valiant|37/247\n|move|p1a: Iron Valiant|Moonblast|p2b: Plusle\n|-damage|p2b: Plusle|0 fnt\n|faint|p2b: Plusle\n|-damage|p1a: Iron Valiant|13/247|[from] item: Life Orb\n|move|p1b: Chi-Yu|Dark Pulse|p2a: Cinderace\n|-damage|p2a: Cinderace|6/265\n|-damage|p1b: Chi-Yu|0 fnt|[from] item: Life Orb\n|faint|p1b: Chi-Yu\n|\n|upkeep\n|inactive|savjy has 120 seconds left.\n|\n|t:|1770859796\n|switch|p2b: Sinistcha|Sinistcha, L81|248/248\n|switch|p1b: Mamoswine|Mamoswine, L82, F|315/315\n|-damage|p1b: Mamoswine|276/315|[from] Stealth Rock\n|-heal|p2a: Cinderace|72/265|[from] ability: Hospitality|[of] p2b: Sinistcha\n|turn|7\n|\n|t:|1770859808\n|-terastallize|p1b: Mamoswine|Water\n|move|p1a: Iron Valiant|Protect|p1a: Iron Valiant\n|-singleturn|p1a: Iron Valiant|Protect\n|move|p2a: Cinderace|High Jump Kick|p1b: Mamoswine\n|-damage|p1b: Mamoswine|169/315\n|move|p1b: Mamoswine|High Horsepower|p2a: Cinderace\n|-supereffective|p2a: Cinderace\n|-damage|p2a: Cinderace|0 fnt\n|faint|p2a: Cinderace\n|-damage|p1b: Mamoswine|138/315|[from] item: Life Orb\n|move|p2b: Sinistcha|Matcha Gotcha|p1b: Mamoswine|[spread] p1b\n|-activate|p1a: Iron Valiant|move: Protect\n|-supereffective|p1b: Mamoswine\n|-damage|p1b: Mamoswine|0 fnt\n|faint|p1b: Mamoswine\n|\n|upkeep\n|\n|t:|1770859817\n|switch|p1b: Arceus|Arceus-Water, L72|292/292\n|-damage|p1b: Arceus|256/292|[from] Stealth Rock\n|turn|8\n|\n|t:|1770859827\n|-terastallize|p2b: Sinistcha|Fairy\n|move|p1a: Iron Valiant|Knock Off|p2b: Sinistcha\n|-resisted|p2b: Sinistcha\n|-damage|p2b: Sinistcha|200/248\n|-damage|p1a: Iron Valiant|0 fnt|[from] item: Rocky Helmet|[of] p2b: Sinistcha\n|faint|p1a: Iron Valiant\n|-end|p1a: Iron Valiant|Quark Drive|[silent]\n|move|p1b: Arceus|Snarl|p2b: Sinistcha\n|-resisted|p2b: Sinistcha\n|-damage|p2b: Sinistcha|180/248\n|-unboost|p2b: Sinistcha|spa|1\n|move|p2b: Sinistcha|Trick Room|p2b: Sinistcha\n|-fieldstart|move: Trick Room|[of] p2b: Sinistcha\n|\n|upkeep\n|turn|9\n|\n|t:|1770859837\n|move|p2b: Sinistcha|Matcha Gotcha|p1b: Arceus\n|-supereffective|p1b: Arceus\n|-damage|p1b: Arceus|134/292\n|-heal|p2b: Sinistcha|241/248|[from] drain|[of] p1b: Arceus\n|-status|p1b: Arceus|brn\n|move|p1b: Arceus|Judgment|p2b: Sinistcha\n|-damage|p2b: Sinistcha|124/248\n|\n|-damage|p1b: Arceus|116/292 brn|[from] brn\n|upkeep\n|turn|10\n|\n|t:|1770859842\n|move|p2b: Sinistcha|Matcha Gotcha|p1b: Arceus\n|-supereffective|p1b: Arceus\n|-damage|p1b: Arceus|8/292 brn\n|-heal|p2b: Sinistcha|178/248|[from] drain|[of] p1b: Arceus\n|move|p1b: Arceus|Judgment|p2b: Sinistcha\n|-damage|p2b: Sinistcha|63/248\n|\n|-damage|p1b: Arceus|0 fnt|[from] brn\n|faint|p1b: Arceus\n|\n|win|Jenome\n|raw|savjy's rating: 1632 &rarr; <strong>1610</strong><br />(-22 for losing)\n|raw|Jenome's rating: 1591 &rarr; <strong>1613</strong><br />(+22 for winning)\n|l|☆savjy\n|player|p1|\n", "inputlog": ">version ccdc32dd7cde25fd9e4bed64820e885f66e78a4e\n>start {\"formatid\":\"gen9randomdoublesbattle\",\"seed\":\"sodium,3894208fc96bfed92378099afb7eda42\",\"rated\":\"Rated battle\"}\n>player p1 {\"name\":\"savjy\",\"avatar\":\"170\",\"rating\":1632,\"seed\":\"sodium,f7cc33eaa4235d8acacf617139e0107d\"}\n>player p2 {\"name\":\"Jenome\",\"avatar\":\"gentleman-gen4\",\"rating\":1591,\"seed\":\"sodium,2a3636bdb9d5b6b900df07f945b991dc\"}\n>p1 move highhorsepower +1, move swordsdance\n>p2 move dracometeor +2, move stealthrock\n>p2 switch 6, pass\n>p1 move highhorsepower +2, move closecombat +2\n>p2 move playrough +2, move stoneedge +2\n>p2 pass, switch 4\n>p1 move highhorsepower +2, move bravebird +1\n>p2 move bodypress +2, move superfang +1\n>p1 switch 4, switch 6\n>p1 move moonblast +1, move darkpulse +2\n>p2 move playrough +1, move nuzzle +2\n>p2 switch 3, pass\n>p1 move protect, move heatwave\n>p2 move pyroball +1, move thunderbolt +2\n>p1 move moonblast +2, move darkpulse +2\n>p2 move pyroball +1, move thunderbolt +1\n>p1 pass, switch 3\n>p2 pass, switch 5\n>p1 move protect, move highhorsepower +1 terastallize\n>p2 move highjumpkick +2, move matchagotcha\n>p1 pass, switch 5\n>p1 move knockoff +2, move snarl\n>p2 pass, move trickroom terastallize\n>p1 pass, move judgment +2\n>p2 pass, move matchagotcha\n>p1 pass, move judgment +2\n>p2 pass, move matchagotcha", "uploadtime": 1770859852, "views": 66, "formatid": "gen9randomdoublesbattle", "rating": 1610, "private": 0, "password": null}