{"id": "gen9randomdoublesbattle-2538513106", "format": "[Gen 9] Random Doubles Battle", "players": ["coop20", "DarrowAndro"], "log": "|j|☆coop20\n|j|☆DarrowAndro\n|t:|1770935110\n|gametype|doubles\n|player|p1|coop20|266|1851\n|player|p2|DarrowAndro|102|1750\n|gen|9\n|tier|[Gen 9] Random Doubles Battle\n|rated|\n|rule|Species Clause: Limit one of each Pokémon\n|rule|HP Percentage Mod: HP is shown in percentages\n|rule|Illusion Level Mod: Illusion disguises the Pokémon's true level\n|rule|Sleep Clause Mod: Limit one foe put to sleep\n|\n|t:|1770935110\n|teamsize|p1|6\n|teamsize|p2|6\n|start\n|switch|p1a: Bombirdier|Bombirdier, L84, M|255/255\n|switch|p1b: Arceus|Arceus-Dragon, L73|296/296\n|switch|p2a: Hippowdon|Hippowdon, L86, F|326/326\n|switch|p2b: Mightyena|Mightyena, L95, M|287/287\n|-ability|p2b: Mightyena|Intimidate|boost\n|-unboost|p1a: Bombirdier|atk|1\n|-unboost|p1b: Arceus|atk|1\n|-weather|Sandstorm|[from] ability: Sand Stream|[of] p2a: Hippowdon\n|turn|1\n|inactive|Battle timer is ON: inactive players will automatically lose when time's up. (requested by DarrowAndro)\n|inactive|coop20 also wants the timer to be on.\n|\n|t:|1770935135\n|switch|p1a: Yanmega|Yanmega, L84, M|282/282\n|move|p1b: Arceus|Judgment|p2b: Mightyena\n|-damage|p2b: Mightyena|142/287\n|move|p2b: Mightyena|Play Rough|p1b: Arceus\n|-supereffective|p1b: Arceus\n|-damage|p1b: Arceus|122/296\n|-damage|p2b: Mightyena|114/287|[from] item: Life Orb\n|move|p2a: Hippowdon|Stone Edge|p1a: Yanmega\n|-supereffective|p1a: Yanmega\n|-damage|p1a: Yanmega|0 fnt\n|faint|p1a: Yanmega\n|\n|-weather|Sandstorm|[upkeep]\n|-damage|p1b: Arceus|104/296|[from] Sandstorm\n|-damage|p2b: Mightyena|97/287|[from] Sandstorm\n|upkeep\n|\n|t:|1770935153\n|switch|p1a: Beartic|Beartic, L91, F|321/321\n|turn|2\n|\n|t:|1770935160\n|move|p2b: Mightyena|Sucker Punch|p1b: Arceus\n|-damage|p1b: Arceus|0 fnt\n|faint|p1b: Arceus\n|-damage|p2b: Mightyena|69/287|[from] item: Life Orb\n|move|p1a: Beartic|Icicle Crash|p2a: Hippowdon\n|-supereffective|p2a: Hippowdon\n|-damage|p2a: Hippowdon|69/326\n|-damage|p1a: Beartic|289/321|[from] item: Life Orb\n|move|p2a: Hippowdon|High Horsepower|p1a: Beartic\n|-damage|p1a: Beartic|171/321\n|\n|-weather|Sandstorm|[upkeep]\n|-damage|p2b: Mightyena|52/287|[from] Sandstorm\n|-damage|p1a: Beartic|151/321|[from] Sandstorm\n|-heal|p2a: Hippowdon|89/326|[from] item: Leftovers\n|upkeep\n|\n|t:|1770935169\n|switch|p1b: Oranguru|Oranguru, L90, M|308/308\n|turn|3\n|\n|t:|1770935183\n|move|p2b: Mightyena|Crunch|p1b: Oranguru\n|-supereffective|p1b: Oranguru\n|-damage|p1b: Oranguru|56/308\n|-enditem|p1b: Oranguru|Sitrus Berry|[eat]\n|-heal|p1b: Oranguru|133/308|[from] item: Sitrus Berry\n|-damage|p2b: Mightyena|24/287|[from] item: Life Orb\n|move|p1a: Beartic|Icicle Crash|p2a: Hippowdon\n|-supereffective|p2a: Hippowdon\n|-damage|p2a: Hippowdon|0 fnt\n|faint|p2a: Hippowdon\n|-damage|p1a: Beartic|119/321|[from] item: Life Orb\n|move|p1b: Oranguru|Trick Room|p1b: Oranguru\n|-fieldstart|move: Trick Room|[of] p1b: Oranguru\n|\n|-weather|Sandstorm|[upkeep]\n|-damage|p1b: Oranguru|114/308|[from] Sandstorm\n|-damage|p1a: Beartic|99/321|[from] Sandstorm\n|-damage|p2b: Mightyena|7/287|[from] Sandstorm\n|upkeep\n|\n|t:|1770935197\n|switch|p2a: Greedent|Greedent, L86, F|347/347\n|turn|4\n|\n|t:|1770935213\n|move|p1a: Beartic|Aqua Jet|p2b: Mightyena\n|-damage|p2b: Mightyena|0 fnt\n|faint|p2b: Mightyena\n|-damage|p1a: Beartic|67/321|[from] item: Life Orb\n|move|p2a: Greedent|Double-Edge|p1a: Beartic\n|-damage|p1a: Beartic|0 fnt\n|faint|p1a: Beartic\n|-damage|p2a: Greedent|325/347|[from] Recoil\n|move|p1b: Oranguru|Psychic|p2a: Greedent\n|-damage|p2a: Greedent|217/347\n|\n|-weather|Sandstorm|[upkeep]\n|-damage|p2a: Greedent|196/347|[from] Sandstorm\n|-damage|p1b: Oranguru|95/308|[from] Sandstorm\n|upkeep\n|\n|t:|1770935230\n|switch|p1a: Camerupt|Camerupt, L88, F|266/266\n|switch|p2b: Exeggutor|Exeggutor-Alola, L87, F|307/307\n|turn|5\n|\n|t:|1770935243\n|-terastallize|p2b: Exeggutor|Fire\n|move|p2a: Greedent|Double-Edge|p1b: Oranguru\n|-damage|p1b: Oranguru|0 fnt\n|faint|p1b: Oranguru\n|-damage|p2a: Greedent|165/347|[from] Recoil\n|-enditem|p2a: Greedent|Sitrus Berry|[eat]\n|-heal|p2a: Greedent|251/347|[from] item: Sitrus Berry\n|-heal|p2a: Greedent|347/347|[from] ability: Cheek Pouch\n|move|p1a: Camerupt|Heat Wave|p2b: Exeggutor|[spread] p2a,p2b\n|-resisted|p2b: Exeggutor\n|-damage|p2a: Greedent|244/347\n|-damage|p2b: Exeggutor|255/307\n|move|p2b: Exeggutor|Wood Hammer|p1a: Camerupt\n|-damage|p1a: Camerupt|118/266\n|-enditem|p1a: Camerupt|Sitrus Berry|[eat]\n|-heal|p1a: Camerupt|184/266|[from] item: Sitrus Berry\n|-damage|p2b: Exeggutor|206/307|[from] Recoil\n|\n|-weather|none\n|upkeep\n|\n|t:|1770935248\n|switch|p1b: Bombirdier|Bombirdier, L84, M|255/255\n|turn|6\n|\n|t:|1770935266\n|move|p2a: Greedent|High Horsepower|p1a: Camerupt\n|-supereffective|p1a: Camerupt\n|-damage|p1a: Camerupt|57/266\n|move|p1a: Camerupt|Earth Power|p2b: Exeggutor\n|-supereffective|p2b: Exeggutor\n|-damage|p2b: Exeggutor|0 fnt\n|faint|p2b: Exeggutor\n|move|p1b: Bombirdier|Rock Slide|p2a: Greedent\n|-damage|p2a: Greedent|149/347\n|-damage|p1b: Bombirdier|230/255|[from] item: Life Orb\n|\n|upkeep\n|\n|t:|1770935279\n|switch|p2b: Deoxys|Deoxys-Attack, L79|209/209\n|-ability|p2b: Deoxys|Pressure\n|turn|7\n|\n|t:|1770935285\n|-terastallize|p1b: Bombirdier|Rock\n|move|p1a: Camerupt|Protect|p1a: Camerupt\n|-singleturn|p1a: Camerupt|Protect\n|move|p2b: Deoxys|Protect|p2b: Deoxys\n|-singleturn|p2b: Deoxys|Protect\n|move|p2a: Greedent|High Horsepower|p1a: Camerupt\n|-activate|p1a: Camerupt|move: Protect\n|move|p1b: Bombirdier|Rock Slide|p2b: Deoxys|[spread] p2a\n|-activate|p2b: Deoxys|move: Protect\n|-damage|p2a: Greedent|36/347\n|-damage|p1b: Bombirdier|205/255|[from] item: Life Orb\n|\n|-fieldend|move: Trick Room\n|upkeep\n|turn|8\n|\n|t:|1770935305\n|move|p1b: Bombirdier|Protect|p1b: Bombirdier\n|-singleturn|p1b: Bombirdier|Protect\n|move|p2b: Deoxys|Superpower|p1b: Bombirdier\n|-activate|p1b: Bombirdier|move: Protect\n|move|p1a: Camerupt|Heat Wave|p2a: Greedent|[spread] p2a,p2b\n|-damage|p2a: Greedent|0 fnt\n|-damage|p2b: Deoxys|0 fnt\n|faint|p2a: Greedent\n|faint|p2b: Deoxys\n|\n|upkeep\n|\n|t:|1770935315\n|switch|p2b: Galvantula|Galvantula, L85, F|258/258\n|turn|9\n|\n|t:|1770935324\n|move|p2b: Galvantula|Thunder|p1b: Bombirdier\n|-damage|p1b: Bombirdier|76/255\n|-status|p1b: Bombirdier|par\n|move|p1a: Camerupt|Heat Wave|p2b: Galvantula\n|-supereffective|p2b: Galvantula\n|-damage|p2b: Galvantula|0 fnt\n|faint|p2b: Galvantula\n|\n|win|coop20\n|raw|coop20's rating: 1851 &rarr; <strong>1865</strong><br />(+14 for winning)\n|raw|DarrowAndro's rating: 1750 &rarr; <strong>1736</strong><br />(-14 for losing)\n|c|☆DarrowAndro|gg\n|l|☆DarrowAndro\n|player|p2|\n|c|☆coop20|gg\n", "inputlog": ">version ccdc32dd7cde25fd9e4bed64820e885f66e78a4e\n>start {\"formatid\":\"gen9randomdoublesbattle\",\"seed\":\"sodium,44f6cda82fd25b6b4f48715300b89da5\",\"rated\":\"Rated battle\"}\n>player p1 {\"name\":\"coop20\",\"avatar\":\"266\",\"rating\":1851,\"seed\":\"sodium,c1e82d62375fb07964f50034e81baba6\"}\n>player p2 {\"name\":\"DarrowAndro\",\"avatar\":\"102\",\"rating\":1750,\"seed\":\"sodium,75b0689496797baa82a073c7f52f01aa\"}\n>p1 switch 4, move judgment +2\n>p2 move stoneedge +1, move playrough +2\n>p1 switch 6, pass\n>p1 move iciclecrash +1, move judgment +2\n>p2 move highhorsepower +2, move suckerpunch +2\n>p1 pass, switch 3\n>p1 move iciclecrash +1, move trickroom\n>p2 move stoneedge +1, move crunch +2\n>p2 switch 6, pass\n>p1 move aquajet +2, move psychic +1\n>p2 move doubleedge +1, move suckerpunch +2\n>p1 switch 5, pass\n>p2 pass, switch 5\n>p1 move heatwave, move hypervoice\n>p2 move doubleedge +2, move woodhammer +1 terastallize\n>p1 pass, switch 4\n>p1 move earthpower +2, move rockslide\n>p2 move highhorsepower +1, move flamethrower +2\n>p2 pass, switch 4\n>p1 move protect, move rockslide terastallize\n>p2 move highhorsepower +1, move protect\n>p1 move heatwave, move protect\n>p2 move highhorsepower +1, move superpower +2\n>p2 pass, switch 3\n>p1 move heatwave, move rockslide\n>p2 pass, move thunder +2", "uploadtime": 1770935343, "views": 91, "formatid": "gen9randomdoublesbattle", "rating": 1736, "private": 0, "password": null}