{"id": "gen9randomdoublesbattle-2538025382", "format": "[Gen 9] Random Doubles Battle", "players": ["chainzaw", "walnut3072"], "log": "|j|☆chainzaw\n|j|☆walnut3072\n|t:|1770879980\n|gametype|doubles\n|player|p1|chainzaw|1|1728\n|player|p2|walnut3072|lucas|1617\n|gen|9\n|tier|[Gen 9] Random Doubles Battle\n|rated|\n|rule|Species Clause: Limit one of each Pokémon\n|rule|HP Percentage Mod: HP is shown in percentages\n|rule|Illusion Level Mod: Illusion disguises the Pokémon's true level\n|rule|Sleep Clause Mod: Limit one foe put to sleep\n|\n|t:|1770879980\n|teamsize|p1|6\n|teamsize|p2|6\n|start\n|switch|p1a: Lumineon|Lumineon, L92, M|276/276\n|switch|p1b: Farigiraf|Farigiraf, L84, F|339/339\n|switch|p2a: Dedenne|Dedenne, L85, M|253/253\n|switch|p2b: Iron Crown|Iron Crown, L78|268/268\n|turn|1\n|inactive|Battle timer is ON: inactive players will automatically lose when time's up. (requested by chainzaw)\n|inactive|chainzaw has 120 seconds left.\n|inactive|walnut3072 has 120 seconds left.\n|\n|t:|1770880036\n|switch|p1a: Kricketune|Kricketune, F|316/316\n|move|p2a: Dedenne|Super Fang|p1b: Farigiraf\n|-damage|p1b: Farigiraf|170/339\n|move|p2b: Iron Crown|Tachyon Cutter|p1b: Farigiraf\n|-crit|p1b: Farigiraf\n|-damage|p1b: Farigiraf|45/339\n|-damage|p1b: Farigiraf|0 fnt\n|faint|p1b: Farigiraf\n|-hitcount|p1: Farigiraf|2\n|-damage|p2b: Iron Crown|242/268|[from] item: Life Orb\n|\n|upkeep\n|inactive|chainzaw has 120 seconds left.\n|\n|t:|1770880067\n|switch|p1b: Lumineon|Lumineon, L92, M|276/276\n|turn|2\n|\n|t:|1770880083\n|move|p1b: Lumineon|Encore|p2a: Dedenne\n|-start|p2a: Dedenne|Encore\n|move|p2a: Dedenne|Super Fang|p1a: Kricketune\n|-damage|p1a: Kricketune|158/316\n|-enditem|p1a: Kricketune|Sitrus Berry|[eat]\n|-heal|p1a: Kricketune|237/316|[from] item: Sitrus Berry\n|move|p2b: Iron Crown|Tachyon Cutter|p1a: Kricketune\n|-damage|p1a: Kricketune|151/316\n|-damage|p1a: Kricketune|57/316\n|-hitcount|p1a: Kricketune|2\n|-damage|p2b: Iron Crown|216/268|[from] item: Life Orb\n|move|p1a: Kricketune|Sticky Web|p2b: Iron Crown\n|-sidestart|p2: walnut3072|move: Sticky Web\n|\n|upkeep\n|turn|3\n|\n|t:|1770880103\n|move|p2a: Dedenne|Super Fang|p1b: Lumineon\n|-damage|p1b: Lumineon|138/276\n|-enditem|p1b: Lumineon|Sitrus Berry|[eat]\n|-heal|p1b: Lumineon|207/276|[from] item: Sitrus Berry\n|move|p1b: Lumineon|Icy Wind|p2a: Dedenne|[spread] p2b\n|-miss|p1b: Lumineon|p2a: Dedenne\n|-resisted|p2b: Iron Crown\n|-damage|p2b: Iron Crown|205/268\n|-unboost|p2b: Iron Crown|spe|1\n|move|p1a: Kricketune|Knock Off|p2b: Iron Crown\n|-supereffective|p2b: Iron Crown\n|-damage|p2b: Iron Crown|25/268\n|-enditem|p2b: Iron Crown|Life Orb|[from] move: Knock Off|[of] p1a: Kricketune\n|move|p2b: Iron Crown|Psychic|p1a: Kricketune\n|-damage|p1a: Kricketune|0 fnt\n|faint|p1a: Kricketune\n|\n|upkeep\n|inactive|chainzaw has 120 seconds left.\n|\n|t:|1770880122\n|switch|p1a: Glaceon|Glaceon, L86, M|252/252\n|turn|4\n|\n|t:|1770880136\n|move|p2a: Dedenne|Super Fang|p1b: Lumineon|[miss]\n|-miss|p2a: Dedenne|p1b: Lumineon\n|move|p1b: Lumineon|Icy Wind|p2b: Iron Crown|[spread] p2a,p2b\n|-resisted|p2b: Iron Crown\n|-damage|p2a: Dedenne|222/253\n|-damage|p2b: Iron Crown|13/268\n|-unboost|p2a: Dedenne|spe|1\n|-unboost|p2b: Iron Crown|spe|1\n|move|p1a: Glaceon|Blizzard|p2b: Iron Crown|[spread] p2a,p2b\n|-resisted|p2b: Iron Crown\n|-damage|p2a: Dedenne|78/253\n|-damage|p2b: Iron Crown|0 fnt\n|-enditem|p2a: Dedenne|Sitrus Berry|[eat]\n|-heal|p2a: Dedenne|141/253|[from] item: Sitrus Berry\n|-heal|p2a: Dedenne|225/253|[from] ability: Cheek Pouch\n|faint|p2b: Iron Crown\n|-end|p2b: Iron Crown|Quark Drive|[silent]\n|\n|-end|p2a: Dedenne|Encore\n|upkeep\n|\n|t:|1770880157\n|switch|p2b: Falinks|Falinks, L87|255/255\n|-activate|p2b: Falinks|move: Sticky Web\n|-unboost|p2b: Falinks|spe|1\n|-ability|p2b: Falinks|Defiant|boost\n|-boost|p2b: Falinks|atk|2\n|turn|5\n|\n|t:|1770880183\n|move|p1b: Lumineon|Encore|p2a: Dedenne\n|-start|p2a: Dedenne|Encore\n|move|p1a: Glaceon|Blizzard|p2b: Falinks|[spread] p2a,p2b\n|-damage|p2a: Dedenne|95/253\n|-damage|p2b: Falinks|101/255\n|-status|p2b: Falinks|frz\n|move|p2a: Dedenne|Super Fang|p1a: Glaceon\n|-damage|p1a: Glaceon|126/252\n|cant|p2b: Falinks|frz\n|\n|upkeep\n|turn|6\n|\n|t:|1770880207\n|move|p1b: Lumineon|Hydro Pump|p2b: Falinks\n|-damage|p2b: Falinks|0 fnt\n|faint|p2b: Falinks\n|move|p1a: Glaceon|Mud Shot|p2a: Dedenne\n|-supereffective|p2a: Dedenne\n|-damage|p2a: Dedenne|0 fnt\n|faint|p2a: Dedenne\n|\n|upkeep\n|\n|t:|1770880223\n|switch|p2a: Cramorant|Cramorant, L86, F|261/261\n|switch|p2b: Mightyena|Mightyena, L95, M|287/287\n|-activate|p2b: Mightyena|move: Sticky Web\n|-unboost|p2b: Mightyena|spe|1\n|-ability|p2b: Mightyena|Intimidate|boost\n|-unboost|p1a: Glaceon|atk|1\n|-unboost|p1b: Lumineon|atk|1\n|turn|7\n|\n|t:|1770880246\n|move|p1b: Lumineon|Icy Wind|p2b: Mightyena|[spread] p2a,p2b\n|-damage|p2a: Cramorant|237/261\n|-damage|p2b: Mightyena|258/287\n|-unboost|p2a: Cramorant|spe|1\n|-unboost|p2b: Mightyena|spe|1\n|move|p1a: Glaceon|Freeze-Dry|p2a: Cramorant\n|-supereffective|p2a: Cramorant\n|-damage|p2a: Cramorant|0 fnt\n|faint|p2a: Cramorant\n|move|p2b: Mightyena|Crunch|p1b: Lumineon\n|-damage|p1b: Lumineon|77/276\n|-unboost|p1b: Lumineon|def|1\n|-damage|p2b: Mightyena|230/287|[from] item: Life Orb\n|\n|upkeep\n|-message|walnut3072 forfeited.\n|\n|win|chainzaw\n|raw|chainzaw's rating: 1728 &rarr; <strong>1742</strong><br />(+14 for winning)\n|raw|walnut3072's rating: 1617 &rarr; <strong>1603</strong><br />(-14 for losing)\n|l|☆walnut3072\n|player|p2|\n", "inputlog": ">version ccdc32dd7cde25fd9e4bed64820e885f66e78a4e\n>start {\"formatid\":\"gen9randomdoublesbattle\",\"seed\":\"sodium,efb07a73030599b388d6129b9771105e\",\"rated\":\"Rated battle\"}\n>player p1 {\"name\":\"chainzaw\",\"avatar\":\"1\",\"rating\":1728,\"seed\":\"sodium,d9206013a6eadd3d80face5c8d65538b\"}\n>player p2 {\"name\":\"walnut3072\",\"avatar\":\"lucas\",\"rating\":1617,\"seed\":\"sodium,6d5e613ae247a97a59f1d4791ffe7d39\"}\n>p1 switch 5, move psychic +1\n>p2 move superfang +2, move tachyoncutter +2\n>p1 pass, switch 5\n>p1 move stickyweb, move encore +1\n>p2 move superfang +1, move tachyoncutter +1\n>p1 move knockoff +2, move icywind\n>p2 move superfang +2, move psychic +1\n>p1 switch 6, pass\n>p1 move blizzard, move icywind\n>p2 move superfang +2, move psychic +2\n>p2 pass, switch 6\n>p1 move blizzard, move encore +1\n>p2 move thunderbolt +2, move noretreat\n>p1 move mudshot +1, move hydropump +2\n>p2 move superfang +2, move noretreat\n>p2 switch 3, switch 5\n>p1 move freezedry +1, move icywind\n>p2 move tailwind, move crunch +2\n>forcelose p2", "uploadtime": 1770880260, "views": 74, "formatid": "gen9randomdoublesbattle", "rating": 1603, "private": 0, "password": null}