{"id": "gen9randomdoublesbattle-2538454754", "format": "[Gen 9] Random Doubles Battle", "players": ["Dmgigazar123", "rocci"], "log": "|j|‽Dmgigazar123\n|j|☆rocci\n|t:|1770929178\n|gametype|doubles\n|player|p1|Dmgigazar123|lance|1672\n|player|p2|rocci|beauty-gen4dp|1611\n|gen|9\n|tier|[Gen 9] Random Doubles Battle\n|rated|\n|rule|Species Clause: Limit one of each Pokémon\n|rule|HP Percentage Mod: HP is shown in percentages\n|rule|Illusion Level Mod: Illusion disguises the Pokémon's true level\n|rule|Sleep Clause Mod: Limit one foe put to sleep\n|\n|t:|1770929179\n|teamsize|p1|6\n|teamsize|p2|6\n|start\n|switch|p1a: Galvantula|Galvantula, L85, M|258/258\n|switch|p1b: Spidops|Spidops, M|282/282\n|switch|p2a: Terapagos|Terapagos, L73, F|252/252\n|switch|p2b: Granbull|Granbull, L88, F|302/302\n|-activate|p2a: Terapagos|ability: Tera Shift\n|detailschange|p2a: Terapagos|Terapagos-Terastal, L73, F\n|-heal|p2a: Terapagos|259/259|[silent]\n|-ability|p2b: Granbull|Intimidate|boost\n|-unboost|p1a: Galvantula|atk|1\n|-unboost|p1b: Spidops|atk|1\n|turn|1\n|inactive|Battle timer is ON: inactive players will automatically lose when time's up. (requested by Dmgigazar123)\n|inactive|rocci has 120 seconds left.\n|\n|t:|1770929252\n|move|p1a: Galvantula|Thunder|p2b: Granbull\n|-damage|p2b: Granbull|206/302\n|move|p2a: Terapagos|Calm Mind|p2a: Terapagos\n|-boost|p2a: Terapagos|spa|1\n|-boost|p2a: Terapagos|spd|1\n|move|p2b: Granbull|Super Fang|p1b: Spidops\n|-damage|p1b: Spidops|141/282\n|-enditem|p1b: Spidops|Sitrus Berry|[eat]\n|-heal|p1b: Spidops|211/282|[from] item: Sitrus Berry\n|move|p1b: Spidops|Sticky Web|p2b: Granbull\n|-sidestart|p2: rocci|move: Sticky Web\n|\n|upkeep\n|turn|2\n|inactive|rocci has 120 seconds left.\n|\n|t:|1770929289\n|move|p1a: Galvantula|Thunder|p2b: Granbull|[miss]\n|-miss|p1a: Galvantula|p2b: Granbull\n|move|p2a: Terapagos|Calm Mind|p2a: Terapagos\n|-boost|p2a: Terapagos|spa|1\n|-boost|p2a: Terapagos|spd|1\n|move|p2b: Granbull|Play Rough|p1b: Spidops\n|-damage|p1b: Spidops|106/282\n|move|p1b: Spidops|Circle Throw|p2a: Terapagos\n|-activate|p2a: Terapagos|ability: Tera Shell\n|-resisted|p2a: Terapagos\n|-damage|p2a: Terapagos|241/259\n|drag|p2a: Hitmonlee|Hitmonlee, L86, M|226/226\n|-activate|p2a: Hitmonlee|move: Sticky Web\n|-unboost|p2a: Hitmonlee|spe|1\n|-enditem|p2a: Hitmonlee|White Herb\n|-clearnegativeboost|p2a: Hitmonlee|[silent]\n|\n|upkeep\n|turn|3\n|inactive|rocci has 120 seconds left.\n|\n|t:|1770929314\n|move|p2a: Hitmonlee|Fake Out|p1b: Spidops\n|-damage|p1b: Spidops|79/282\n|move|p1a: Galvantula|Thunder|p2b: Granbull\n|-damage|p2b: Granbull|95/302\n|move|p2b: Granbull|Play Rough|p1b: Spidops\n|-damage|p1b: Spidops|0 fnt\n|faint|p1b: Spidops\n|\n|upkeep\n|inactive|Dmgigazar123 has 120 seconds left.\n|\n|t:|1770929334\n|switch|p1b: Azumarill|Azumarill, L83, M|302/302\n|turn|4\n|\n|t:|1770929351\n|move|p2a: Hitmonlee|Protect|p2a: Hitmonlee\n|-singleturn|p2a: Hitmonlee|Protect\n|move|p1a: Galvantula|Thunder|p2b: Granbull\n|-damage|p2b: Granbull|0 fnt\n|faint|p2b: Granbull\n|move|p1b: Azumarill|Play Rough|p2a: Hitmonlee\n|-activate|p2a: Hitmonlee|move: Protect\n|\n|upkeep\n|inactive|rocci has 120 seconds left.\n|\n|t:|1770929373\n|switch|p2b: Terapagos|Terapagos-Terastal, L73, F|241/259\n|-activate|p2b: Terapagos|move: Sticky Web\n|-unboost|p2b: Terapagos|spe|1\n|turn|5\n|\n|t:|1770929391\n|move|p2a: Hitmonlee|Knock Off|p1a: Galvantula\n|-damage|p1a: Galvantula|152/258\n|-enditem|p1a: Galvantula|Sitrus Berry|[from] move: Knock Off|[of] p2a: Hitmonlee\n|move|p1a: Galvantula|Thunder|p2b: Terapagos\n|-damage|p2b: Terapagos|117/259\n|-enditem|p2b: Terapagos|Sitrus Berry|[eat]\n|-heal|p2b: Terapagos|181/259|[from] item: Sitrus Berry\n|move|p1b: Azumarill|Play Rough|p2a: Hitmonlee\n|-supereffective|p2a: Hitmonlee\n|-damage|p2a: Hitmonlee|0 fnt\n|faint|p2a: Hitmonlee\n|move|p2b: Terapagos|Calm Mind|p2b: Terapagos\n|-boost|p2b: Terapagos|spa|1\n|-boost|p2b: Terapagos|spd|1\n|\n|upkeep\n|\n|t:|1770929406\n|switch|p2a: Azelf|Azelf, L83|260/260\n|turn|6\n|\n|t:|1770929428\n|move|p2a: Azelf|Psychic|p1a: Galvantula\n|-damage|p1a: Galvantula|0 fnt\n|faint|p1a: Galvantula\n|-damage|p2a: Azelf|234/260|[from] item: Life Orb\n|move|p1b: Azumarill|Play Rough|p2b: Terapagos\n|-crit|p2b: Terapagos\n|-damage|p2b: Terapagos|0 fnt\n|faint|p2b: Terapagos\n|\n|upkeep\n|\n|t:|1770929440\n|switch|p1a: Medicham|Medicham, L86, F|243/243\n|switch|p2b: Bronzong|Bronzong, L87|258/258\n|turn|7\n|\n|t:|1770929450\n|-terastallize|p2a: Azelf|Electric\n|move|p1a: Medicham|Fake Out|p2a: Azelf\n|-damage|p2a: Azelf|183/260\n|cant|p2a: Azelf|flinch\n|move|p1b: Azumarill|Play Rough|p2a: Azelf\n|-damage|p2a: Azelf|0 fnt\n|faint|p2a: Azelf\n|move|p2b: Bronzong|Trick Room|p2b: Bronzong\n|-fieldstart|move: Trick Room|[of] p2b: Bronzong\n|\n|upkeep\n|\n|t:|1770929454\n|switch|p2a: Samurott|Samurott-Hisui, L83, F|285/285\n|-activate|p2a: Samurott|move: Sticky Web\n|-unboost|p2a: Samurott|spe|1\n|turn|8\n|\n|t:|1770929465\n|move|p2b: Bronzong|Iron Defense|p2b: Bronzong\n|-boost|p2b: Bronzong|def|2\n|move|p2a: Samurott|Razor Shell|p1a: Medicham\n|-damage|p1a: Medicham|52/243\n|-damage|p2a: Samurott|257/285|[from] item: Life Orb\n|move|p1b: Azumarill|Play Rough|p2a: Samurott\n|-supereffective|p2a: Samurott\n|-damage|p2a: Samurott|0 fnt\n|faint|p2a: Samurott\n|move|p1a: Medicham|Close Combat|p2b: Bronzong\n|-damage|p2b: Bronzong|183/258\n|-unboost|p1a: Medicham|def|1\n|-unboost|p1a: Medicham|spd|1\n|\n|-heal|p2b: Bronzong|199/258|[from] item: Leftovers\n|upkeep\n|turn|9\n|c|☆rocci|ggwp\n|-message|rocci forfeited.\n|\n|win|Dmgigazar123\n|raw|Dmgigazar123's rating: 1672 &rarr; <strong>1689</strong><br />(+17 for winning)\n|raw|rocci's rating: 1611 &rarr; <strong>1594</strong><br />(-17 for losing)\n", "inputlog": ">version ccdc32dd7cde25fd9e4bed64820e885f66e78a4e\n>start {\"formatid\":\"gen9randomdoublesbattle\",\"seed\":\"sodium,fb081394dcc294a19150694ede1cee34\",\"rated\":\"Rated battle\"}\n>player p1 {\"name\":\"Dmgigazar123\",\"avatar\":\"lance\",\"rating\":1672,\"seed\":\"sodium,997f8649cc928a7b88e82263ecfb682a\"}\n>player p2 {\"name\":\"rocci\",\"avatar\":\"beauty-gen4dp\",\"rating\":1611,\"seed\":\"sodium,ad54f720180f76dedb1d08cf05193246\"}\n>p1 move thunder +2, move stickyweb\n>p2 move calmmind, move superfang +2\n>p1 move thunder +2, move circlethrow +1\n>p2 move calmmind, move playrough +2\n>p1 move thunder +2, move stringshot\n>p2 move fakeout +2, move playrough +2\n>p1 pass, switch 3\n>p1 move thunder +2, move playrough +1\n>p2 move protect, move playrough +1\n>p2 pass, switch 4\n>p1 move thunder +2, move playrough +1\n>p2 move knockoff +1, move calmmind\n>p2 switch 6, pass\n>p1 move bugbuzz +1, move playrough +2\n>p2 move psychic +1, move calmmind\n>p1 switch 5, pass\n>p2 pass, switch 5\n>p1 move fakeout +1, move playrough +1\n>p2 move thunderbolt +2 terastallize, move trickroom\n>p2 switch 3, pass\n>p1 move closecombat +1, move playrough +1\n>p2 move razorshell +1, move irondefense\n>chat ☆rocci|ggwp\n>forcelose p2", "uploadtime": 1770929477, "views": 71, "formatid": "gen9randomdoublesbattle", "rating": 1594, "private": 0, "password": null}