{"id": "gen9randomdoublesbattle-2536266684", "format": "[Gen 9] Random Doubles Battle", "players": ["muchiuttobias", "dacooliest"], "log": "|j|☆muchiuttobias\n|j|☆dacooliest\n|t:|1770669373\n|gametype|doubles\n|player|p1|muchiuttobias|acetrainer-gen4dp|1532\n|player|p2|dacooliest|102|1482\n|gen|9\n|tier|[Gen 9] Random Doubles Battle\n|rated|\n|rule|Species Clause: Limit one of each Pokémon\n|rule|HP Percentage Mod: HP is shown in percentages\n|rule|Illusion Level Mod: Illusion disguises the Pokémon's true level\n|rule|Sleep Clause Mod: Limit one foe put to sleep\n|\n|t:|1770669373\n|teamsize|p1|6\n|teamsize|p2|6\n|start\n|switch|p1a: Deoxys|Deoxys-Attack, L79|209/209\n|switch|p1b: Leavanny|Leavanny, L91, F|284/284\n|switch|p2a: Entei|Entei, L77|304/304\n|switch|p2b: Iron Thorns|Iron Thorns, L82|298/298\n|-ability|p1a: Deoxys|Pressure\n|turn|1\n|\n|t:|1770669406\n|switch|p1b: Golem|Golem, L87, M|281/281\n|move|p1a: Deoxys|Psycho Boost|p2a: Entei\n|-damage|p2a: Entei|0 fnt\n|-unboost|p1a: Deoxys|spa|2\n|faint|p2a: Entei\n|-damage|p1a: Deoxys|189/209|[from] item: Life Orb\n|move|p2b: Iron Thorns|Dragon Dance|p2b: Iron Thorns\n|-boost|p2b: Iron Thorns|atk|1\n|-boost|p2b: Iron Thorns|spe|1\n|\n|upkeep\n|\n|t:|1770669420\n|switch|p2a: Abomasnow|Abomasnow, L81, M|278/278\n|-weather|Snowscape|[from] ability: Snow Warning|[of] p2a: Abomasnow\n|turn|2\n|\n|t:|1770669444\n|move|p1a: Deoxys|Superpower|p2a: Abomasnow\n|-supereffective|p2a: Abomasnow\n|-damage|p2a: Abomasnow|28/278\n|-unboost|p1a: Deoxys|atk|1\n|-unboost|p1a: Deoxys|def|1\n|-damage|p1a: Deoxys|169/209|[from] item: Life Orb\n|move|p2b: Iron Thorns|Rock Slide|p1a: Deoxys|[spread] p1a,p1b\n|-resisted|p1b: Golem\n|-damage|p1a: Deoxys|0 fnt\n|-damage|p1b: Golem|242/281\n|faint|p1a: Deoxys\n|move|p2a: Abomasnow|Blizzard|p1b: Golem\n|-supereffective|p1b: Golem\n|-damage|p1b: Golem|0 fnt\n|faint|p1b: Golem\n|\n|-weather|Snowscape|[upkeep]\n|upkeep\n|\n|t:|1770669465\n|switch|p1a: Leavanny|Leavanny, L91, F|284/284\n|switch|p1b: Azelf|Azelf, L83|260/260\n|turn|3\n|\n|t:|1770669474\n|move|p2a: Abomasnow|Ice Shard|p1a: Leavanny\n|-supereffective|p1a: Leavanny\n|-crit|p1a: Leavanny\n|-damage|p1a: Leavanny|174/284\n|move|p2b: Iron Thorns|Ice Punch|p1a: Leavanny\n|-supereffective|p1a: Leavanny\n|-damage|p1a: Leavanny|0 fnt\n|faint|p1a: Leavanny\n|move|p1b: Azelf|Dazzling Gleam|p2b: Iron Thorns|[spread] p2a,p2b\n|-damage|p2a: Abomasnow|0 fnt\n|-damage|p2b: Iron Thorns|233/298\n|faint|p2a: Abomasnow\n|-damage|p1b: Azelf|234/260|[from] item: Life Orb\n|\n|-weather|Snowscape|[upkeep]\n|upkeep\n|\n|t:|1770669493\n|switch|p1a: Skuntank|Skuntank, L85, M|314/314\n|switch|p2a: Dodrio|Dodrio, L85, F|241/241\n|turn|4\n|\n|t:|1770669531\n|-terastallize|p2a: Dodrio|Ground\n|move|p2b: Iron Thorns|Wild Charge|p1b: Azelf\n|-damage|p1b: Azelf|42/260\n|-damage|p2b: Iron Thorns|185/298|[from] Recoil\n|move|p1b: Azelf|Psychic|p2b: Iron Thorns\n|-damage|p2b: Iron Thorns|32/298\n|-damage|p1b: Azelf|16/260|[from] item: Life Orb\n|move|p2a: Dodrio|Drill Run|p1a: Skuntank\n|-supereffective|p1a: Skuntank\n|-damage|p1a: Skuntank|0 fnt\n|-damage|p2a: Dodrio|181/241|[from] ability: Aftermath|[of] p1a: Skuntank\n|faint|p1a: Skuntank\n|-damage|p2a: Dodrio|157/241|[from] item: Life Orb\n|\n|-weather|Snowscape|[upkeep]\n|upkeep\n|\n|t:|1770669548\n|switch|p1a: Furret|Furret, L98, F|325/325\n|-item|p2a: Dodrio|Life Orb|[from] ability: Frisk|[of] p1a: Furret\n|-item|p2b: Iron Thorns|Clear Amulet|[from] ability: Frisk|[of] p1a: Furret\n|turn|5\n|\n|t:|1770669567\n|move|p1a: Furret|Follow Me|p1a: Furret\n|-singleturn|p1a: Furret|move: Follow Me\n|move|p2b: Iron Thorns|Rock Slide|p1a: Furret|[spread] p1a,p1b\n|-damage|p1a: Furret|204/325\n|-damage|p1b: Azelf|0 fnt\n|faint|p1b: Azelf\n|move|p2a: Dodrio|Drill Run|p1a: Furret\n|-crit|p1a: Furret\n|-damage|p1a: Furret|0 fnt\n|faint|p1a: Furret\n|-damage|p2a: Dodrio|133/241|[from] item: Life Orb\n|\n|win|dacooliest\n|raw|muchiuttobias's rating: 1532 &rarr; <strong>1510</strong><br />(-22 for losing)\n|raw|dacooliest's rating: 1503 &rarr; <strong>1525</strong><br />(+22 for winning)\n|l|☆muchiuttobias\n|player|p1|\n", "inputlog": ">version ccdc32dd7cde25fd9e4bed64820e885f66e78a4e\n>start {\"formatid\":\"gen9randomdoublesbattle\",\"seed\":\"sodium,6499abd8811a5b2c6f4076f1a7c79ccd\",\"rated\":\"Rated battle\"}\n>player p1 {\"name\":\"muchiuttobias\",\"avatar\":\"acetrainer-gen4dp\",\"rating\":1532,\"seed\":\"sodium,0c97186bdeb81c41e29a334117b432cd\"}\n>player p2 {\"name\":\"dacooliest\",\"avatar\":\"102\",\"rating\":1482,\"seed\":\"sodium,8726f9b8c9feac0291b67f334fdd3e2f\"}\n>p1 move psychoboost +1, switch 3\n>p2 move flareblitz +2, move dragondance\n>p2 switch 3, pass\n>p1 move superpower +1, move firepunch +1\n>p2 move blizzard, move rockslide\n>p1 switch 3, switch 4\n>p1 move leafblade +2, move dazzlinggleam\n>p2 move iceshard +1, move icepunch +1\n>p1 switch 6, pass\n>p2 switch 5, pass\n>p1 move knockoff +2, move psychic +2\n>p2 move drillrun +1 terastallize, move wildcharge +2\n>p1 switch 5, pass\n>p1 move followme, move dazzlinggleam\n>p2 move drillrun +1, move rockslide", "uploadtime": 1770669578, "views": 71, "formatid": "gen9randomdoublesbattle", "rating": 1510, "private": 0, "password": null}