{"id": "gen9randomdoublesbattle-2534462481", "format": "[Gen 9] Random Doubles Battle", "players": ["peachykeane", "caoscontrol"], "log": "|j|☆peachykeane\n|j|☆caoscontrol\n|t:|1770424031\n|gametype|doubles\n|player|p1|peachykeane|cowgirl|1608\n|player|p2|caoscontrol|101|1541\n|gen|9\n|tier|[Gen 9] Random Doubles Battle\n|rated|\n|rule|Species Clause: Limit one of each Pokémon\n|rule|HP Percentage Mod: HP is shown in percentages\n|rule|Illusion Level Mod: Illusion disguises the Pokémon's true level\n|rule|Sleep Clause Mod: Limit one foe put to sleep\n|\n|t:|1770424031\n|teamsize|p1|6\n|teamsize|p2|6\n|start\n|switch|p1a: Avalugg|Avalugg, L92, F|324/324\n|switch|p1b: Venomoth|Venomoth, L90, M|272/272\n|switch|p2a: Porygon-Z|Porygon-Z, L84|280/280\n|switch|p2b: Haxorus|Haxorus, L84, F|265/265\n|-ability|p2b: Haxorus|Unnerve\n|turn|1\n|inactive|Battle timer is ON: inactive players will automatically lose when time's up. (requested by caoscontrol)\n|inactive|caoscontrol has 120 seconds left.\n|\n|t:|1770424065\n|move|p1b: Venomoth|Quiver Dance|p1b: Venomoth\n|-boost|p1b: Venomoth|spa|1\n|-boost|p1b: Venomoth|spd|1\n|-boost|p1b: Venomoth|spe|1\n|move|p2b: Haxorus|Dragon Claw|p1b: Venomoth\n|-damage|p1b: Venomoth|73/272\n|-damage|p2b: Haxorus|239/265|[from] item: Life Orb\n|move|p2a: Porygon-Z|Tera Blast|p1b: Venomoth\n|-damage|p1b: Venomoth|0 fnt\n|faint|p1b: Venomoth\n|-damage|p2a: Porygon-Z|252/280|[from] item: Life Orb\n|move|p1a: Avalugg|Avalanche|p2b: Haxorus\n|-supereffective|p2b: Haxorus\n|-damage|p2b: Haxorus|81/265\n|\n|upkeep\n|\n|t:|1770424079\n|switch|p1b: Flamigo|Flamigo, L84, F|275/275\n|turn|2\n|\n|t:|1770424091\n|switch|p2b: Chandelure|Chandelure, L81, F|230/230\n|move|p2a: Porygon-Z|Protect|p2a: Porygon-Z\n|-singleturn|p2a: Porygon-Z|Protect\n|move|p1b: Flamigo|Close Combat|p2a: Porygon-Z\n|-activate|p2a: Porygon-Z|move: Protect\n|move|p1a: Avalugg|Avalanche|p2b: Chandelure\n|-resisted|p2b: Chandelure\n|-damage|p2b: Chandelure|188/230\n|\n|upkeep\n|turn|3\n|\n|t:|1770424101\n|switch|p2a: Sylveon|Sylveon, L79, F|280/280\n|switch|p1a: Rhydon|Rhydon, L86, F|321/321\n|move|p1b: Flamigo|Close Combat|p2a: Sylveon\n|-resisted|p2a: Sylveon\n|-damage|p2a: Sylveon|186/280\n|-unboost|p1b: Flamigo|def|1\n|-unboost|p1b: Flamigo|spd|1\n|move|p2b: Chandelure|Heat Wave|p1a: Rhydon|[spread] p1a,p1b\n|-resisted|p1a: Rhydon\n|-damage|p1a: Rhydon|260/321\n|-damage|p1b: Flamigo|40/275\n|-damage|p2b: Chandelure|165/230|[from] item: Life Orb\n|\n|-heal|p2a: Sylveon|203/280|[from] item: Leftovers\n|upkeep\n|turn|4\n|\n|t:|1770424128\n|move|p1b: Flamigo|Close Combat|p2a: Sylveon\n|-resisted|p2a: Sylveon\n|-damage|p2a: Sylveon|104/280\n|-unboost|p1b: Flamigo|def|1\n|-unboost|p1b: Flamigo|spd|1\n|move|p2b: Chandelure|Energy Ball|p1a: Rhydon\n|-supereffective|p1a: Rhydon\n|-damage|p1a: Rhydon|0 fnt\n|faint|p1a: Rhydon\n|-damage|p2b: Chandelure|142/230|[from] item: Life Orb\n|move|p2a: Sylveon|Hyper Voice|p1b: Flamigo\n|-supereffective|p1b: Flamigo\n|-damage|p1b: Flamigo|0 fnt\n|faint|p1b: Flamigo\n|\n|-heal|p2a: Sylveon|121/280|[from] item: Leftovers\n|upkeep\n|inactive|peachykeane has 120 seconds left.\n|\n|t:|1770424143\n|switch|p1b: Garchomp|Garchomp, L77, M|293/293\n|switch|p1a: Bastiodon|Bastiodon, L89, F|252/252\n|turn|5\n|\n|t:|1770424170\n|move|p1a: Bastiodon|Wide Guard|p1a: Bastiodon\n|-singleturn|p1a: Bastiodon|Wide Guard\n|move|p1b: Garchomp|Swords Dance|p1b: Garchomp\n|-boost|p1b: Garchomp|atk|2\n|move|p2b: Chandelure|Energy Ball|p1b: Garchomp\n|-damage|p1b: Garchomp|175/293\n|-damage|p2b: Chandelure|119/230|[from] item: Life Orb\n|move|p2a: Sylveon|Hyper Voice|p1a: Bastiodon|[spread] \n|-activate|p1a: Bastiodon|move: Wide Guard\n|-activate|p1b: Garchomp|move: Wide Guard\n|\n|-heal|p2a: Sylveon|138/280|[from] item: Leftovers\n|upkeep\n|turn|6\n|inactive|caoscontrol has 120 seconds left.\n|\n|t:|1770424205\n|move|p1a: Bastiodon|Wide Guard|p1a: Bastiodon\n|-singleturn|p1a: Bastiodon|Wide Guard\n|move|p1b: Garchomp|Scale Shot|p2b: Chandelure\n|-damage|p2b: Chandelure|61/230\n|-damage|p2b: Chandelure|0 fnt\n|faint|p2b: Chandelure\n|-hitcount|p2: Chandelure|2\n|-unboost|p1b: Garchomp|def|1\n|-boost|p1b: Garchomp|spe|1\n|move|p2a: Sylveon|Substitute|p2a: Sylveon\n|-start|p2a: Sylveon|Substitute\n|-damage|p2a: Sylveon|68/280\n|\n|-heal|p2a: Sylveon|85/280|[from] item: Leftovers\n|upkeep\n|\n|t:|1770424226\n|switch|p2b: Haxorus|Haxorus, L84, F|81/265\n|-ability|p2b: Haxorus|Unnerve\n|turn|7\n|inactive|caoscontrol has 120 seconds left.\n|\n|t:|1770424236\n|move|p2a: Sylveon|Protect|p2a: Sylveon\n|-singleturn|p2a: Sylveon|Protect\n|move|p1a: Bastiodon|Wide Guard|p1a: Bastiodon\n|-singleturn|p1a: Bastiodon|Wide Guard\n|move|p2b: Haxorus|First Impression|p1b: Garchomp\n|-crit|p1b: Garchomp\n|-damage|p1b: Garchomp|0 fnt\n|-damage|p2b: Haxorus|48/265|[from] ability: Rough Skin|[of] p1b: Garchomp\n|faint|p1b: Garchomp\n|-damage|p2b: Haxorus|22/265|[from] item: Life Orb\n|\n|-heal|p2a: Sylveon|102/280|[from] item: Leftovers\n|upkeep\n|\n|t:|1770424241\n|switch|p1b: Avalugg|Avalugg, L92, F|324/324\n|turn|8\n|\n|t:|1770424257\n|move|p1a: Bastiodon|Wide Guard|p1a: Bastiodon\n|-singleturn|p1a: Bastiodon|Wide Guard\n|move|p2b: Haxorus|Close Combat|p1a: Bastiodon\n|-supereffective|p1a: Bastiodon\n|-ability|p1a: Bastiodon|Sturdy\n|-damage|p1a: Bastiodon|1/252\n|-unboost|p2b: Haxorus|def|1\n|-unboost|p2b: Haxorus|spd|1\n|-damage|p2b: Haxorus|0 fnt|[from] item: Life Orb\n|faint|p2b: Haxorus\n|move|p2a: Sylveon|Hyper Voice|p1a: Bastiodon|[spread] \n|-activate|p1a: Bastiodon|move: Wide Guard\n|-activate|p1b: Avalugg|move: Wide Guard\n|move|p1b: Avalugg|Avalanche|p2a: Sylveon\n|-crit|p2a: Sylveon\n|-end|p2a: Sylveon|Substitute\n|\n|-heal|p2a: Sylveon|119/280|[from] item: Leftovers\n|-heal|p1a: Bastiodon|16/252|[from] item: Leftovers\n|upkeep\n|\n|t:|1770424277\n|switch|p2b: Plusle|Plusle, L92, M|260/260\n|turn|9\n|\n|t:|1770424295\n|move|p1a: Bastiodon|Wide Guard|p1a: Bastiodon\n|-singleturn|p1a: Bastiodon|Wide Guard\n|move|p2b: Plusle|Thunderbolt|p1a: Bastiodon\n|-damage|p1a: Bastiodon|0 fnt\n|faint|p1a: Bastiodon\n|move|p2a: Sylveon|Substitute|p2a: Sylveon\n|-start|p2a: Sylveon|Substitute\n|-damage|p2a: Sylveon|49/280\n|move|p1b: Avalugg|Avalanche|p2a: Sylveon\n|-end|p2a: Sylveon|Substitute\n|\n|-heal|p2a: Sylveon|66/280|[from] item: Leftovers\n|upkeep\n|turn|10\n|\n|t:|1770424309\n|move|p2b: Plusle|Thunderbolt|p1b: Avalugg\n|-damage|p1b: Avalugg|182/324\n|-status|p1b: Avalugg|par\n|move|p2a: Sylveon|Hyper Voice|p1b: Avalugg\n|-damage|p1b: Avalugg|17/324 par\n|move|p1b: Avalugg|Avalanche|p2a: Sylveon\n|-damage|p2a: Sylveon|0 fnt\n|faint|p2a: Sylveon\n|\n|-heal|p1b: Avalugg|37/324 par|[from] item: Leftovers\n|upkeep\n|-message|peachykeane forfeited.\n|\n|win|caoscontrol\n|raw|peachykeane's rating: 1608 &rarr; <strong>1584</strong><br />(-24 for losing)\n|raw|caoscontrol's rating: 1541 &rarr; <strong>1565</strong><br />(+24 for winning)\n", "inputlog": ">version ccdc32dd7cde25fd9e4bed64820e885f66e78a4e\n>start {\"formatid\":\"gen9randomdoublesbattle\",\"seed\":\"sodium,5ecc286acdd11fd970017fedbd36a864\",\"rated\":\"Rated battle\"}\n>player p1 {\"name\":\"peachykeane\",\"avatar\":\"cowgirl\",\"rating\":1608,\"seed\":\"sodium,2f1d6c569c381fbb21f4953e17a4735b\"}\n>player p2 {\"name\":\"caoscontrol\",\"avatar\":\"101\",\"rating\":1541,\"seed\":\"sodium,c390955c9f15af8dcee71d671d20a6b4\"}\n>p1 move avalanche +2, move quiverdance\n>p2 move terablast +2, move dragonclaw +2\n>p1 pass, switch 5\n>p1 move avalanche +2, move closecombat +1\n>p2 move protect, switch 6\n>p1 switch 6, move closecombat +1\n>p2 switch 3, move heatwave\n>p1 move stoneedge +2, move closecombat +1\n>p2 move hypervoice, move energyball +1\n>p1 switch 4, switch 3\n>p1 move wideguard, move swordsdance\n>p2 move hypervoice, move energyball +2\n>p1 move wideguard, move scaleshot +2\n>p2 move substitute, move shadowball +2\n>p2 pass, switch 6\n>p1 move wideguard, move earthquake\n>p2 move protect, move firstimpression +2\n>p1 pass, switch 6\n>p1 move wideguard, move avalanche +2\n>p2 move hypervoice, move closecombat +1\n>p2 pass, switch 4\n>p1 move wideguard, move avalanche +1\n>p2 move substitute, move thunderbolt +1\n>p1 pass, move avalanche +1\n>p2 move hypervoice, move thunderbolt +2\n>forcelose p1", "uploadtime": 1770424317, "views": 91, "formatid": "gen9randomdoublesbattle", "rating": 1565, "private": 0, "password": null}