{"id": "gen9randomdoublesbattle-2538954176", "format": "[Gen 9] Random Doubles Battle", "players": ["yajeguflenival", "Blaine's Volcarona"], "log": "|j|☆yajeguflenival\n|j|☆Blaine's Volcarona\n|t:|1770997046\n|gametype|doubles\n|player|p1|yajeguflenival|265|1843\n|player|p2|Blaine's Volcarona|grimsley|1748\n|gen|9\n|tier|[Gen 9] Random Doubles Battle\n|rated|\n|rule|Species Clause: Limit one of each Pokémon\n|rule|HP Percentage Mod: HP is shown in percentages\n|rule|Illusion Level Mod: Illusion disguises the Pokémon's true level\n|rule|Sleep Clause Mod: Limit one foe put to sleep\n|\n|t:|1770997046\n|teamsize|p1|6\n|teamsize|p2|6\n|start\n|switch|p1a: Magnezone|Magnezone, L84|255/255\n|switch|p1b: Gouging Fire|Gouging Fire, L75|281/281\n|switch|p2a: Leafeon|Leafeon, L90, F|263/263\n|switch|p2b: Hypno|Hypno, L95, M|315/315\n|turn|1\n|inactive|Battle timer is ON: inactive players will automatically lose when time's up. (requested by yajeguflenival)\n|inactive|yajeguflenival has 120 seconds left.\n|\n|t:|1770997085\n|switch|p2a: Pawmot|Pawmot, L80, F|243/243\n|move|p2b: Hypno|Low Sweep|p1a: Magnezone\n|-supereffective|p1a: Magnezone\n|-damage|p1a: Magnezone|171/255\n|-unboost|p1a: Magnezone|spe|1\n|move|p1b: Gouging Fire|Dragon Dance|p1b: Gouging Fire\n|-boost|p1b: Gouging Fire|atk|1\n|-boost|p1b: Gouging Fire|spe|1\n|move|p1a: Magnezone|Electroweb|p2b: Hypno|[spread] p2b\n|-immune|p2a: Pawmot|[from] ability: Volt Absorb\n|-damage|p2b: Hypno|273/315\n|-unboost|p2b: Hypno|spe|1\n|\n|upkeep\n|turn|2\n|inactive|Blaine's Volcarona has 120 seconds left.\n|\n|t:|1770997122\n|switch|p1a: Cresselia|Cresselia, L80, F|323/323\n|move|p1b: Gouging Fire|Burning Bulwark|p1b: Gouging Fire\n|-singleturn|p1b: Gouging Fire|move: Protect\n|move|p2a: Pawmot|Close Combat|p1a: Cresselia\n|-resisted|p1a: Cresselia\n|-damage|p1a: Cresselia|260/323\n|-unboost|p2a: Pawmot|def|1\n|-unboost|p2a: Pawmot|spd|1\n|move|p2b: Hypno|Psychic|p1b: Gouging Fire\n|-activate|p1b: Gouging Fire|move: Protect\n|\n|upkeep\n|turn|3\n|inactive|Blaine's Volcarona has 120 seconds left.\n|inactive|yajeguflenival has 120 seconds left.\n|\n|t:|1770997156\n|move|p1b: Gouging Fire|Dragon Dance|p1b: Gouging Fire\n|-boost|p1b: Gouging Fire|atk|1\n|-boost|p1b: Gouging Fire|spe|1\n|move|p2a: Pawmot|Close Combat|p1b: Gouging Fire\n|-damage|p1b: Gouging Fire|164/281\n|-unboost|p2a: Pawmot|def|1\n|-unboost|p2a: Pawmot|spd|1\n|move|p1a: Cresselia|Icy Wind|p2a: Pawmot|[spread] p2a,p2b\n|-damage|p2a: Pawmot|180/243\n|-damage|p2b: Hypno|257/315\n|-unboost|p2b: Hypno|spe|1\n|move|p2b: Hypno|Poison Gas|p1b: Gouging Fire|[spread] p1a,p1b\n|-status|p1a: Cresselia|psn\n|-status|p1b: Gouging Fire|psn\n|\n|-damage|p1b: Gouging Fire|129/281 psn|[from] psn\n|-damage|p1a: Cresselia|220/323 psn|[from] psn\n|upkeep\n|turn|4\n|\n|t:|1770997178\n|move|p1b: Gouging Fire|Heat Crash|p2a: Pawmot\n|-damage|p2a: Pawmot|0 fnt\n|faint|p2a: Pawmot\n|move|p1a: Cresselia|Lunar Blessing|p1a: Cresselia|[spread] p1a,p1b\n|-heal|p1a: Cresselia|301/323 psn\n|-curestatus|p1a: Cresselia|psn|[msg]\n|-heal|p1b: Gouging Fire|199/281 psn\n|-curestatus|p1b: Gouging Fire|psn|[msg]\n|move|p2b: Hypno|Psychic|p1b: Gouging Fire\n|-damage|p1b: Gouging Fire|91/281\n|\n|upkeep\n|inactive|Blaine's Volcarona has 120 seconds left.\n|\n|t:|1770997200\n|switch|p2a: Cacturne|Cacturne, L91, M|275/275\n|turn|5\n|\n|t:|1770997206\n|move|p1b: Gouging Fire|Burning Bulwark|p1b: Gouging Fire\n|-singleturn|p1b: Gouging Fire|move: Protect\n|move|p2a: Cacturne|Sucker Punch||[still]\n|-fail|p2a: Cacturne\n|move|p1a: Cresselia|Lunar Blessing|p1a: Cresselia|[spread] p1a,p1b\n|-heal|p1a: Cresselia|323/323\n|-heal|p1b: Gouging Fire|161/281\n|move|p2b: Hypno|Poison Gas|p1b: Gouging Fire|[spread] p1a,p1b\n|-status|p1a: Cresselia|psn\n|-status|p1b: Gouging Fire|psn\n|\n|-damage|p1b: Gouging Fire|126/281 psn|[from] psn\n|-damage|p1a: Cresselia|283/323 psn|[from] psn\n|upkeep\n|turn|6\n|\n|t:|1770997218\n|move|p2a: Cacturne|Sucker Punch|p1b: Gouging Fire\n|-damage|p1b: Gouging Fire|8/281 psn\n|-damage|p2a: Cacturne|248/275|[from] item: Life Orb\n|move|p1b: Gouging Fire|Heat Crash|p2a: Cacturne\n|-supereffective|p2a: Cacturne\n|-damage|p2a: Cacturne|0 fnt\n|faint|p2a: Cacturne\n|move|p1a: Cresselia|Lunar Blessing|p1a: Cresselia|[spread] p1a,p1b\n|-heal|p1a: Cresselia|323/323 psn\n|-curestatus|p1a: Cresselia|psn|[msg]\n|-heal|p1b: Gouging Fire|78/281 psn\n|-curestatus|p1b: Gouging Fire|psn|[msg]\n|move|p2b: Hypno|Psychic|p1b: Gouging Fire\n|-crit|p1b: Gouging Fire\n|-damage|p1b: Gouging Fire|0 fnt\n|faint|p1b: Gouging Fire\n|-end|p1b: Gouging Fire|Protosynthesis|[silent]\n|\n|upkeep\n|\n|t:|1770997232\n|switch|p1b: Magnezone|Magnezone, L84|171/255\n|switch|p2a: Leafeon|Leafeon, L90, F|263/263\n|turn|7\n|\n|t:|1770997244\n|switch|p2a: Kingambit|Kingambit, L77, F|281/281\n|move|p1a: Cresselia|Icy Wind|p2b: Hypno|[spread] p2a\n|-miss|p1a: Cresselia|p2b: Hypno\n|-resisted|p2a: Kingambit\n|-damage|p2a: Kingambit|269/281\n|-unboost|p2a: Kingambit|spe|1\n|-ability|p2a: Kingambit|Defiant|boost\n|-boost|p2a: Kingambit|atk|2\n|move|p1b: Magnezone|Flash Cannon|p2a: Kingambit\n|-resisted|p2a: Kingambit\n|-damage|p2a: Kingambit|212/281\n|move|p2b: Hypno|Poison Gas|p1a: Cresselia|[spread] p1a,p1b\n|-status|p1a: Cresselia|psn\n|-immune|p1b: Magnezone\n|\n|-damage|p1a: Cresselia|283/323 psn|[from] psn\n|upkeep\n|turn|8\n|\n|t:|1770997256\n|move|p1a: Cresselia|Helping Hand|p1b: Magnezone\n|-singleturn|p1b: Magnezone|Helping Hand|[of] p1a: Cresselia\n|move|p2a: Kingambit|Protect|p2a: Kingambit\n|-singleturn|p2a: Kingambit|Protect\n|move|p1b: Magnezone|Thunderbolt|p2a: Kingambit\n|-activate|p2a: Kingambit|move: Protect\n|move|p2b: Hypno|Low Sweep|p1b: Magnezone\n|-supereffective|p1b: Magnezone\n|-damage|p1b: Magnezone|99/255\n|-unboost|p1b: Magnezone|spe|1\n|-enditem|p1b: Magnezone|Sitrus Berry|[eat]\n|-heal|p1b: Magnezone|162/255|[from] item: Sitrus Berry\n|\n|-damage|p1a: Cresselia|243/323 psn|[from] psn\n|upkeep\n|turn|9\n|\n|t:|1770997275\n|switch|p1b: Dondozo|Dondozo, L85, F|394/394\n|switch|p2a: Leafeon|Leafeon, L90, F|263/263\n|move|p1a: Cresselia|Lunar Blessing|p1a: Cresselia|[spread] p1a,p1b\n|-heal|p1a: Cresselia|323/323 psn\n|-curestatus|p1a: Cresselia|psn|[msg]\n|move|p2b: Hypno|Low Sweep|p1b: Dondozo\n|-damage|p1b: Dondozo|353/394\n|-unboost|p1b: Dondozo|spe|1\n|\n|upkeep\n|turn|10\n|\n|t:|1770997293\n|-terastallize|p1b: Dondozo|Dragon\n|move|p2a: Leafeon|Leaf Blade|p1a: Cresselia\n|-damage|p1a: Cresselia|175/323\n|-damage|p2a: Leafeon|237/263|[from] item: Life Orb\n|move|p1a: Cresselia|Icy Wind|p2b: Hypno|[spread] p2a,p2b\n|-supereffective|p2a: Leafeon\n|-damage|p2a: Leafeon|185/263\n|-damage|p2b: Hypno|241/315\n|-unboost|p2a: Leafeon|spe|1\n|-unboost|p2b: Hypno|spe|1\n|move|p2b: Hypno|Poison Gas|p1a: Cresselia|[spread] p1a,p1b\n|-status|p1a: Cresselia|psn\n|-status|p1b: Dondozo|psn\n|move|p1b: Dondozo|Avalanche|p2a: Leafeon\n|-supereffective|p2a: Leafeon\n|-damage|p2a: Leafeon|117/263\n|\n|-damage|p1a: Cresselia|135/323 psn|[from] psn\n|-damage|p1b: Dondozo|304/394 psn|[from] psn\n|upkeep\n|-enditem|p1a: Cresselia|Sitrus Berry|[eat]\n|-heal|p1a: Cresselia|215/323 psn|[from] item: Sitrus Berry\n|turn|11\n|inactive|Blaine's Volcarona has 120 seconds left.\n|\n|t:|1770997325\n|switch|p2b: Hitmontop|Hitmontop, L88, M|231/231\n|-ability|p2b: Hitmontop|Intimidate|boost\n|-unboost|p1a: Cresselia|atk|1\n|-unboost|p1b: Dondozo|atk|1\n|move|p2a: Leafeon|Protect|p2a: Leafeon\n|-singleturn|p2a: Leafeon|Protect\n|move|p1a: Cresselia|Lunar Blessing|p1a: Cresselia|[spread] p1a,p1b\n|-heal|p1a: Cresselia|296/323 psn\n|-curestatus|p1a: Cresselia|psn|[msg]\n|-heal|p1b: Dondozo|394/394 psn\n|-curestatus|p1b: Dondozo|psn|[msg]\n|move|p1b: Dondozo|Body Press|p2a: Leafeon\n|-activate|p2a: Leafeon|move: Protect\n|\n|upkeep\n|turn|12\n|inactive|yajeguflenival has 120 seconds left.\n|\n|t:|1770997363\n|switch|p2b: Kingambit|Kingambit, L77, F|212/281\n|switch|p2a: Hypno|Hypno, L95, M|241/315\n|switch|p1b: Magnezone|Magnezone, L84|162/255\n|move|p1a: Cresselia|Psychic|p2a: Hypno\n|-resisted|p2a: Hypno\n|-damage|p2a: Hypno|217/315\n|\n|upkeep\n|turn|13\n|\n|t:|1770997379\n|move|p2b: Kingambit|Protect|p2b: Kingambit\n|-singleturn|p2b: Kingambit|Protect\n|move|p1a: Cresselia|Lunar Blessing|p1a: Cresselia|[spread] p1a,p1b\n|-heal|p1a: Cresselia|323/323\n|-heal|p1b: Magnezone|226/255\n|move|p2a: Hypno|Low Sweep|p1b: Magnezone\n|-supereffective|p1b: Magnezone\n|-damage|p1b: Magnezone|142/255\n|-unboost|p1b: Magnezone|spe|1\n|move|p1b: Magnezone|Thunderbolt|p2b: Kingambit\n|-activate|p2b: Kingambit|move: Protect\n|\n|upkeep\n|turn|14\n|\n|t:|1770997397\n|move|p1a: Cresselia|Helping Hand|p1b: Magnezone\n|-singleturn|p1b: Magnezone|Helping Hand|[of] p1a: Cresselia\n|move|p2a: Hypno|Low Sweep|p1a: Cresselia\n|-resisted|p1a: Cresselia\n|-damage|p1a: Cresselia|300/323\n|-unboost|p1a: Cresselia|spe|1\n|move|p2b: Kingambit|Kowtow Cleave|p1a: Cresselia\n|-supereffective|p1a: Cresselia\n|-damage|p1a: Cresselia|118/323\n|move|p1b: Magnezone|Thunderbolt|p2b: Kingambit\n|-damage|p2b: Kingambit|26/281\n|-enditem|p2b: Kingambit|Sitrus Berry|[eat]\n|-heal|p2b: Kingambit|96/281|[from] item: Sitrus Berry\n|\n|upkeep\n|turn|15\n|\n|t:|1770997424\n|switch|p1a: Dondozo|Dondozo, L85, F, tera:Dragon|394/394\n|move|p2b: Kingambit|Protect|p2b: Kingambit\n|-singleturn|p2b: Kingambit|Protect\n|move|p2a: Hypno|Low Sweep|p1b: Magnezone\n|-supereffective|p1b: Magnezone\n|-damage|p1b: Magnezone|66/255\n|-unboost|p1b: Magnezone|spe|1\n|move|p1b: Magnezone|Thunderbolt|p2a: Hypno\n|-damage|p2a: Hypno|129/315\n|-enditem|p2a: Hypno|Sitrus Berry|[eat]\n|-heal|p2a: Hypno|207/315|[from] item: Sitrus Berry\n|\n|upkeep\n|turn|16\n|\n|t:|1770997444\n|switch|p2b: Hitmontop|Hitmontop, L88, M|231/231\n|-ability|p2b: Hitmontop|Intimidate|boost\n|-unboost|p1a: Dondozo|atk|1\n|-unboost|p1b: Magnezone|atk|1\n|move|p2a: Hypno|Low Sweep|p1b: Magnezone\n|-supereffective|p1b: Magnezone\n|-damage|p1b: Magnezone|0 fnt\n|faint|p1b: Magnezone\n|move|p1a: Dondozo|Body Press|p2b: Hitmontop\n|-damage|p2b: Hitmontop|173/231\n|\n|upkeep\n|\n|t:|1770997450\n|switch|p1b: Cresselia|Cresselia, L80, F|118/323\n|turn|17\n|\n|t:|1770997474\n|move|p2b: Hitmontop|Fake Out|p1b: Cresselia\n|-damage|p1b: Cresselia|89/323\n|cant|p1b: Cresselia|flinch\n|move|p2a: Hypno|Low Sweep|p1b: Cresselia\n|-resisted|p1b: Cresselia\n|-damage|p1b: Cresselia|68/323\n|-unboost|p1b: Cresselia|spe|1\n|move|p1a: Dondozo|Wave Crash|p2b: Hitmontop\n|-damage|p2b: Hitmontop|91/231\n|-enditem|p2b: Hitmontop|Sitrus Berry|[eat]\n|-heal|p2b: Hitmontop|148/231|[from] item: Sitrus Berry\n|-damage|p1a: Dondozo|367/394|[from] Recoil\n|\n|upkeep\n|turn|18\n|\n|t:|1770997482\n|switch|p2b: Kingambit|Kingambit, L77, F|96/281\n|move|p2a: Hypno|Poison Gas|p1a: Dondozo|[spread] p1a,p1b\n|-status|p1a: Dondozo|psn\n|-status|p1b: Cresselia|psn\n|move|p1b: Cresselia|Lunar Blessing|p1b: Cresselia|[spread] p1a,p1b\n|-heal|p1a: Dondozo|394/394 psn\n|-curestatus|p1a: Dondozo|psn|[msg]\n|-heal|p1b: Cresselia|149/323 psn\n|-curestatus|p1b: Cresselia|psn|[msg]\n|move|p1a: Dondozo|Wave Crash|p2b: Kingambit\n|-damage|p2b: Kingambit|21/281\n|-damage|p1a: Dondozo|369/394|[from] Recoil\n|\n|upkeep\n|turn|19\n|\n|t:|1770997504\n|switch|p1b: Manaphy|Manaphy, L78|284/284\n|move|p2b: Kingambit|Protect|p2b: Kingambit\n|-singleturn|p2b: Kingambit|Protect\n|move|p2a: Hypno|Poison Gas|p1b: Manaphy|[spread] p1a,p1b\n|-status|p1a: Dondozo|psn\n|-status|p1b: Manaphy|psn\n|move|p1a: Dondozo|Wave Crash|p2b: Kingambit\n|-activate|p2b: Kingambit|move: Protect\n|\n|-damage|p1b: Manaphy|249/284 psn|[from] psn\n|-damage|p1a: Dondozo|320/394 psn|[from] psn\n|upkeep\n|turn|20\n|\n|t:|1770997522\n|switch|p2a: Leafeon|Leafeon, L90, F|117/263\n|switch|p2b: Hitmontop|Hitmontop, L88, M|148/231\n|-ability|p2b: Hitmontop|Intimidate|boost\n|-unboost|p1a: Dondozo|atk|1\n|-unboost|p1b: Manaphy|atk|1\n|move|p1b: Manaphy|Scald|p2b: Hitmontop\n|-damage|p2b: Hitmontop|87/231\n|move|p1a: Dondozo|Wave Crash|p2a: Leafeon\n|-resisted|p2a: Leafeon\n|-damage|p2a: Leafeon|94/263\n|-damage|p1a: Dondozo|312/394 psn|[from] Recoil\n|\n|-heal|p1b: Manaphy|266/284 psn|[from] item: Leftovers\n|-damage|p1b: Manaphy|231/284 psn|[from] psn\n|-damage|p1a: Dondozo|263/394 psn|[from] psn\n|upkeep\n|turn|21\n|\n|t:|1770997538\n|move|p2b: Hitmontop|Fake Out|p1a: Dondozo\n|-damage|p1a: Dondozo|239/394 psn\n|move|p2a: Leafeon|Leaf Blade|p1b: Manaphy\n|-supereffective|p1b: Manaphy\n|-damage|p1b: Manaphy|0 fnt\n|faint|p1b: Manaphy\n|-damage|p2a: Leafeon|68/263|[from] item: Life Orb\n|cant|p1a: Dondozo|flinch\n|\n|-damage|p1a: Dondozo|190/394 psn|[from] psn\n|upkeep\n|\n|t:|1770997544\n|switch|p1b: Regidrago|Regidrago, L74|418/418\n|turn|22\n|\n|t:|1770997553\n|switch|p1a: Cresselia|Cresselia, L80, F|149/323\n|move|p2b: Hitmontop|Wide Guard|p2b: Hitmontop\n|-singleturn|p2b: Hitmontop|Wide Guard\n|move|p1b: Regidrago|Dragon Energy|p2b: Hitmontop|[spread] \n|-activate|p2a: Leafeon|move: Wide Guard\n|-activate|p2b: Hitmontop|move: Wide Guard\n|move|p2a: Leafeon|Double-Edge|p1b: Regidrago\n|-damage|p1b: Regidrago|187/418\n|-damage|p2a: Leafeon|0 fnt|[from] Recoil\n|faint|p2a: Leafeon\n|\n|upkeep\n|\n|t:|1770997560\n|switch|p2a: Hypno|Hypno, L95, M|207/315\n|turn|23\n|\n|t:|1770997574\n|switch|p1b: Dondozo|Dondozo, L85, F, tera:Dragon|190/394 psn\n|move|p1a: Cresselia|Lunar Blessing|p1a: Cresselia|[spread] p1a,p1b\n|-heal|p1a: Cresselia|230/323\n|-heal|p1b: Dondozo|288/394 psn\n|-curestatus|p1b: Dondozo|psn|[msg]\n|move|p2a: Hypno|Low Sweep|p1a: Cresselia\n|-resisted|p1a: Cresselia\n|-crit|p1a: Cresselia\n|-damage|p1a: Cresselia|199/323\n|-unboost|p1a: Cresselia|spe|1\n|move|p2b: Hitmontop|Triple Axel|p1b: Dondozo|[miss]\n|-miss|p2b: Hitmontop|p1b: Dondozo\n|\n|upkeep\n|turn|24\n|c|☆Blaine's Volcarona|...\n|inactive|Blaine's Volcarona has 120 seconds left.\n|\n|t:|1770997613\n|-terastallize|p2b: Hitmontop|Steel\n|move|p2a: Hypno|Poison Gas|p1a: Cresselia|[spread] p1a,p1b\n|-status|p1a: Cresselia|psn\n|-status|p1b: Dondozo|psn\n|move|p2b: Hitmontop|Triple Axel|p1b: Dondozo\n|-supereffective|p1b: Dondozo\n|-damage|p1b: Dondozo|262/394 psn\n|-supereffective|p1b: Dondozo\n|-damage|p1b: Dondozo|214/394 psn\n|-supereffective|p1b: Dondozo\n|-damage|p1b: Dondozo|136/394 psn\n|-hitcount|p1b: Dondozo|3\n|move|p1a: Cresselia|Icy Wind|p2a: Hypno|[spread] p2a,p2b\n|-resisted|p2b: Hitmontop\n|-damage|p2a: Hypno|191/315\n|-damage|p2b: Hitmontop|78/231\n|-unboost|p2a: Hypno|spe|1\n|-unboost|p2b: Hitmontop|spe|1\n|move|p1b: Dondozo|Wave Crash|p2b: Hitmontop\n|-damage|p2b: Hitmontop|0 fnt\n|faint|p2b: Hitmontop\n|-damage|p1b: Dondozo|110/394 psn|[from] Recoil\n|\n|-damage|p1a: Cresselia|159/323 psn|[from] psn\n|-damage|p1b: Dondozo|61/394 psn|[from] psn\n|upkeep\n|\n|t:|1770997617\n|switch|p2b: Kingambit|Kingambit, L77, F|21/281\n|turn|25\n|\n|t:|1770997642\n|move|p2b: Kingambit|Kowtow Cleave|p1a: Cresselia\n|-supereffective|p1a: Cresselia\n|-damage|p1a: Cresselia|0 fnt\n|faint|p1a: Cresselia\n|move|p2a: Hypno|Psychic|p1b: Dondozo\n|-damage|p1b: Dondozo|0 fnt\n|faint|p1b: Dondozo\n|\n|upkeep\n|inactive|yajeguflenival has 120 seconds left.\n|\n|t:|1770997654\n|switch|p1b: Regidrago|Regidrago, L74|187/418\n|turn|26\n|\n|t:|1770997661\n|move|p2b: Kingambit|Sucker Punch|p1b: Regidrago\n|-damage|p1b: Regidrago|46/418\n|move|p1b: Regidrago|Dragon Energy|p2a: Hypno|[spread] p2a,p2b\n|-resisted|p2b: Kingambit\n|-damage|p2a: Hypno|179/315\n|-damage|p2b: Kingambit|12/281\n|move|p2a: Hypno|Psychic|p1b: Regidrago\n|-damage|p1b: Regidrago|0 fnt\n|faint|p1b: Regidrago\n|\n|win|Blaine's Volcarona\n|raw|yajeguflenival's rating: 1843 &rarr; <strong>1817</strong><br />(-26 for losing)\n|raw|Blaine&apos;s Volcarona's rating: 1734 &rarr; <strong>1760</strong><br />(+26 for winning)\n|l|☆yajeguflenival\n|player|p1|\n|c|☆Blaine's Volcarona|packed up\n", "inputlog": ">version ccdc32dd7cde25fd9e4bed64820e885f66e78a4e\n>start {\"formatid\":\"gen9randomdoublesbattle\",\"seed\":\"sodium,f0f0becf56d1523de326962ff8fc8d1f\",\"rated\":\"Rated battle\"}\n>player p1 {\"name\":\"yajeguflenival\",\"avatar\":\"265\",\"rating\":1843,\"seed\":\"sodium,622bf31c4887b0c0ec98b27912fc877f\"}\n>player p2 {\"name\":\"Blaine's Volcarona\",\"avatar\":\"grimsley\",\"rating\":1748,\"seed\":\"sodium,4895cf4952bd9381b5cdb2a0d8b84ef9\"}\n>p1 move electroweb, move dragondance\n>p2 switch 5, move lowsweep +1\n>p1 switch 4, move burningbulwark\n>p2 move closecombat +1, move psychic +2\n>p1 move icywind, move dragondance\n>p2 move closecombat +2, move poisongas\n>p1 move lunarblessing, move heatcrash +1\n>p2 move doubleshock +1, move psychic +2\n>p2 switch 6, pass\n>p1 move lunarblessing, move burningbulwark\n>p2 move suckerpunch +2, move poisongas\n>p1 move lunarblessing, move heatcrash +1\n>p2 move suckerpunch +2, move psychic +2\n>p1 pass, switch 4\n>p2 switch 5, pass\n>p1 move icywind, move flashcannon +1\n>p2 switch 3, move poisongas\n>p1 move helpinghand -2, move thunderbolt +1\n>p2 move protect, move lowsweep +2\n>p1 move lunarblessing, switch 5\n>p2 switch 3, move lowsweep +2\n>p1 move icywind, move avalanche +1 terastallize\n>p2 move leafblade +1, move poisongas\n>p1 move lunarblessing, move bodypress +1\n>p2 move protect, switch 4\n>p1 move psychic +1, switch 5\n>p2 switch 4, switch 3\n>p1 move lunarblessing, move thunderbolt +2\n>p2 move lowsweep +2, move protect\n>p1 move helpinghand -2, move thunderbolt +2\n>p2 move lowsweep +1, move kowtowcleave +1\n>p1 switch 5, move thunderbolt +1\n>p2 move lowsweep +2, move protect\n>p1 move bodypress +2, move electroweb\n>p2 move lowsweep +2, switch 3\n>p1 pass, switch 5\n>p1 move wavecrash +2, move lunarblessing\n>p2 move lowsweep +2, move fakeout +2\n>p1 move wavecrash +2, move lunarblessing\n>p2 move poisongas, switch 3\n>p1 move wavecrash +2, switch 3\n>p2 move poisongas, move protect\n>p1 move wavecrash +1, move scald +2\n>p2 switch 4, switch 3\n>p1 move avalanche +1, move icebeam +1\n>p2 move leafblade +2, move fakeout +1\n>p1 pass, switch 6\n>p1 switch 3, move dragonenergy\n>p2 move doubleedge +2, move wideguard\n>p2 switch 4, pass\n>p1 move lunarblessing, switch 3\n>p2 move lowsweep +1, move tripleaxel +2\n>chat ☆Blaine's Volcarona|...\n>p1 move icywind, move wavecrash +2\n>p2 move poisongas, move tripleaxel +2 terastallize\n>p2 pass, switch 3\n>p1 move icywind, move wavecrash +1\n>p2 move psychic +2, move kowtowcleave +1\n>p1 pass, switch 3\n>p1 pass, move dragonenergy\n>p2 move psychic +2, move suckerpunch +2", "uploadtime": 1770997672, "views": 73, "formatid": "gen9randomdoublesbattle", "rating": 1760, "private": 0, "password": null}