{"id": "gen9randomdoublesbattle-2537392494", "format": "[Gen 9] Random Doubles Battle", "players": ["nazunabpd", "Jakko93"], "log": "|j|☆nazunabpd\n|j|☆Jakko93\n|t:|1770808973\n|gametype|doubles\n|player|p1|nazunabpd|roxie|1760\n|player|p2|Jakko93|102|1747\n|gen|9\n|tier|[Gen 9] Random Doubles Battle\n|rated|\n|rule|Species Clause: Limit one of each Pokémon\n|rule|HP Percentage Mod: HP is shown in percentages\n|rule|Illusion Level Mod: Illusion disguises the Pokémon's true level\n|rule|Sleep Clause Mod: Limit one foe put to sleep\n|\n|t:|1770808973\n|teamsize|p1|6\n|teamsize|p2|6\n|start\n|switch|p1a: Alcremie|Alcremie-Rainbow-Swirl, L90, F|263/263\n|switch|p1b: Cinccino|Cinccino, L85, M|266/266\n|switch|p2a: Flapple|Flapple, L95, F|287/287\n|switch|p2b: Beartic|Beartic, L91, F|321/321\n|turn|1\n|\n|t:|1770809021\n|switch|p2a: Gyarados|Gyarados, L80, M|283/283\n|-ability|p2a: Gyarados|Intimidate|boost\n|-unboost|p1a: Alcremie|atk|1\n|-unboost|p1b: Cinccino|atk|1\n|move|p1b: Cinccino|Protect|p1b: Cinccino\n|-singleturn|p1b: Cinccino|Protect\n|move|p1a: Alcremie|Decorate|p1b: Cinccino\n|-boost|p1b: Cinccino|atk|2\n|-boost|p1b: Cinccino|spa|2\n|move|p2b: Beartic|Icicle Crash|p1a: Alcremie\n|-damage|p1a: Alcremie|95/263\n|-enditem|p1a: Alcremie|Sitrus Berry|[eat]\n|-heal|p1a: Alcremie|160/263|[from] item: Sitrus Berry\n|-damage|p2b: Beartic|289/321|[from] item: Life Orb\n|\n|upkeep\n|turn|2\n|inactive|Battle timer is ON: inactive players will automatically lose when time's up. (requested by nazunabpd)\n|inactive|Jakko93 has 120 seconds left.\n|inactive|Jakko93 has 90 seconds left.\n|inactive|Jakko93 has 60 seconds left.\n|\n|t:|1770809196\n|-terastallize|p1b: Cinccino|Grass\n|move|p1b: Cinccino|Tail Slap|p2a: Gyarados\n|-damage|p2a: Gyarados|217/283\n|-damage|p2a: Gyarados|145/283\n|-damage|p2a: Gyarados|82/283\n|-enditem|p2a: Gyarados|Sitrus Berry|[eat]\n|-heal|p2a: Gyarados|152/283|[from] item: Sitrus Berry\n|-damage|p2a: Gyarados|82/283\n|-hitcount|p2a: Gyarados|4\n|move|p2a: Gyarados|Thunder Wave|p1b: Cinccino\n|-status|p1b: Cinccino|par\n|move|p1a: Alcremie|Decorate|p1b: Cinccino\n|-boost|p1b: Cinccino|atk|2\n|-boost|p1b: Cinccino|spa|2\n|move|p2b: Beartic|Icicle Crash|p1a: Alcremie\n|-damage|p1a: Alcremie|0 fnt\n|faint|p1a: Alcremie\n|-damage|p2b: Beartic|257/321|[from] item: Life Orb\n|\n|upkeep\n|inactive|nazunabpd has 120 seconds left.\n|\n|t:|1770809242\n|switch|p1a: Lucario|Lucario, L86, M|261/261\n|turn|3\n|inactive|Jakko93 has 120 seconds left.\n|inactive|Jakko93 has 90 seconds left.\n|\n|t:|1770809306\n|switch|p2a: Dondozo|Dondozo, L85, M|394/394\n|cant|p1b: Cinccino|par\n|move|p1a: Lucario|Meteor Mash|p2b: Beartic\n|-supereffective|p2b: Beartic\n|-crit|p2b: Beartic\n|-damage|p2b: Beartic|0 fnt\n|faint|p2b: Beartic\n|\n|upkeep\n|\n|t:|1770809313\n|switch|p2b: Gyarados|Gyarados, L80, M|82/283\n|-ability|p2b: Gyarados|Intimidate|boost\n|-fail|p1a: Lucario|unboost|Attack|[from] ability: Inner Focus|[of] p1a: Lucario\n|-unboost|p1b: Cinccino|atk|1\n|turn|4\n|inactive|Jakko93 has 90 seconds left.\n|inactive|nazunabpd has 120 seconds left.\n|\n|t:|1770809353\n|switch|p1a: Palafin|Palafin, L79, F|288/288\n|switch|p2a: Flapple|Flapple, L95, F|287/287\n|move|p2b: Gyarados|Thunder Wave|p1a: Palafin\n|-status|p1a: Palafin|par\n|move|p1b: Cinccino|Bullet Seed|p2a: Flapple\n|-resisted|p2a: Flapple\n|-damage|p2a: Flapple|270/287\n|-resisted|p2a: Flapple\n|-damage|p2a: Flapple|252/287\n|-resisted|p2a: Flapple\n|-damage|p2a: Flapple|233/287\n|-resisted|p2a: Flapple\n|-damage|p2a: Flapple|214/287\n|-resisted|p2a: Flapple\n|-damage|p2a: Flapple|196/287\n|-hitcount|p2a: Flapple|5\n|\n|upkeep\n|turn|5\n|inactive|Jakko93 has 90 seconds left.\n|inactive|nazunabpd has 120 seconds left.\n|\n|t:|1770809392\n|switch|p2b: Dondozo|Dondozo, L85, M|394/394\n|move|p2a: Flapple|Dragon Dance|p2a: Flapple\n|-boost|p2a: Flapple|atk|1\n|-boost|p2a: Flapple|spe|1\n|move|p1b: Cinccino|Tail Slap|p2a: Flapple\n|-damage|p2a: Flapple|121/287\n|-damage|p2a: Flapple|37/287\n|-damage|p2a: Flapple|0 fnt\n|faint|p2a: Flapple\n|-hitcount|p2: Flapple|3\n|move|p1a: Palafin|Flip Turn|p2b: Dondozo\n|-resisted|p2b: Dondozo\n|-damage|p2b: Dondozo|367/394\n|inactive|nazunabpd has 90 seconds left.\n|\n|t:|1770809412\n|detailschange|p1a: Palafin|Palafin-Hero, L79, F\n|switch|p1a: Lucario|Lucario, L86, M|261/261|[from] Flip Turn\n|\n|upkeep\n|inactive|Jakko93 has 90 seconds left.\n|\n|t:|1770809419\n|switch|p2a: Vikavolt|Vikavolt, L84, F|267/267\n|turn|6\n|\n|t:|1770809438\n|move|p1a: Lucario|Rock Slide|p2a: Vikavolt|[spread] p2b\n|-miss|p1a: Lucario|p2a: Vikavolt\n|-damage|p2b: Dondozo|308/394\n|cant|p1b: Cinccino|par\n|move|p2a: Vikavolt|Bug Buzz|p1b: Cinccino\n|-supereffective|p1b: Cinccino\n|-damage|p1b: Cinccino|0 fnt\n|faint|p1b: Cinccino\n|cant|p2b: Dondozo|flinch\n|\n|upkeep\n|inactive|nazunabpd has 90 seconds left.\n|\n|t:|1770809475\n|switch|p1b: Flareon|Flareon, L90, F|263/263\n|turn|7\n|inactive|Jakko93 has 120 seconds left.\n|\n|t:|1770809502\n|switch|p2a: Gyarados|Gyarados, L80, M|82/283\n|-ability|p2a: Gyarados|Intimidate|boost\n|-fail|p1a: Lucario|unboost|Attack|[from] ability: Inner Focus|[of] p1a: Lucario\n|-unboost|p1b: Flareon|atk|1\n|move|p1b: Flareon|Protect|p1b: Flareon\n|-singleturn|p1b: Flareon|Protect\n|move|p1a: Lucario|Rock Slide|p2a: Gyarados|[spread] p2a,p2b\n|-supereffective|p2a: Gyarados\n|-damage|p2a: Gyarados|0 fnt\n|-damage|p2b: Dondozo|254/394\n|faint|p2a: Gyarados\n|cant|p2b: Dondozo|flinch\n|\n|-status|p1b: Flareon|tox|[from] item: Toxic Orb\n|upkeep\n|\n|t:|1770809519\n|switch|p2a: Darkrai|Darkrai, L80|243/243\n|turn|8\n|inactive|nazunabpd has 120 seconds left.\n|inactive|Jakko93 has 120 seconds left.\n|inactive|nazunabpd has 90 seconds left.\n|\n|t:|1770809555\n|switch|p1a: Palafin|Palafin-Hero, L79, F|288/288 par\n|-activate|p1a: Palafin|ability: Zero to Hero\n|switch|p1b: Dialga|Dialga, L74|270/270\n|move|p2a: Darkrai|Protect|p2a: Darkrai\n|-singleturn|p2a: Darkrai|Protect\n|move|p2b: Dondozo|Wave Crash|p1b: Dialga\n|-resisted|p1b: Dialga\n|-damage|p1b: Dialga|208/270\n|-damage|p2b: Dondozo|234/394|[from] Recoil\n|\n|upkeep\n|turn|9\n|inactive|nazunabpd has 90 seconds left.\n|\n|t:|1770809584\n|switch|p2a: Vikavolt|Vikavolt, L84, F|267/267\n|move|p1b: Dialga|Thunder Wave|p2b: Dondozo\n|-status|p2b: Dondozo|par\n|move|p1a: Palafin|Close Combat|p2a: Vikavolt\n|-resisted|p2a: Vikavolt\n|-damage|p2a: Vikavolt|182/267\n|-unboost|p1a: Palafin|def|1\n|-unboost|p1a: Palafin|spd|1\n|move|p2b: Dondozo|Body Press|p1b: Dialga\n|-supereffective|p1b: Dialga\n|-damage|p1b: Dialga|98/270\n|-enditem|p1b: Dialga|Sitrus Berry|[eat]\n|-heal|p1b: Dialga|165/270|[from] item: Sitrus Berry\n|\n|upkeep\n|turn|10\n|inactive|nazunabpd has 90 seconds left.\n|\n|t:|1770809618\n|switch|p1a: Lucario|Lucario, L86, M|261/261\n|move|p1b: Dialga|Fire Blast|p2a: Vikavolt\n|-supereffective|p2a: Vikavolt\n|-damage|p2a: Vikavolt|0 fnt\n|faint|p2a: Vikavolt\n|cant|p2b: Dondozo|par\n|\n|upkeep\n|\n|t:|1770809629\n|switch|p2a: Darkrai|Darkrai, L80|243/243\n|turn|11\n|inactive|nazunabpd has 90 seconds left.\n|\n|t:|1770809654\n|move|p1a: Lucario|Extreme Speed|p2a: Darkrai\n|-damage|p2a: Darkrai|136/243\n|move|p2a: Darkrai|Focus Blast|p1a: Lucario\n|-supereffective|p1a: Lucario\n|-crit|p1a: Lucario\n|-damage|p1a: Lucario|0 fnt\n|faint|p1a: Lucario\n|-damage|p2a: Darkrai|112/243|[from] item: Life Orb\n|move|p1b: Dialga|Draco Meteor|p2a: Darkrai\n|-damage|p2a: Darkrai|0 fnt\n|-unboost|p1b: Dialga|spa|2\n|faint|p2a: Darkrai\n|move|p2b: Dondozo|Body Press|p1b: Dialga\n|-supereffective|p1b: Dialga\n|-crit|p1b: Dialga\n|-damage|p1b: Dialga|0 fnt\n|faint|p1b: Dialga\n|\n|upkeep\n|inactive|nazunabpd has 90 seconds left.\n|\n|t:|1770809670\n|switch|p1a: Flareon|Flareon, L90, F|263/263 tox\n|switch|p1b: Palafin|Palafin-Hero, L79, F|288/288 par\n|turn|12\n|\n|t:|1770809678\n|move|p1a: Flareon|Facade|p2b: Dondozo\n|-damage|p2b: Dondozo|54/394 par\n|move|p1b: Palafin|Close Combat|p2b: Dondozo\n|-damage|p2b: Dondozo|0 fnt\n|-unboost|p1b: Palafin|def|1\n|-unboost|p1b: Palafin|spd|1\n|faint|p2b: Dondozo\n|\n|win|nazunabpd\n|raw|nazunabpd's rating: 1760 &rarr; <strong>1779</strong><br />(+19 for winning)\n|raw|Jakko93's rating: 1747 &rarr; <strong>1728</strong><br />(-19 for losing)\n|l|☆Jakko93\n|player|p2|\n", "inputlog": ">version ccdc32dd7cde25fd9e4bed64820e885f66e78a4e\n>start {\"formatid\":\"gen9randomdoublesbattle\",\"seed\":\"sodium,5032ec9d9ebe57930d6c9f3c159fde92\",\"rated\":\"Rated battle\"}\n>player p1 {\"name\":\"nazunabpd\",\"avatar\":\"roxie\",\"rating\":1760,\"seed\":\"sodium,1dadd231bad52c7d6dd9ed189d4d343d\"}\n>player p2 {\"name\":\"Jakko93\",\"avatar\":\"102\",\"rating\":1747,\"seed\":\"sodium,ce55958de80dbad9485bf4bdeb88a552\"}\n>p1 move decorate -2, move protect\n>p2 switch 4, move iciclecrash +1\n>p1 move decorate -2, move tailslap +1 terastallize\n>p2 move thunderwave +2, move iciclecrash +1\n>p1 switch 5, pass\n>p1 move meteormash +2, move protect\n>p2 switch 6, move closecombat +1\n>p2 pass, switch 6\n>p1 switch 4, move bulletseed +1\n>p2 switch 4, move thunderwave +1\n>p1 move flipturn +2, move tailslap +1\n>p2 move dragondance, switch 4\n>p1 switch 4, pass\n>p2 switch 5, pass\n>p1 move rockslide, move bulletseed +2\n>p2 move bugbuzz +2, move bodypress +1\n>p1 pass, switch 6\n>p1 move rockslide, move protect\n>p2 switch 4, move bodypress +1\n>p2 switch 3, pass\n>p1 switch 4, switch 3\n>p2 move protect, move wavecrash +2\n>p1 move closecombat +1, move thunderwave +2\n>p2 switch 4, move bodypress +2\n>p1 switch 4, move fireblast +1\n>p2 move stickyweb, move bodypress +1\n>p2 switch 4, pass\n>p1 move extremespeed +1, move dracometeor +1\n>p2 move focusblast +1, move bodypress +2\n>p1 switch 3, switch 4\n>p1 move facade +2, move closecombat +2\n>p2 pass, move wavecrash +1", "uploadtime": 1770809688, "views": 64, "formatid": "gen9randomdoublesbattle", "rating": 1728, "private": 0, "password": null}