{"id": "gen9randomdoublesbattle-2538647255", "format": "[Gen 9] Random Doubles Battle", "players": ["anlivcao", "blfuller_4"], "log": "|j|☆anlivcao\n|j|☆blfuller_4\n|t:|1770951498\n|gametype|doubles\n|player|p1|anlivcao|roxie|1869\n|player|p2|blfuller_4|skyla|1840\n|gen|9\n|tier|[Gen 9] Random Doubles Battle\n|rated|\n|rule|Species Clause: Limit one of each Pokémon\n|rule|HP Percentage Mod: HP is shown in percentages\n|rule|Illusion Level Mod: Illusion disguises the Pokémon's true level\n|rule|Sleep Clause Mod: Limit one foe put to sleep\n|\n|t:|1770951498\n|teamsize|p1|6\n|teamsize|p2|6\n|start\n|switch|p1a: Pecharunt|Pecharunt, L78|265/265\n|switch|p1b: Squawkabilly|Squawkabilly-Blue, L91, F|297/297\n|switch|p2a: Pawmot|Pawmot, L80, M|243/243\n|switch|p2b: Dudunsparce|Dudunsparce-Three-Segment, L86, F|355/355\n|-ability|p1b: Squawkabilly|Intimidate|boost\n|-unboost|p2a: Pawmot|atk|1\n|-unboost|p2b: Dudunsparce|atk|1\n|-ability|p2b: Dudunsparce|Rattled|boost\n|-boost|p2b: Dudunsparce|spe|1\n|turn|1\n|\n|t:|1770951520\n|move|p1b: Squawkabilly|Protect|p1b: Squawkabilly\n|-singleturn|p1b: Squawkabilly|Protect\n|move|p2a: Pawmot|Protect|p2a: Pawmot\n|-singleturn|p2a: Pawmot|Protect\n|move|p2b: Dudunsparce|Tailwind|p2b: Dudunsparce\n|-sidestart|p2: blfuller_4|move: Tailwind\n|move|p1a: Pecharunt|Poison Gas|p2b: Dudunsparce|[spread] \n|-activate|p2a: Pawmot|move: Protect\n|-miss|p1a: Pecharunt|p2b: Dudunsparce\n|\n|upkeep\n|turn|2\n|inactive|Battle timer is ON: inactive players will automatically lose when time's up. (requested by anlivcao)\n|\n|t:|1770951539\n|switch|p1b: Arboliva|Arboliva, L88, F|281/281\n|move|p2b: Dudunsparce|Earth Power|p1a: Pecharunt\n|-supereffective|p1a: Pecharunt\n|-damage|p1a: Pecharunt|133/265\n|-unboost|p1a: Pecharunt|spd|1\n|move|p2a: Pawmot|Double Shock|p1b: Arboliva\n|-resisted|p1b: Arboliva\n|-damage|p1b: Arboliva|226/281\n|-start|p2a: Pawmot|typechange|???/Fighting|[from] move: Double Shock\n|-fieldstart|move: Grassy Terrain|[from] ability: Seed Sower|[of] p1b: Arboliva\n|-damage|p2a: Pawmot|219/243|[from] item: Life Orb\n|move|p1a: Pecharunt|Poison Gas|p2b: Dudunsparce|[spread] p2a\n|-miss|p1a: Pecharunt|p2b: Dudunsparce\n|-status|p2a: Pawmot|psn\n|-start|p2a: Pawmot|confusion|[from] ability: Poison Puppeteer|[of] p1a: Pecharunt\n|\n|-heal|p2a: Pawmot|234/243 psn|[from] Grassy Terrain\n|-heal|p1a: Pecharunt|149/265|[from] Grassy Terrain\n|-heal|p1b: Arboliva|243/281|[from] Grassy Terrain\n|-damage|p2a: Pawmot|204/243 psn|[from] psn\n|upkeep\n|turn|3\n|\n|t:|1770951563\n|switch|p2a: Eternatus|Eternatus, L70|312/312\n|-ability|p2a: Eternatus|Pressure\n|switch|p1a: Squawkabilly|Squawkabilly-Blue, L91, F|297/297\n|-ability|p1a: Squawkabilly|Intimidate|boost\n|-unboost|p2a: Eternatus|atk|1\n|-unboost|p2b: Dudunsparce|atk|1\n|-ability|p2b: Dudunsparce|Rattled|boost\n|-boost|p2b: Dudunsparce|spe|1\n|-terastallize|p1b: Arboliva|Poison\n|move|p2b: Dudunsparce|Earth Power|p1a: Squawkabilly\n|-immune|p1a: Squawkabilly\n|move|p1b: Arboliva|Hyper Voice|p2b: Dudunsparce|[spread] p2a,p2b\n|-damage|p2a: Eternatus|164/312\n|-damage|p2b: Dudunsparce|226/355\n|-damage|p1b: Arboliva|215/281|[from] item: Life Orb\n|\n|-heal|p2b: Dudunsparce|248/355|[from] Grassy Terrain\n|-heal|p2a: Eternatus|183/312|[from] Grassy Terrain\n|-heal|p2a: Eternatus|202/312|[from] item: Leftovers\n|-heal|p1b: Arboliva|232/281|[from] Grassy Terrain\n|upkeep\n|turn|4\n|\n|t:|1770951581\n|move|p2b: Dudunsparce|Earth Power|p1b: Arboliva\n|-supereffective|p1b: Arboliva\n|-damage|p1b: Arboliva|124/281\n|move|p2a: Eternatus|Cosmic Power|p2a: Eternatus\n|-boost|p2a: Eternatus|def|1\n|-boost|p2a: Eternatus|spd|1\n|move|p1a: Squawkabilly|Brave Bird|p2b: Dudunsparce\n|-damage|p2b: Dudunsparce|52/355\n|-enditem|p2b: Dudunsparce|Sitrus Berry|[eat]\n|-heal|p2b: Dudunsparce|140/355|[from] item: Sitrus Berry\n|-damage|p1a: Squawkabilly|232/297|[from] Recoil\n|-damage|p1a: Squawkabilly|203/297|[from] item: Life Orb\n|move|p1b: Arboliva|Hyper Voice|p2b: Dudunsparce|[spread] p2a,p2b\n|-damage|p2a: Eternatus|107/312\n|-damage|p2b: Dudunsparce|6/355\n|-damage|p1b: Arboliva|96/281|[from] item: Life Orb\n|\n|-heal|p2b: Dudunsparce|28/355|[from] Grassy Terrain\n|-heal|p2a: Eternatus|126/312|[from] Grassy Terrain\n|-heal|p2a: Eternatus|145/312|[from] item: Leftovers\n|-heal|p1b: Arboliva|113/281|[from] Grassy Terrain\n|-sideend|p2: blfuller_4|move: Tailwind\n|upkeep\n|turn|5\n|\n|t:|1770951608\n|move|p1a: Squawkabilly|Quick Attack|p2b: Dudunsparce\n|-damage|p2b: Dudunsparce|0 fnt\n|faint|p2b: Dudunsparce\n|-damage|p1a: Squawkabilly|174/297|[from] item: Life Orb\n|move|p2a: Eternatus|Recover|p2a: Eternatus\n|-heal|p2a: Eternatus|301/312\n|move|p1b: Arboliva|Hyper Voice|p2a: Eternatus\n|-damage|p2a: Eternatus|168/312\n|-damage|p1b: Arboliva|85/281|[from] item: Life Orb\n|\n|-heal|p2a: Eternatus|187/312|[from] Grassy Terrain\n|-heal|p2a: Eternatus|206/312|[from] item: Leftovers\n|-heal|p1b: Arboliva|102/281|[from] Grassy Terrain\n|upkeep\n|inactive|blfuller_4 has 120 seconds left.\n|\n|t:|1770951625\n|switch|p2b: Dragapult|Dragapult, L79, F|269/269\n|turn|6\n|\n|t:|1770951637\n|move|p2b: Dragapult|Dragon Darts|p1b: Arboliva\n|-damage|p1b: Arboliva|38/281\n|-anim|p2b: Dragapult|Dragon Darts|p1a: Squawkabilly\n|-damage|p1a: Squawkabilly|71/297\n|-damage|p2b: Dragapult|243/269|[from] item: Life Orb\n|move|p2a: Eternatus|Flamethrower|p1b: Arboliva\n|-damage|p1b: Arboliva|0 fnt\n|faint|p1b: Arboliva\n|move|p1a: Squawkabilly|Brave Bird|p2b: Dragapult\n|-damage|p2b: Dragapult|0 fnt\n|faint|p2b: Dragapult\n|-damage|p1a: Squawkabilly|0 fnt|[from] Recoil\n|faint|p1a: Squawkabilly\n|\n|-heal|p2a: Eternatus|225/312|[from] Grassy Terrain\n|-heal|p2a: Eternatus|244/312|[from] item: Leftovers\n|-fieldend|move: Grassy Terrain\n|upkeep\n|\n|t:|1770951654\n|switch|p2b: Pawmot|Pawmot, L80, M|204/243 psn\n|switch|p1a: Pecharunt|Pecharunt, L78|149/265\n|switch|p1b: Espathra|Espathra, L83, M|293/293\n|turn|7\n|\n|t:|1770951668\n|-terastallize|p2b: Pawmot|Electric\n|move|p1b: Espathra|Protect|p1b: Espathra\n|-singleturn|p1b: Espathra|Protect\n|move|p2a: Eternatus|Cosmic Power|p2a: Eternatus\n|-boost|p2a: Eternatus|def|1\n|-boost|p2a: Eternatus|spd|1\n|move|p2b: Pawmot|Double Shock|p1b: Espathra\n|-activate|p1b: Espathra|move: Protect\n|move|p1a: Pecharunt|Malignant Chain|p2b: Pawmot\n|-damage|p2b: Pawmot|89/243 psn\n|\n|-heal|p2a: Eternatus|263/312|[from] item: Leftovers\n|-damage|p2b: Pawmot|59/243 psn|[from] psn\n|-ability|p1b: Espathra|Speed Boost|boost\n|-boost|p1b: Espathra|spe|1\n|upkeep\n|turn|8\n|\n|t:|1770951684\n|move|p1b: Espathra|Dazzling Gleam|p2a: Eternatus|[spread] p2a,p2b\n|-damage|p2a: Eternatus|231/312\n|-damage|p2b: Pawmot|0 fnt\n|faint|p2b: Pawmot\n|-damage|p1b: Espathra|264/293|[from] item: Life Orb\n|move|p2a: Eternatus|Dynamax Cannon|p1b: Espathra\n|-damage|p1b: Espathra|129/293\n|move|p1a: Pecharunt|Parting Shot|p2a: Eternatus\n|-unboost|p2a: Eternatus|atk|1\n|-unboost|p2a: Eternatus|spa|1\n|\n|t:|1770951694\n|switch|p1a: Vivillon|Vivillon-Sandstorm, L88, F|284/284|[from] Parting Shot\n|\n|-heal|p2a: Eternatus|250/312|[from] item: Leftovers\n|-ability|p1b: Espathra|Speed Boost|boost\n|-boost|p1b: Espathra|spe|1\n|upkeep\n|\n|t:|1770951698\n|switch|p2b: Floatzel|Floatzel, L86, M|286/286\n|turn|9\n|\n|t:|1770951713\n|move|p2b: Floatzel|Protect|p2b: Floatzel\n|-singleturn|p2b: Floatzel|Protect\n|move|p1b: Espathra|Lumina Crash|p2b: Floatzel\n|-activate|p2b: Floatzel|move: Protect\n|move|p2a: Eternatus|Dynamax Cannon|p1a: Vivillon\n|-damage|p1a: Vivillon|176/284\n|move|p1a: Vivillon|Sleep Powder|p2a: Eternatus\n|-status|p2a: Eternatus|slp|[from] move: Sleep Powder\n|\n|-heal|p2a: Eternatus|269/312 slp|[from] item: Leftovers\n|-ability|p1b: Espathra|Speed Boost|boost\n|-boost|p1b: Espathra|spe|1\n|upkeep\n|turn|10\n|\n|t:|1770951728\n|switch|p1a: Toxapex|Toxapex, L92, F|241/241\n|move|p2b: Floatzel|Aqua Jet|p1b: Espathra\n|-damage|p1b: Espathra|54/293\n|-damage|p2b: Floatzel|258/286|[from] item: Life Orb\n|move|p1b: Espathra|Lumina Crash|p2b: Floatzel\n|-damage|p2b: Floatzel|102/286\n|-unboost|p2b: Floatzel|spd|2\n|-damage|p1b: Espathra|25/293|[from] item: Life Orb\n|cant|p2a: Eternatus|slp\n|\n|-heal|p2a: Eternatus|288/312 slp|[from] item: Leftovers\n|-ability|p1b: Espathra|Speed Boost|boost\n|-boost|p1b: Espathra|spe|1\n|upkeep\n|turn|11\n|\n|t:|1770951745\n|switch|p1b: Pecharunt|Pecharunt, L78|149/265\n|move|p2b: Floatzel|Protect|p2b: Floatzel\n|-singleturn|p2b: Floatzel|Protect\n|cant|p2a: Eternatus|slp\n|move|p1a: Toxapex|Infestation|p2b: Floatzel\n|-activate|p2b: Floatzel|move: Protect\n|\n|-heal|p2a: Eternatus|307/312 slp|[from] item: Leftovers\n|upkeep\n|turn|12\n|\n|t:|1770951762\n|move|p2b: Floatzel|Wave Crash|p1b: Pecharunt\n|-damage|p1b: Pecharunt|36/265\n|-enditem|p1b: Pecharunt|Sitrus Berry|[eat]\n|-heal|p1b: Pecharunt|102/265|[from] item: Sitrus Berry\n|-damage|p2b: Floatzel|65/286|[from] Recoil\n|-damage|p2b: Floatzel|37/286|[from] item: Life Orb\n|cant|p2a: Eternatus|slp\n|move|p1b: Pecharunt|Shadow Ball|p2b: Floatzel\n|-damage|p2b: Floatzel|0 fnt\n|faint|p2b: Floatzel\n|move|p1a: Toxapex|Infestation|p2a: Eternatus\n|-resisted|p2a: Eternatus\n|-damage|p2a: Eternatus|304/312 slp\n|-activate|p2a: Eternatus|move: Infestation|[of] p1a: Toxapex\n|\n|-heal|p2a: Eternatus|312/312 slp|[from] item: Leftovers\n|-damage|p2a: Eternatus|273/312 slp|[from] move: Infestation|[partiallytrapped]\n|upkeep\n|\n|t:|1770951773\n|switch|p2b: Mismagius|Mismagius, L88, F|249/249\n|turn|13\n|\n|t:|1770951781\n|move|p2b: Mismagius|Taunt|p1a: Toxapex\n|-start|p1a: Toxapex|move: Taunt\n|-curestatus|p2a: Eternatus|slp|[msg]\n|move|p2a: Eternatus|Dynamax Cannon|p1b: Pecharunt\n|-damage|p1b: Pecharunt|23/265\n|move|p1b: Pecharunt|Parting Shot|p2a: Eternatus\n|-unboost|p2a: Eternatus|atk|1\n|-unboost|p2a: Eternatus|spa|1\n|\n|t:|1770951791\n|switch|p1b: Vivillon|Vivillon-Sandstorm, L88, F|176/284|[from] Parting Shot\n|cant|p1a: Toxapex|move: Taunt|Toxic\n|\n|-heal|p2a: Eternatus|292/312|[from] item: Leftovers\n|-damage|p2a: Eternatus|253/312|[from] move: Infestation|[partiallytrapped]\n|upkeep\n|turn|14\n|\n|t:|1770951803\n|move|p1b: Vivillon|Protect|p1b: Vivillon\n|-singleturn|p1b: Vivillon|Protect\n|move|p2b: Mismagius|Taunt|p1b: Vivillon\n|-activate|p1b: Vivillon|move: Protect\n|move|p2a: Eternatus|Cosmic Power|p2a: Eternatus\n|-boost|p2a: Eternatus|def|1\n|-boost|p2a: Eternatus|spd|1\n|move|p1a: Toxapex|Infestation|p2b: Mismagius\n|-resisted|p2b: Mismagius\n|-damage|p2b: Mismagius|244/249\n|-activate|p2b: Mismagius|move: Infestation|[of] p1a: Toxapex\n|\n|-heal|p2a: Eternatus|272/312|[from] item: Leftovers\n|-damage|p2b: Mismagius|213/249|[from] move: Infestation|[partiallytrapped]\n|-damage|p2a: Eternatus|233/312|[from] move: Infestation|[partiallytrapped]\n|upkeep\n|turn|15\n|\n|t:|1770951820\n|switch|p1b: Espathra|Espathra, L83, M|25/293\n|move|p2b: Mismagius|Taunt|p1b: Espathra\n|-start|p1b: Espathra|move: Taunt\n|move|p2a: Eternatus|Dynamax Cannon|p1a: Toxapex\n|-damage|p1a: Toxapex|208/241\n|move|p1a: Toxapex|Infestation|p2a: Eternatus\n|-resisted|p2a: Eternatus\n|-damage|p2a: Eternatus|230/312\n|\n|-heal|p2a: Eternatus|249/312|[from] item: Leftovers\n|-heal|p1a: Toxapex|223/241|[from] item: Leftovers\n|-damage|p2b: Mismagius|182/249|[from] move: Infestation|[partiallytrapped]\n|-damage|p2a: Eternatus|210/312|[from] move: Infestation|[partiallytrapped]\n|-end|p1a: Toxapex|move: Taunt\n|upkeep\n|turn|16\n|\n|t:|1770951844\n|switch|p1b: Pecharunt|Pecharunt, L78|23/265\n|move|p2b: Mismagius|Thunderbolt|p1a: Toxapex\n|-supereffective|p1a: Toxapex\n|-damage|p1a: Toxapex|90/241\n|-damage|p2b: Mismagius|158/249|[from] item: Life Orb\n|move|p2a: Eternatus|Dynamax Cannon|p1b: Pecharunt\n|-damage|p1b: Pecharunt|0 fnt\n|faint|p1b: Pecharunt\n|move|p1a: Toxapex|Toxic|p2b: Mismagius\n|-status|p2b: Mismagius|tox\n|\n|-heal|p2a: Eternatus|229/312|[from] item: Leftovers\n|-heal|p1a: Toxapex|105/241|[from] item: Leftovers\n|-damage|p2b: Mismagius|143/249 tox|[from] psn\n|-damage|p2b: Mismagius|112/249 tox|[from] move: Infestation|[partiallytrapped]\n|-damage|p2a: Eternatus|190/312|[from] move: Infestation|[partiallytrapped]\n|upkeep\n|\n|t:|1770951850\n|switch|p1b: Espathra|Espathra, L83, M|25/293\n|turn|17\n|\n|t:|1770951866\n|switch|p1a: Vivillon|Vivillon-Sandstorm, L88, F|176/284\n|move|p1b: Espathra|Protect|p1b: Espathra\n|-singleturn|p1b: Espathra|Protect\n|move|p2b: Mismagius|Thunderbolt|p1a: Vivillon\n|-supereffective|p1a: Vivillon\n|-damage|p1a: Vivillon|0 fnt\n|faint|p1a: Vivillon\n|-damage|p2b: Mismagius|88/249 tox|[from] item: Life Orb\n|move|p2a: Eternatus|Recover|p2a: Eternatus\n|-heal|p2a: Eternatus|312/312\n|\n|-damage|p2b: Mismagius|58/249 tox|[from] psn\n|-end|p2b: Mismagius|Infestation|[partiallytrapped]|[silent]\n|-end|p2a: Eternatus|Infestation|[partiallytrapped]\n|-ability|p1b: Espathra|Speed Boost|boost\n|-boost|p1b: Espathra|spe|1\n|upkeep\n|\n|t:|1770951873\n|switch|p1a: Toxapex|Toxapex, L92, F|185/241\n|turn|18\n|\n|t:|1770951891\n|move|p1b: Espathra|Dazzling Gleam|p2a: Eternatus|[spread] p2a,p2b\n|-damage|p2a: Eternatus|287/312\n|-damage|p2b: Mismagius|10/249 tox\n|-damage|p1b: Espathra|0 fnt|[from] item: Life Orb\n|faint|p1b: Espathra\n|move|p2b: Mismagius|Thunderbolt|p1a: Toxapex\n|-supereffective|p1a: Toxapex\n|-damage|p1a: Toxapex|52/241\n|-damage|p2b: Mismagius|0 fnt|[from] item: Life Orb\n|faint|p2b: Mismagius\n|move|p2a: Eternatus|Dynamax Cannon|p1a: Toxapex\n|-damage|p1a: Toxapex|21/241\n|move|p1a: Toxapex|Infestation|p2a: Eternatus\n|-resisted|p2a: Eternatus\n|-damage|p2a: Eternatus|284/312\n|-activate|p2a: Eternatus|move: Infestation|[of] p1a: Toxapex\n|\n|-heal|p2a: Eternatus|303/312|[from] item: Leftovers\n|-heal|p1a: Toxapex|36/241|[from] item: Leftovers\n|-damage|p2a: Eternatus|264/312|[from] move: Infestation|[partiallytrapped]\n|upkeep\n|turn|19\n|\n|t:|1770951904\n|move|p1a: Toxapex|Baneful Bunker|p1a: Toxapex\n|-singleturn|p1a: Toxapex|move: Protect\n|move|p2a: Eternatus|Dynamax Cannon|p1a: Toxapex\n|-activate|p1a: Toxapex|move: Protect\n|\n|-heal|p2a: Eternatus|283/312|[from] item: Leftovers\n|-heal|p1a: Toxapex|51/241|[from] item: Leftovers\n|-damage|p2a: Eternatus|244/312|[from] move: Infestation|[partiallytrapped]\n|upkeep\n|turn|20\n|\n|t:|1770951908\n|move|p2a: Eternatus|Dynamax Cannon|p1a: Toxapex\n|-damage|p1a: Toxapex|17/241\n|move|p1a: Toxapex|Recover|p1a: Toxapex\n|-heal|p1a: Toxapex|138/241\n|\n|-heal|p2a: Eternatus|263/312|[from] item: Leftovers\n|-heal|p1a: Toxapex|153/241|[from] item: Leftovers\n|-damage|p2a: Eternatus|224/312|[from] move: Infestation|[partiallytrapped]\n|upkeep\n|turn|21\n|\n|t:|1770951917\n|move|p2a: Eternatus|Cosmic Power|p2a: Eternatus\n|-boost|p2a: Eternatus|def|1\n|-boost|p2a: Eternatus|spd|1\n|move|p1a: Toxapex|Infestation|p2a: Eternatus\n|-resisted|p2a: Eternatus\n|-damage|p2a: Eternatus|222/312\n|\n|-heal|p2a: Eternatus|241/312|[from] item: Leftovers\n|-heal|p1a: Toxapex|168/241|[from] item: Leftovers\n|-damage|p2a: Eternatus|202/312|[from] move: Infestation|[partiallytrapped]\n|upkeep\n|turn|22\n|\n|t:|1770951926\n|move|p2a: Eternatus|Cosmic Power|p2a: Eternatus\n|-boost|p2a: Eternatus|def|1\n|-boost|p2a: Eternatus|spd|1\n|move|p1a: Toxapex|Infestation|p2a: Eternatus\n|-resisted|p2a: Eternatus\n|-damage|p2a: Eternatus|200/312\n|\n|-heal|p2a: Eternatus|219/312|[from] item: Leftovers\n|-heal|p1a: Toxapex|183/241|[from] item: Leftovers\n|-damage|p2a: Eternatus|180/312|[from] move: Infestation|[partiallytrapped]\n|upkeep\n|turn|23\n|\n|t:|1770951939\n|move|p2a: Eternatus|Cosmic Power|p2a: Eternatus\n|-boost|p2a: Eternatus|def|1\n|-boost|p2a: Eternatus|spd|1\n|move|p1a: Toxapex|Toxic|p2a: Eternatus\n|-immune|p2a: Eternatus\n|\n|-heal|p2a: Eternatus|199/312|[from] item: Leftovers\n|-heal|p1a: Toxapex|198/241|[from] item: Leftovers\n|-end|p2a: Eternatus|Infestation|[partiallytrapped]\n|upkeep\n|turn|24\n|\n|t:|1770951946\n|move|p2a: Eternatus|Cosmic Power|p2a: Eternatus\n|-boost|p2a: Eternatus|def|0\n|-boost|p2a: Eternatus|spd|0\n|move|p1a: Toxapex|Infestation|p2a: Eternatus\n|-resisted|p2a: Eternatus\n|-damage|p2a: Eternatus|197/312\n|-activate|p2a: Eternatus|move: Infestation|[of] p1a: Toxapex\n|\n|-heal|p2a: Eternatus|216/312|[from] item: Leftovers\n|-heal|p1a: Toxapex|213/241|[from] item: Leftovers\n|-damage|p2a: Eternatus|177/312|[from] move: Infestation|[partiallytrapped]\n|upkeep\n|turn|25\n|\n|t:|1770951950\n|move|p1a: Toxapex|Baneful Bunker|p1a: Toxapex\n|-singleturn|p1a: Toxapex|move: Protect\n|move|p2a: Eternatus|Cosmic Power|p2a: Eternatus\n|-boost|p2a: Eternatus|def|0\n|-boost|p2a: Eternatus|spd|0\n|\n|-heal|p2a: Eternatus|196/312|[from] item: Leftovers\n|-heal|p1a: Toxapex|228/241|[from] item: Leftovers\n|-damage|p2a: Eternatus|157/312|[from] move: Infestation|[partiallytrapped]\n|upkeep\n|turn|26\n|\n|t:|1770951959\n|move|p2a: Eternatus|Cosmic Power|p2a: Eternatus\n|-boost|p2a: Eternatus|def|0\n|-boost|p2a: Eternatus|spd|0\n|move|p1a: Toxapex|Toxic|p2a: Eternatus\n|-immune|p2a: Eternatus\n|\n|-heal|p2a: Eternatus|176/312|[from] item: Leftovers\n|-heal|p1a: Toxapex|241/241|[from] item: Leftovers\n|-damage|p2a: Eternatus|137/312|[from] move: Infestation|[partiallytrapped]\n|upkeep\n|turn|27\n|\n|t:|1770951968\n|move|p1a: Toxapex|Baneful Bunker|p1a: Toxapex\n|-singleturn|p1a: Toxapex|move: Protect\n|move|p2a: Eternatus|Cosmic Power|p2a: Eternatus\n|-boost|p2a: Eternatus|def|0\n|-boost|p2a: Eternatus|spd|0\n|\n|-heal|p2a: Eternatus|156/312|[from] item: Leftovers\n|-damage|p2a: Eternatus|117/312|[from] move: Infestation|[partiallytrapped]\n|upkeep\n|turn|28\n|\n|t:|1770951976\n|move|p2a: Eternatus|Recover|p2a: Eternatus\n|-heal|p2a: Eternatus|273/312\n|move|p1a: Toxapex|Toxic|p2a: Eternatus\n|-immune|p2a: Eternatus\n|\n|-heal|p2a: Eternatus|292/312|[from] item: Leftovers\n|-end|p2a: Eternatus|Infestation|[partiallytrapped]\n|upkeep\n|turn|29\n|\n|t:|1770951981\n|move|p2a: Eternatus|Cosmic Power|p2a: Eternatus\n|-boost|p2a: Eternatus|def|0\n|-boost|p2a: Eternatus|spd|0\n|move|p1a: Toxapex|Infestation|p2a: Eternatus\n|-resisted|p2a: Eternatus\n|-damage|p2a: Eternatus|290/312\n|-activate|p2a: Eternatus|move: Infestation|[of] p1a: Toxapex\n|\n|-heal|p2a: Eternatus|309/312|[from] item: Leftovers\n|-damage|p2a: Eternatus|270/312|[from] move: Infestation|[partiallytrapped]\n|upkeep\n|turn|30\n|\n|t:|1770951986\n|move|p2a: Eternatus|Cosmic Power|p2a: Eternatus\n|-boost|p2a: Eternatus|def|0\n|-boost|p2a: Eternatus|spd|0\n|move|p1a: Toxapex|Toxic|p2a: Eternatus\n|-immune|p2a: Eternatus\n|\n|-heal|p2a: Eternatus|289/312|[from] item: Leftovers\n|-damage|p2a: Eternatus|250/312|[from] move: Infestation|[partiallytrapped]\n|upkeep\n|turn|31\n|\n|t:|1770951988\n|move|p1a: Toxapex|Baneful Bunker|p1a: Toxapex\n|-singleturn|p1a: Toxapex|move: Protect\n|move|p2a: Eternatus|Cosmic Power|p2a: Eternatus\n|-boost|p2a: Eternatus|def|0\n|-boost|p2a: Eternatus|spd|0\n|\n|-heal|p2a: Eternatus|269/312|[from] item: Leftovers\n|-damage|p2a: Eternatus|230/312|[from] move: Infestation|[partiallytrapped]\n|upkeep\n|turn|32\n|\n|t:|1770951990\n|move|p2a: Eternatus|Cosmic Power|p2a: Eternatus\n|-boost|p2a: Eternatus|def|0\n|-boost|p2a: Eternatus|spd|0\n|move|p1a: Toxapex|Toxic|p2a: Eternatus\n|-immune|p2a: Eternatus\n|\n|-heal|p2a: Eternatus|249/312|[from] item: Leftovers\n|-damage|p2a: Eternatus|210/312|[from] move: Infestation|[partiallytrapped]\n|upkeep\n|turn|33\n|\n|t:|1770951993\n|move|p1a: Toxapex|Baneful Bunker|p1a: Toxapex\n|-singleturn|p1a: Toxapex|move: Protect\n|move|p2a: Eternatus|Cosmic Power|p2a: Eternatus\n|-boost|p2a: Eternatus|def|0\n|-boost|p2a: Eternatus|spd|0\n|\n|-heal|p2a: Eternatus|229/312|[from] item: Leftovers\n|-end|p2a: Eternatus|Infestation|[partiallytrapped]\n|upkeep\n|turn|34\n|\n|t:|1770951998\n|move|p2a: Eternatus|Cosmic Power|p2a: Eternatus\n|-boost|p2a: Eternatus|def|0\n|-boost|p2a: Eternatus|spd|0\n|move|p1a: Toxapex|Infestation|p2a: Eternatus\n|-resisted|p2a: Eternatus\n|-damage|p2a: Eternatus|227/312\n|-activate|p2a: Eternatus|move: Infestation|[of] p1a: Toxapex\n|\n|-heal|p2a: Eternatus|246/312|[from] item: Leftovers\n|-damage|p2a: Eternatus|207/312|[from] move: Infestation|[partiallytrapped]\n|upkeep\n|turn|35\n|\n|t:|1770952003\n|move|p2a: Eternatus|Cosmic Power|p2a: Eternatus\n|-boost|p2a: Eternatus|def|0\n|-boost|p2a: Eternatus|spd|0\n|move|p1a: Toxapex|Toxic|p2a: Eternatus\n|-immune|p2a: Eternatus\n|\n|-heal|p2a: Eternatus|226/312|[from] item: Leftovers\n|-damage|p2a: Eternatus|187/312|[from] move: Infestation|[partiallytrapped]\n|upkeep\n|turn|36\n|\n|t:|1770952010\n|move|p2a: Eternatus|Cosmic Power|p2a: Eternatus\n|-boost|p2a: Eternatus|def|0\n|-boost|p2a: Eternatus|spd|0\n|move|p1a: Toxapex|Toxic|p2a: Eternatus\n|-immune|p2a: Eternatus\n|\n|-heal|p2a: Eternatus|206/312|[from] item: Leftovers\n|-damage|p2a: Eternatus|167/312|[from] move: Infestation|[partiallytrapped]\n|upkeep\n|turn|37\n|\n|t:|1770952013\n|move|p1a: Toxapex|Baneful Bunker|p1a: Toxapex\n|-singleturn|p1a: Toxapex|move: Protect\n|move|p2a: Eternatus|Cosmic Power|p2a: Eternatus\n|-boost|p2a: Eternatus|def|0\n|-boost|p2a: Eternatus|spd|0\n|\n|-heal|p2a: Eternatus|186/312|[from] item: Leftovers\n|-damage|p2a: Eternatus|147/312|[from] move: Infestation|[partiallytrapped]\n|upkeep\n|turn|38\n|\n|t:|1770952017\n|move|p2a: Eternatus|Cosmic Power|p2a: Eternatus\n|-boost|p2a: Eternatus|def|0\n|-boost|p2a: Eternatus|spd|0\n|move|p1a: Toxapex|Toxic|p2a: Eternatus\n|-immune|p2a: Eternatus\n|\n|-heal|p2a: Eternatus|166/312|[from] item: Leftovers\n|-end|p2a: Eternatus|Infestation|[partiallytrapped]\n|upkeep\n|turn|39\n|\n|t:|1770952023\n|move|p2a: Eternatus|Cosmic Power|p2a: Eternatus\n|-boost|p2a: Eternatus|def|0\n|-boost|p2a: Eternatus|spd|0\n|move|p1a: Toxapex|Infestation|p2a: Eternatus\n|-resisted|p2a: Eternatus\n|-damage|p2a: Eternatus|164/312\n|-activate|p2a: Eternatus|move: Infestation|[of] p1a: Toxapex\n|\n|-heal|p2a: Eternatus|183/312|[from] item: Leftovers\n|-damage|p2a: Eternatus|144/312|[from] move: Infestation|[partiallytrapped]\n|upkeep\n|turn|40\n|\n|t:|1770952029\n|move|p1a: Toxapex|Baneful Bunker|p1a: Toxapex\n|-singleturn|p1a: Toxapex|move: Protect\n|move|p2a: Eternatus|Cosmic Power|p2a: Eternatus\n|-boost|p2a: Eternatus|def|0\n|-boost|p2a: Eternatus|spd|0\n|\n|-heal|p2a: Eternatus|163/312|[from] item: Leftovers\n|-damage|p2a: Eternatus|124/312|[from] move: Infestation|[partiallytrapped]\n|upkeep\n|turn|41\n|\n|t:|1770952033\n|move|p1a: Toxapex|Baneful Bunker|p1a: Toxapex\n|-singleturn|p1a: Toxapex|move: Protect\n|move|p2a: Eternatus|Recover|p2a: Eternatus\n|-heal|p2a: Eternatus|280/312\n|\n|-heal|p2a: Eternatus|299/312|[from] item: Leftovers\n|-damage|p2a: Eternatus|260/312|[from] move: Infestation|[partiallytrapped]\n|upkeep\n|turn|42\n|\n|t:|1770952038\n|move|p1a: Toxapex|Baneful Bunker||[still]\n|-fail|p1a: Toxapex\n|move|p2a: Eternatus|Cosmic Power|p2a: Eternatus\n|-boost|p2a: Eternatus|def|0\n|-boost|p2a: Eternatus|spd|0\n|\n|-heal|p2a: Eternatus|279/312|[from] item: Leftovers\n|-damage|p2a: Eternatus|240/312|[from] move: Infestation|[partiallytrapped]\n|upkeep\n|turn|43\n|\n|t:|1770952045\n|move|p1a: Toxapex|Baneful Bunker|p1a: Toxapex\n|-singleturn|p1a: Toxapex|move: Protect\n|move|p2a: Eternatus|Cosmic Power|p2a: Eternatus\n|-boost|p2a: Eternatus|def|0\n|-boost|p2a: Eternatus|spd|0\n|\n|-heal|p2a: Eternatus|259/312|[from] item: Leftovers\n|-end|p2a: Eternatus|Infestation|[partiallytrapped]\n|upkeep\n|turn|44\n|\n|t:|1770952051\n|move|p2a: Eternatus|Cosmic Power|p2a: Eternatus\n|-boost|p2a: Eternatus|def|0\n|-boost|p2a: Eternatus|spd|0\n|move|p1a: Toxapex|Infestation|p2a: Eternatus\n|-resisted|p2a: Eternatus\n|-damage|p2a: Eternatus|257/312\n|-activate|p2a: Eternatus|move: Infestation|[of] p1a: Toxapex\n|\n|-heal|p2a: Eternatus|276/312|[from] item: Leftovers\n|-damage|p2a: Eternatus|237/312|[from] move: Infestation|[partiallytrapped]\n|upkeep\n|turn|45\n|\n|t:|1770952061\n|move|p1a: Toxapex|Baneful Bunker|p1a: Toxapex\n|-singleturn|p1a: Toxapex|move: Protect\n|move|p2a: Eternatus|Cosmic Power|p2a: Eternatus\n|-boost|p2a: Eternatus|def|0\n|-boost|p2a: Eternatus|spd|0\n|\n|-heal|p2a: Eternatus|256/312|[from] item: Leftovers\n|-damage|p2a: Eternatus|217/312|[from] move: Infestation|[partiallytrapped]\n|upkeep\n|turn|46\n|\n|t:|1770952067\n|move|p1a: Toxapex|Baneful Bunker||[still]\n|-fail|p1a: Toxapex\n|move|p2a: Eternatus|Cosmic Power|p2a: Eternatus\n|-boost|p2a: Eternatus|def|0\n|-boost|p2a: Eternatus|spd|0\n|\n|-heal|p2a: Eternatus|236/312|[from] item: Leftovers\n|-damage|p2a: Eternatus|197/312|[from] move: Infestation|[partiallytrapped]\n|upkeep\n|turn|47\n|\n|t:|1770952077\n|move|p1a: Toxapex|Baneful Bunker|p1a: Toxapex\n|-singleturn|p1a: Toxapex|move: Protect\n|move|p2a: Eternatus|Cosmic Power|p2a: Eternatus\n|-boost|p2a: Eternatus|def|0\n|-boost|p2a: Eternatus|spd|0\n|\n|-heal|p2a: Eternatus|216/312|[from] item: Leftovers\n|-damage|p2a: Eternatus|177/312|[from] move: Infestation|[partiallytrapped]\n|upkeep\n|turn|48\n|\n|t:|1770952080\n|move|p1a: Toxapex|Baneful Bunker|p1a: Toxapex\n|-singleturn|p1a: Toxapex|move: Protect\n|move|p2a: Eternatus|Cosmic Power|p2a: Eternatus\n|-boost|p2a: Eternatus|def|0\n|-boost|p2a: Eternatus|spd|0\n|\n|-heal|p2a: Eternatus|196/312|[from] item: Leftovers\n|-damage|p2a: Eternatus|157/312|[from] move: Infestation|[partiallytrapped]\n|upkeep\n|turn|49\n|\n|t:|1770952085\n|move|p1a: Toxapex|Baneful Bunker||[still]\n|-fail|p1a: Toxapex\n|move|p2a: Eternatus|Cosmic Power|p2a: Eternatus\n|-boost|p2a: Eternatus|def|0\n|-boost|p2a: Eternatus|spd|0\n|\n|-heal|p2a: Eternatus|176/312|[from] item: Leftovers\n|-end|p2a: Eternatus|Infestation|[partiallytrapped]\n|upkeep\n|turn|50\n|\n|t:|1770952092\n|move|p2a: Eternatus|Cosmic Power|p2a: Eternatus\n|-boost|p2a: Eternatus|def|0\n|-boost|p2a: Eternatus|spd|0\n|move|p1a: Toxapex|Infestation|p2a: Eternatus\n|-resisted|p2a: Eternatus\n|-damage|p2a: Eternatus|174/312\n|-activate|p2a: Eternatus|move: Infestation|[of] p1a: Toxapex\n|\n|-heal|p2a: Eternatus|193/312|[from] item: Leftovers\n|-damage|p2a: Eternatus|154/312|[from] move: Infestation|[partiallytrapped]\n|upkeep\n|turn|51\n|\n|t:|1770952098\n|move|p1a: Toxapex|Baneful Bunker|p1a: Toxapex\n|-singleturn|p1a: Toxapex|move: Protect\n|move|p2a: Eternatus|Cosmic Power|p2a: Eternatus\n|-boost|p2a: Eternatus|def|0\n|-boost|p2a: Eternatus|spd|0\n|\n|-heal|p2a: Eternatus|173/312|[from] item: Leftovers\n|-damage|p2a: Eternatus|134/312|[from] move: Infestation|[partiallytrapped]\n|upkeep\n|turn|52\n|\n|t:|1770952107\n|move|p2a: Eternatus|Recover|p2a: Eternatus\n|-heal|p2a: Eternatus|290/312\n|move|p1a: Toxapex|Recover||[still]\n|-fail|p1a: Toxapex|heal\n|\n|-heal|p2a: Eternatus|309/312|[from] item: Leftovers\n|-damage|p2a: Eternatus|270/312|[from] move: Infestation|[partiallytrapped]\n|upkeep\n|turn|53\n|\n|t:|1770952112\n|move|p2a: Eternatus|Flamethrower|p1a: Toxapex\n|-resisted|p1a: Toxapex\n|-damage|p1a: Toxapex|231/241\n|move|p1a: Toxapex|Recover|p1a: Toxapex\n|-heal|p1a: Toxapex|241/241\n|\n|-heal|p2a: Eternatus|289/312|[from] item: Leftovers\n|-damage|p2a: Eternatus|250/312|[from] move: Infestation|[partiallytrapped]\n|upkeep\n|turn|54\n|\n|t:|1770952122\n|move|p2a: Eternatus|Flamethrower|p1a: Toxapex\n|-resisted|p1a: Toxapex\n|-damage|p1a: Toxapex|231/241\n|move|p1a: Toxapex|Recover|p1a: Toxapex\n|-heal|p1a: Toxapex|241/241\n|\n|-heal|p2a: Eternatus|269/312|[from] item: Leftovers\n|-end|p2a: Eternatus|Infestation|[partiallytrapped]\n|upkeep\n|turn|55\n|\n|t:|1770952127\n|move|p2a: Eternatus|Flamethrower|p1a: Toxapex\n|-resisted|p1a: Toxapex\n|-damage|p1a: Toxapex|231/241\n|move|p1a: Toxapex|Infestation|p2a: Eternatus\n|-resisted|p2a: Eternatus\n|-damage|p2a: Eternatus|267/312\n|-activate|p2a: Eternatus|move: Infestation|[of] p1a: Toxapex\n|\n|-heal|p2a: Eternatus|286/312|[from] item: Leftovers\n|-heal|p1a: Toxapex|241/241|[from] item: Leftovers\n|-damage|p2a: Eternatus|247/312|[from] move: Infestation|[partiallytrapped]\n|upkeep\n|turn|56\n|\n|t:|1770952131\n|move|p2a: Eternatus|Flamethrower|p1a: Toxapex\n|-resisted|p1a: Toxapex\n|-crit|p1a: Toxapex\n|-damage|p1a: Toxapex|209/241\n|move|p1a: Toxapex|Recover|p1a: Toxapex\n|-heal|p1a: Toxapex|241/241\n|\n|-heal|p2a: Eternatus|266/312|[from] item: Leftovers\n|-damage|p2a: Eternatus|227/312|[from] move: Infestation|[partiallytrapped]\n|upkeep\n|turn|57\n|\n|t:|1770952137\n|move|p2a: Eternatus|Flamethrower|p1a: Toxapex\n|-resisted|p1a: Toxapex\n|-damage|p1a: Toxapex|232/241\n|move|p1a: Toxapex|Recover|p1a: Toxapex\n|-heal|p1a: Toxapex|241/241\n|\n|-heal|p2a: Eternatus|246/312|[from] item: Leftovers\n|-damage|p2a: Eternatus|207/312|[from] move: Infestation|[partiallytrapped]\n|upkeep\n|turn|58\n|\n|t:|1770952142\n|move|p2a: Eternatus|Flamethrower|p1a: Toxapex\n|-resisted|p1a: Toxapex\n|-damage|p1a: Toxapex|232/241\n|move|p1a: Toxapex|Recover|p1a: Toxapex\n|-heal|p1a: Toxapex|241/241\n|\n|-heal|p2a: Eternatus|226/312|[from] item: Leftovers\n|-damage|p2a: Eternatus|187/312|[from] move: Infestation|[partiallytrapped]\n|upkeep\n|turn|59\n|\n|t:|1770952147\n|move|p2a: Eternatus|Flamethrower|p1a: Toxapex\n|-resisted|p1a: Toxapex\n|-damage|p1a: Toxapex|232/241\n|move|p1a: Toxapex|Recover|p1a: Toxapex\n|-heal|p1a: Toxapex|241/241\n|\n|-heal|p2a: Eternatus|206/312|[from] item: Leftovers\n|-end|p2a: Eternatus|Infestation|[partiallytrapped]\n|upkeep\n|turn|60\n|\n|t:|1770952154\n|move|p2a: Eternatus|Flamethrower|p1a: Toxapex\n|-resisted|p1a: Toxapex\n|-damage|p1a: Toxapex|231/241\n|move|p1a: Toxapex|Infestation|p2a: Eternatus\n|-resisted|p2a: Eternatus\n|-damage|p2a: Eternatus|204/312\n|-activate|p2a: Eternatus|move: Infestation|[of] p1a: Toxapex\n|\n|-heal|p2a: Eternatus|223/312|[from] item: Leftovers\n|-heal|p1a: Toxapex|241/241|[from] item: Leftovers\n|-damage|p2a: Eternatus|184/312|[from] move: Infestation|[partiallytrapped]\n|upkeep\n|turn|61\n|\n|t:|1770952160\n|move|p2a: Eternatus|Flamethrower|p1a: Toxapex\n|-resisted|p1a: Toxapex\n|-damage|p1a: Toxapex|232/241\n|move|p1a: Toxapex|Infestation|p2a: Eternatus\n|-resisted|p2a: Eternatus\n|-damage|p2a: Eternatus|182/312\n|\n|-heal|p2a: Eternatus|201/312|[from] item: Leftovers\n|-heal|p1a: Toxapex|241/241|[from] item: Leftovers\n|-damage|p2a: Eternatus|162/312|[from] move: Infestation|[partiallytrapped]\n|upkeep\n|turn|62\n|\n|t:|1770952165\n|move|p2a: Eternatus|Flamethrower|p1a: Toxapex\n|-resisted|p1a: Toxapex\n|-damage|p1a: Toxapex|232/241\n|move|p1a: Toxapex|Infestation|p2a: Eternatus\n|-resisted|p2a: Eternatus\n|-damage|p2a: Eternatus|160/312\n|\n|-heal|p2a: Eternatus|179/312|[from] item: Leftovers\n|-heal|p1a: Toxapex|241/241|[from] item: Leftovers\n|-damage|p2a: Eternatus|140/312|[from] move: Infestation|[partiallytrapped]\n|upkeep\n|turn|63\n|\n|t:|1770952170\n|move|p2a: Eternatus|Recover|p2a: Eternatus\n|-heal|p2a: Eternatus|296/312\n|-activate|p1a: Toxapex|move: Struggle\n|move|p1a: Toxapex|Struggle|p2a: Eternatus\n|-damage|p2a: Eternatus|289/312\n|-damage|p1a: Toxapex|181/241|[from] recoil\n|\n|-heal|p2a: Eternatus|308/312|[from] item: Leftovers\n|-heal|p1a: Toxapex|196/241|[from] item: Leftovers\n|-damage|p2a: Eternatus|269/312|[from] move: Infestation|[partiallytrapped]\n|upkeep\n|turn|64\n|\n|t:|1770952173\n|move|p2a: Eternatus|Flamethrower|p1a: Toxapex\n|-resisted|p1a: Toxapex\n|-crit|p1a: Toxapex\n|-damage|p1a: Toxapex|167/241\n|-activate|p1a: Toxapex|move: Struggle\n|move|p1a: Toxapex|Struggle|p2a: Eternatus\n|-damage|p2a: Eternatus|263/312\n|-damage|p1a: Toxapex|107/241|[from] recoil\n|\n|-heal|p2a: Eternatus|282/312|[from] item: Leftovers\n|-heal|p1a: Toxapex|122/241|[from] item: Leftovers\n|-damage|p2a: Eternatus|243/312|[from] move: Infestation|[partiallytrapped]\n|upkeep\n|turn|65\n|\n|t:|1770952180\n|move|p2a: Eternatus|Flamethrower|p1a: Toxapex\n|-resisted|p1a: Toxapex\n|-damage|p1a: Toxapex|111/241\n|-activate|p1a: Toxapex|move: Struggle\n|move|p1a: Toxapex|Struggle|p2a: Eternatus\n|-damage|p2a: Eternatus|236/312\n|-damage|p1a: Toxapex|51/241|[from] recoil\n|\n|-heal|p2a: Eternatus|255/312|[from] item: Leftovers\n|-heal|p1a: Toxapex|66/241|[from] item: Leftovers\n|-end|p2a: Eternatus|Infestation|[partiallytrapped]\n|upkeep\n|turn|66\n|\n|t:|1770952186\n|move|p2a: Eternatus|Flamethrower|p1a: Toxapex\n|-resisted|p1a: Toxapex\n|-damage|p1a: Toxapex|56/241\n|-activate|p1a: Toxapex|move: Struggle\n|move|p1a: Toxapex|Struggle|p2a: Eternatus\n|-damage|p2a: Eternatus|248/312\n|-damage|p1a: Toxapex|0 fnt|[from] recoil\n|faint|p1a: Toxapex\n|\n|win|blfuller_4\n|raw|anlivcao's rating: 1869 &rarr; <strong>1847</strong><br />(-22 for losing)\n|raw|blfuller_4's rating: 1840 &rarr; <strong>1862</strong><br />(+22 for winning)\n|l|☆anlivcao\n|player|p1|\n", "inputlog": ">version ccdc32dd7cde25fd9e4bed64820e885f66e78a4e\n>start {\"formatid\":\"gen9randomdoublesbattle\",\"seed\":\"sodium,e642f67ef801ffcfd6c2789b2b04c7c2\",\"rated\":\"Rated battle\"}\n>player p1 {\"name\":\"anlivcao\",\"avatar\":\"roxie\",\"rating\":1869,\"seed\":\"sodium,172fe5ade62c9277cbac5b9333871876\"}\n>player p2 {\"name\":\"blfuller_4\",\"avatar\":\"skyla\",\"rating\":1840,\"seed\":\"sodium,f493bc510df979e635d563ee94667ac3\"}\n>p1 move poisongas, move protect\n>p2 move protect, move tailwind\n>p1 move poisongas, switch 4\n>p2 move doubleshock +2, move earthpower +1\n>p1 switch 4, move hypervoice terastallize\n>p2 switch 3, move earthpower +1\n>p1 move bravebird +2, move hypervoice\n>p2 move cosmicpower, move earthpower +2\n>p1 move quickattack +2, move hypervoice\n>p2 move recover, move earthpower +2\n>p2 pass, switch 6\n>p1 move bravebird +2, move hypervoice\n>p2 move flamethrower +2, move dragondarts +2\n>p1 switch 4, switch 5\n>p2 pass, switch 3\n>p1 move malignantchain +2, move protect\n>p2 move cosmicpower, move doubleshock +2 terastallize\n>p1 move partingshot +1, move dazzlinggleam\n>p2 move dynamaxcannon +2, move doubleshock +2\n>p1 switch 3, pass\n>p2 pass, switch 5\n>p1 move sleeppowder +1, move luminacrash +2\n>p2 move dynamaxcannon +1, move protect\n>p1 switch 6, move luminacrash +2\n>p2 move recover, move aquajet +2\n>p1 move infestation +2, switch 3\n>p2 move cosmicpower, move protect\n>p1 move infestation +2, move shadowball +2\n>p2 move cosmicpower, move wavecrash +2\n>p2 pass, switch 4\n>p1 move toxic +2, move partingshot +1\n>p2 move dynamaxcannon +2, move taunt +1\n>p1 pass, switch 6\n>p1 move infestation +2, move protect\n>p2 move cosmicpower, move taunt +2\n>p1 move infestation +1, switch 3\n>p2 move dynamaxcannon +1, move taunt +2\n>p1 move toxic +2, switch 6\n>p2 move dynamaxcannon +2, move thunderbolt +1\n>p1 pass, switch 6\n>p1 switch 3, move protect\n>p2 move recover, move thunderbolt +1\n>p1 switch 3, pass\n>p1 move infestation +1, move dazzlinggleam\n>p2 move dynamaxcannon +1, move thunderbolt +1\n>p1 move banefulbunker, pass\n>p2 move dynamaxcannon +1, pass\n>p1 move recover, pass\n>p2 move dynamaxcannon +1, pass\n>p1 move infestation +1, pass\n>p2 move cosmicpower, pass\n>p1 move infestation +1, pass\n>p2 move cosmicpower, pass\n>p1 move toxic +1, pass\n>p2 move cosmicpower, pass\n>p1 move infestation +1, pass\n>p2 move cosmicpower, pass\n>p1 move banefulbunker, pass\n>p2 move cosmicpower, pass\n>p1 move toxic +1, pass\n>p2 move cosmicpower, pass\n>p1 move banefulbunker, pass\n>p2 move cosmicpower, pass\n>p1 move toxic +1, pass\n>p2 move recover, pass\n>p1 move infestation +1, pass\n>p2 move cosmicpower, pass\n>p1 move toxic +1, pass\n>p2 move cosmicpower, pass\n>p1 move banefulbunker, pass\n>p2 move cosmicpower, pass\n>p1 move toxic +1, pass\n>p2 move cosmicpower, pass\n>p1 move banefulbunker, pass\n>p2 move cosmicpower, pass\n>p1 move infestation +1, pass\n>p2 move cosmicpower, pass\n>p1 move toxic +1, pass\n>p2 move cosmicpower, pass\n>p1 move toxic +1, pass\n>p2 move cosmicpower, pass\n>p1 move banefulbunker, pass\n>p2 move cosmicpower, pass\n>p1 move toxic +1, pass\n>p2 move cosmicpower, pass\n>p1 move infestation +1, pass\n>p2 move cosmicpower, pass\n>p1 move banefulbunker, pass\n>p2 move cosmicpower, pass\n>p1 move banefulbunker, pass\n>p2 move recover, pass\n>p1 move banefulbunker, pass\n>p2 move cosmicpower, pass\n>p1 move banefulbunker, pass\n>p2 move cosmicpower, pass\n>p1 move infestation +1, pass\n>p2 move cosmicpower, pass\n>p1 move banefulbunker, pass\n>p2 move cosmicpower, pass\n>p1 move banefulbunker, pass\n>p2 move cosmicpower, pass\n>p1 move banefulbunker, pass\n>p2 move cosmicpower, pass\n>p1 move banefulbunker, pass\n>p2 move cosmicpower, pass\n>p1 move banefulbunker, pass\n>p2 move cosmicpower, pass\n>p1 move infestation +1, pass\n>p2 move cosmicpower, pass\n>p1 move banefulbunker, pass\n>p2 move cosmicpower, pass\n>p1 move recover, pass\n>p2 move recover, pass\n>p1 move recover, pass\n>p2 move flamethrower +1, pass\n>p1 move recover, pass\n>p2 move flamethrower +1, pass\n>p1 move infestation +1, pass\n>p2 move flamethrower +1, pass\n>p1 move recover, pass\n>p2 move flamethrower +1, pass\n>p1 move recover, pass\n>p2 move flamethrower +1, pass\n>p1 move recover, pass\n>p2 move flamethrower +1, pass\n>p1 move recover, pass\n>p2 move flamethrower +1, pass\n>p1 move infestation +1, pass\n>p2 move flamethrower +1, pass\n>p1 move infestation +1, pass\n>p2 move flamethrower +1, pass\n>p1 move infestation +1, pass\n>p2 move flamethrower +1, pass\n>p1 move struggle, pass\n>p2 move recover, pass\n>p1 move struggle, pass\n>p2 move flamethrower +1, pass\n>p1 move struggle, pass\n>p2 move flamethrower +1, pass\n>p1 move struggle, pass\n>p2 move flamethrower +1, pass", "uploadtime": 1770952202, "views": 69, "formatid": "gen9randomdoublesbattle", "rating": 1847, "private": 0, "password": null}