{"id": "gen9randomdoublesbattle-2536373068", "format": "[Gen 9] Random Doubles Battle", "players": ["Robokiller87", "21hacky"], "log": "|j|☆Robokiller87\n|j|☆21hacky\n|t:|1770680174\n|gametype|doubles\n|player|p1|Robokiller87|102|1547\n|player|p2|21hacky|acetrainer-gen4dp|1646\n|gen|9\n|tier|[Gen 9] Random Doubles Battle\n|rated|\n|rule|Species Clause: Limit one of each Pokémon\n|rule|HP Percentage Mod: HP is shown in percentages\n|rule|Illusion Level Mod: Illusion disguises the Pokémon's true level\n|rule|Sleep Clause Mod: Limit one foe put to sleep\n|\n|t:|1770680174\n|teamsize|p1|6\n|teamsize|p2|6\n|start\n|switch|p1a: Annihilape|Annihilape, L77, F|296/296\n|switch|p1b: Porygon2|Porygon2, L82|274/274\n|switch|p2a: Glastrier|Glastrier, L80|291/291\n|switch|p2b: Whimsicott|Whimsicott, L80, M|227/227\n|-ability|p1b: Porygon2|Download|boost\n|-boost|p1b: Porygon2|spa|1\n|turn|1\n|inactive|Battle timer is ON: inactive players will automatically lose when time's up. (requested by 21hacky)\n|inactive|Robokiller87 has 120 seconds left.\n|\n|t:|1770680208\n|switch|p1a: Bellibolt|Bellibolt, L81, F|309/309\n|switch|p2a: Infernape|Infernape, L82, M|259/259\n|move|p2b: Whimsicott|Tailwind|p2b: Whimsicott\n|-sidestart|p2: 21hacky|move: Tailwind\n|move|p1b: Porygon2|Trick Room|p1b: Porygon2\n|-fieldstart|move: Trick Room|[of] p1b: Porygon2\n|\n|upkeep\n|turn|2\n|\n|t:|1770680235\n|move|p2b: Whimsicott|Encore|p1b: Porygon2\n|-start|p1b: Porygon2|Encore\n|move|p1b: Porygon2|Trick Room|p1b: Porygon2\n|-fieldend|move: Trick Room\n|move|p2a: Infernape|Knock Off|p1a: Bellibolt\n|-damage|p1a: Bellibolt|213/309\n|-start|p1a: Bellibolt|Charge|Knock Off|[from] ability: Electromorphosis\n|-enditem|p1a: Bellibolt|Sitrus Berry|[from] move: Knock Off|[of] p2a: Infernape\n|-damage|p2a: Infernape|234/259|[from] item: Life Orb\n|move|p1a: Bellibolt|Muddy Water|p2b: Whimsicott|[spread] p2a,p2b\n|-supereffective|p2a: Infernape\n|-resisted|p2b: Whimsicott\n|-damage|p2a: Infernape|126/259\n|-damage|p2b: Whimsicott|199/227\n|\n|upkeep\n|turn|3\n|\n|t:|1770680262\n|switch|p1b: Delibird|Delibird, M|252/252\n|move|p2b: Whimsicott|Moonblast|p1b: Delibird\n|-damage|p1b: Delibird|144/252\n|-unboost|p1b: Delibird|spa|1\n|move|p2a: Infernape|Close Combat|p1a: Bellibolt\n|-damage|p1a: Bellibolt|60/309\n|-unboost|p2a: Infernape|def|1\n|-unboost|p2a: Infernape|spd|1\n|-start|p1a: Bellibolt|Charge|Close Combat|[from] ability: Electromorphosis\n|-damage|p2a: Infernape|101/259|[from] item: Life Orb\n|move|p1a: Bellibolt|Muddy Water|p2b: Whimsicott|[spread] p2a,p2b\n|-supereffective|p2a: Infernape\n|-resisted|p2b: Whimsicott\n|-damage|p2a: Infernape|0 fnt\n|-damage|p2b: Whimsicott|171/227\n|faint|p2a: Infernape\n|\n|upkeep\n|inactive|21hacky has 120 seconds left.\n|\n|t:|1770680303\n|switch|p2a: Greedent|Greedent, L86, M|347/347\n|turn|4\n|inactive|Robokiller87 has 120 seconds left.\n|\n|t:|1770680342\n|switch|p2b: Clefairy|Clefairy, L98, F|296/296\n|move|p1b: Delibird|Fake Out|p2b: Clefairy\n|-damage|p2b: Clefairy|273/296\n|move|p2a: Greedent|Swords Dance|p2a: Greedent\n|-boost|p2a: Greedent|atk|2\n|move|p1a: Bellibolt|Thunder Wave|p2a: Greedent|[miss]\n|-miss|p1a: Bellibolt|p2a: Greedent\n|-end|p1a: Bellibolt|Charge|[silent]\n|\n|-sideend|p2: 21hacky|move: Tailwind\n|upkeep\n|turn|5\n|inactive|21hacky has 120 seconds left.\n|\n|t:|1770680369\n|move|p2b: Clefairy|Follow Me|p2b: Clefairy\n|-singleturn|p2b: Clefairy|move: Follow Me\n|move|p1b: Delibird|Icy Wind|p2a: Greedent|[spread] p2a,p2b\n|-damage|p2a: Greedent|322/347\n|-damage|p2b: Clefairy|251/296\n|-unboost|p2a: Greedent|spe|1\n|-unboost|p2b: Clefairy|spe|1\n|move|p1a: Bellibolt|Muddy Water|p2a: Greedent|[spread] p2b\n|-miss|p1a: Bellibolt|p2a: Greedent\n|-damage|p2b: Clefairy|220/296\n|move|p2a: Greedent|Double-Edge|p1b: Delibird\n|-damage|p1b: Delibird|0 fnt\n|faint|p1b: Delibird\n|-damage|p2a: Greedent|274/347|[from] Recoil\n|\n|upkeep\n|inactive|Robokiller87 has 120 seconds left.\n|\n|t:|1770680395\n|switch|p1b: Annihilape|Annihilape, L77, F|296/296\n|turn|6\n|\n|t:|1770680408\n|move|p1b: Annihilape|Protect|p1b: Annihilape\n|-singleturn|p1b: Annihilape|Protect\n|move|p2b: Clefairy|Follow Me|p2b: Clefairy\n|-singleturn|p2b: Clefairy|move: Follow Me\n|move|p1a: Bellibolt|Thunder Wave|p2b: Clefairy\n|-status|p2b: Clefairy|par\n|move|p2a: Greedent|Knock Off|p1b: Annihilape\n|-activate|p1b: Annihilape|move: Protect\n|\n|upkeep\n|turn|7\n|\n|t:|1770680427\n|-terastallize|p1b: Annihilape|Steel\n|cant|p2b: Clefairy|par\n|move|p1b: Annihilape|Bulk Up|p1b: Annihilape\n|-boost|p1b: Annihilape|atk|1\n|-boost|p1b: Annihilape|def|1\n|move|p1a: Bellibolt|Thunder Wave|p2a: Greedent\n|-status|p2a: Greedent|par\n|move|p2a: Greedent|Knock Off|p1a: Bellibolt\n|-damage|p1a: Bellibolt|0 fnt\n|faint|p1a: Bellibolt\n|\n|upkeep\n|\n|t:|1770680435\n|switch|p1a: Bellossom|Bellossom, L87, M|272/272\n|turn|8\n|\n|t:|1770680448\n|move|p2b: Clefairy|Follow Me|p2b: Clefairy\n|-singleturn|p2b: Clefairy|move: Follow Me\n|move|p1b: Annihilape|Bulk Up|p1b: Annihilape\n|-boost|p1b: Annihilape|atk|1\n|-boost|p1b: Annihilape|def|1\n|move|p1a: Bellossom|Quiver Dance|p1a: Bellossom\n|-boost|p1a: Bellossom|spa|1\n|-boost|p1a: Bellossom|spd|1\n|-boost|p1a: Bellossom|spe|1\n|cant|p2a: Greedent|par\n|\n|upkeep\n|turn|9\n|\n|t:|1770680465\n|move|p2b: Clefairy|Helping Hand|p2a: Greedent\n|-singleturn|p2a: Greedent|Helping Hand|[of] p2b: Clefairy\n|move|p1a: Bellossom|Protect|p1a: Bellossom\n|-singleturn|p1a: Bellossom|Protect\n|move|p1b: Annihilape|Rage Fist|p2b: Clefairy\n|-damage|p2b: Clefairy|130/296 par\n|move|p2a: Greedent|High Horsepower|p1b: Annihilape\n|-supereffective|p1b: Annihilape\n|-damage|p1b: Annihilape|54/296\n|\n|-heal|p1b: Annihilape|72/296|[from] item: Leftovers\n|upkeep\n|turn|10\n|\n|t:|1770680483\n|move|p1b: Annihilape|Protect|p1b: Annihilape\n|-singleturn|p1b: Annihilape|Protect\n|move|p1a: Bellossom|Giga Drain|p2b: Clefairy\n|-damage|p2b: Clefairy|49/296 par\n|move|p2b: Clefairy|Life Dew|p2b: Clefairy|[spread] p2a,p2b\n|-heal|p2a: Greedent|347/347 par\n|-heal|p2b: Clefairy|123/296 par\n|move|p2a: Greedent|Double-Edge|p1a: Bellossom\n|-damage|p1a: Bellossom|34/272\n|-enditem|p1a: Bellossom|Sitrus Berry|[eat]\n|-heal|p1a: Bellossom|102/272|[from] item: Sitrus Berry\n|-damage|p2a: Greedent|268/347 par|[from] Recoil\n|\n|-heal|p1b: Annihilape|90/296|[from] item: Leftovers\n|upkeep\n|turn|11\n|\n|t:|1770680502\n|move|p1a: Bellossom|Giga Drain|p2b: Clefairy\n|-damage|p2b: Clefairy|38/296 par\n|-heal|p1a: Bellossom|145/272|[from] drain|[of] p2b: Clefairy\n|move|p1b: Annihilape|Drain Punch|p2a: Greedent\n|-supereffective|p2a: Greedent\n|-damage|p2a: Greedent|66/347 par\n|-heal|p1b: Annihilape|191/296|[from] drain|[of] p2a: Greedent\n|-enditem|p2a: Greedent|Sitrus Berry|[eat]\n|-heal|p2a: Greedent|152/347 par|[from] item: Sitrus Berry\n|-heal|p2a: Greedent|267/347 par|[from] ability: Cheek Pouch\n|move|p2b: Clefairy|Life Dew|p2b: Clefairy|[spread] p2a,p2b\n|-heal|p2a: Greedent|347/347 par\n|-heal|p2b: Clefairy|112/296 par\n|cant|p2a: Greedent|par\n|\n|-heal|p1b: Annihilape|209/296|[from] item: Leftovers\n|upkeep\n|turn|12\n|inactive|21hacky has 120 seconds left.\n|\n|t:|1770680538\n|cant|p2b: Clefairy|par\n|move|p1b: Annihilape|Protect|p1b: Annihilape\n|-singleturn|p1b: Annihilape|Protect\n|move|p1a: Bellossom|Giga Drain|p2b: Clefairy\n|-damage|p2b: Clefairy|19/296 par\n|-heal|p1a: Bellossom|192/272|[from] drain|[of] p2b: Clefairy\n|move|p2a: Greedent|High Horsepower|p1b: Annihilape\n|-activate|p1b: Annihilape|move: Protect\n|\n|-heal|p1b: Annihilape|227/296|[from] item: Leftovers\n|upkeep\n|turn|13\n|\n|t:|1770680554\n|move|p2b: Clefairy|Helping Hand|p2a: Greedent\n|-singleturn|p2a: Greedent|Helping Hand|[of] p2b: Clefairy\n|move|p1a: Bellossom|Giga Drain|p2b: Clefairy\n|-damage|p2b: Clefairy|0 fnt\n|-heal|p1a: Bellossom|202/272|[from] drain|[of] p2b: Clefairy\n|faint|p2b: Clefairy\n|move|p1b: Annihilape|Drain Punch|p2a: Greedent\n|-supereffective|p2a: Greedent\n|-damage|p2a: Greedent|71/347 par\n|-heal|p1b: Annihilape|296/296|[from] drain|[of] p2a: Greedent\n|move|p2a: Greedent|High Horsepower|p1b: Annihilape\n|-supereffective|p1b: Annihilape\n|-damage|p1b: Annihilape|70/296\n|\n|-heal|p1b: Annihilape|88/296|[from] item: Leftovers\n|upkeep\n|inactive|21hacky has 120 seconds left.\n|\n|t:|1770680577\n|switch|p2b: Glastrier|Glastrier, L80|291/291\n|turn|14\n|\n|t:|1770680591\n|move|p1a: Bellossom|Baton Pass|p1a: Bellossom\n|\n|t:|1770680598\n|switch|p1a: Porygon2|Porygon2, L82|274/274|[from] Baton Pass\n|-ability|p1a: Porygon2|Download|boost\n|-boost|p1a: Porygon2|spa|1\n|move|p1b: Annihilape|Drain Punch|p2a: Greedent\n|-supereffective|p2a: Greedent\n|-damage|p2a: Greedent|0 fnt\n|-heal|p1b: Annihilape|124/296|[from] drain|[of] p2a: Greedent\n|faint|p2a: Greedent\n|move|p2b: Glastrier|Icicle Crash|p1a: Porygon2\n|-damage|p1a: Porygon2|192/274\n|\n|-heal|p1b: Annihilape|142/296|[from] item: Leftovers\n|upkeep\n|-message|21hacky forfeited.\n|\n|win|Robokiller87\n|raw|Robokiller87's rating: 1547 &rarr; <strong>1573</strong><br />(+26 for winning)\n|raw|21hacky's rating: 1646 &rarr; <strong>1620</strong><br />(-26 for losing)\n|l|☆21hacky\n|player|p2|\n|c|☆Robokiller87|Gg\n", "inputlog": ">version ccdc32dd7cde25fd9e4bed64820e885f66e78a4e\n>start {\"formatid\":\"gen9randomdoublesbattle\",\"seed\":\"sodium,51e22399aafad062468f64aa94c42183\",\"rated\":\"Rated battle\"}\n>player p1 {\"name\":\"Robokiller87\",\"avatar\":\"102\",\"rating\":1547,\"seed\":\"sodium,ee65b90251ecf93465bef41fd738ef82\"}\n>player p2 {\"name\":\"21hacky\",\"avatar\":\"acetrainer-gen4dp\",\"rating\":1646,\"seed\":\"sodium,3244b9cc98e6800f7714f39ff4e82d83\"}\n>p1 switch 3, move trickroom\n>p2 switch 3, move tailwind\n>p1 move muddywater, move terablast +1\n>p2 move knockoff +1, move encore +2\n>p1 move muddywater, switch 6\n>p2 move closecombat +1, move moonblast +2\n>p2 switch 4, pass\n>p1 move thunderwave +1, move fakeout +2\n>p2 move swordsdance, switch 5\n>p1 move muddywater, move icywind\n>p2 move doubleedge +2, move followme\n>p1 pass, switch 3\n>p1 move thunderwave +1, move protect\n>p2 move knockoff +2, move followme\n>p1 move thunderwave +1, move bulkup terastallize\n>p2 move knockoff +1, move followme\n>p1 switch 4, pass\n>p1 move quiverdance, move bulkup\n>p2 move highhorsepower +2, move followme\n>p1 move protect, move ragefist +2\n>p2 move highhorsepower +2, move helpinghand -1\n>p1 move gigadrain +2, move protect\n>p2 move doubleedge +1, move lifedew\n>p1 move gigadrain +2, move drainpunch +1\n>p2 move highhorsepower +2, move lifedew\n>p1 move gigadrain +2, move protect\n>p2 move highhorsepower +2, move helpinghand -1\n>p1 move gigadrain +2, move drainpunch +1\n>p2 move highhorsepower +2, move helpinghand -1\n>p2 pass, switch 3\n>p1 move batonpass, move drainpunch +1\n>p2 move doubleedge +1, move iciclecrash +1\n>p1 switch 6, pass\n>forcelose p2", "uploadtime": 1770680635, "views": 66, "formatid": "gen9randomdoublesbattle", "rating": 1573, "private": 0, "password": null}