{"id": "gen9randomdoublesbattle-2536033079", "format": "[Gen 9] Random Doubles Battle", "players": ["Rudeus quagmire", "GABRI GOHAN"], "log": "|j|☆Rudeus quagmire\n|j|☆GABRI GOHAN\n|t:|1770647719\n|gametype|doubles\n|player|p1|Rudeus quagmire|265|1591\n|player|p2|GABRI GOHAN|265|1663\n|gen|9\n|tier|[Gen 9] Random Doubles Battle\n|rated|\n|rule|Species Clause: Limit one of each Pokémon\n|rule|HP Percentage Mod: HP is shown in percentages\n|rule|Illusion Level Mod: Illusion disguises the Pokémon's true level\n|rule|Sleep Clause Mod: Limit one foe put to sleep\n|\n|t:|1770647719\n|teamsize|p1|6\n|teamsize|p2|6\n|start\n|switch|p1a: Rabsca|Rabsca, L87, F|272/272\n|switch|p1b: Whimsicott|Whimsicott, L80, F|227/227\n|switch|p2a: Sandaconda|Sandaconda, L88, M|270/270\n|switch|p2b: Eiscue|Eiscue, L89, M|278/278\n|turn|1\n|inactive|Battle timer is ON: inactive players will automatically lose when time's up. (requested by Rudeus quagmire)\n|\n|t:|1770647745\n|switch|p1a: Glimmora|Glimmora, L77, M|254/254\n|move|p1b: Whimsicott|Moonblast|p2a: Sandaconda\n|-damage|p2a: Sandaconda|179/270\n|move|p2a: Sandaconda|Coil|p2a: Sandaconda\n|-boost|p2a: Sandaconda|atk|1\n|-boost|p2a: Sandaconda|def|1\n|-boost|p2a: Sandaconda|accuracy|1\n|move|p2b: Eiscue|Belly Drum|p2b: Eiscue\n|-damage|p2b: Eiscue|139/278\n|-setboost|p2b: Eiscue|atk|6|[from] move: Belly Drum\n|-enditem|p2b: Eiscue|Sitrus Berry|[eat]\n|-heal|p2b: Eiscue|208/278|[from] item: Sitrus Berry\n|\n|-heal|p2a: Sandaconda|195/270|[from] item: Leftovers\n|upkeep\n|turn|2\n|inactive|GABRI GOHAN has 120 seconds left.\n|\n|t:|1770647775\n|-terastallize|p2a: Sandaconda|Steel\n|move|p1b: Whimsicott|Encore|p2b: Eiscue\n|-start|p2b: Eiscue|Encore\n|move|p1a: Glimmora|Mortal Spin|p2a: Sandaconda|[spread] p2b\n|-immune|p2a: Sandaconda\n|-activate|p2b: Eiscue|ability: Ice Face\n|-damage|p2b: Eiscue|208/278\n|-status|p2b: Eiscue|psn\n|detailschange|p2b: Eiscue|Eiscue-Noice, L89, M\n|move|p2b: Eiscue|Belly Drum||[still]\n|-fail|p2b: Eiscue\n|move|p2a: Sandaconda|Coil|p2a: Sandaconda\n|-boost|p2a: Sandaconda|atk|1\n|-boost|p2a: Sandaconda|def|1\n|-boost|p2a: Sandaconda|accuracy|1\n|\n|-heal|p2a: Sandaconda|211/270|[from] item: Leftovers\n|-damage|p2b: Eiscue|174/278 psn|[from] psn\n|upkeep\n|turn|3\n|inactive|GABRI GOHAN has 120 seconds left.\n|inactive|Rudeus quagmire has 120 seconds left.\n|\n|t:|1770647824\n|switch|p2b: Entei|Entei, L77|304/304\n|move|p1b: Whimsicott|Encore|p2a: Sandaconda\n|-start|p2a: Sandaconda|Encore\n|move|p1a: Glimmora|Sludge Bomb|p2b: Entei\n|-damage|p2b: Entei|184/304\n|-status|p2b: Entei|psn\n|move|p2a: Sandaconda|Coil|p2a: Sandaconda\n|-boost|p2a: Sandaconda|atk|1\n|-boost|p2a: Sandaconda|def|1\n|-boost|p2a: Sandaconda|accuracy|1\n|\n|-heal|p2a: Sandaconda|227/270|[from] item: Leftovers\n|-damage|p2b: Entei|146/304 psn|[from] psn\n|upkeep\n|turn|4\n|inactive|Rudeus quagmire has 120 seconds left.\n|inactive|GABRI GOHAN has 120 seconds left.\n|\n|t:|1770647843\n|move|p1b: Whimsicott|Tailwind|p1b: Whimsicott\n|-sidestart|p1: Rudeus quagmire|move: Tailwind\n|move|p1a: Glimmora|Power Gem|p2b: Entei\n|-supereffective|p2b: Entei\n|-damage|p2b: Entei|0 fnt\n|faint|p2b: Entei\n|move|p2a: Sandaconda|Coil|p2a: Sandaconda\n|-boost|p2a: Sandaconda|atk|1\n|-boost|p2a: Sandaconda|def|1\n|-boost|p2a: Sandaconda|accuracy|1\n|\n|-heal|p2a: Sandaconda|243/270|[from] item: Leftovers\n|upkeep\n|\n|t:|1770647859\n|switch|p2b: Eiscue|Eiscue-Noice, L89, M|174/278 psn\n|turn|5\n|\n|t:|1770647871\n|move|p1b: Whimsicott|Moonblast|p2b: Eiscue\n|-damage|p2b: Eiscue|59/278 psn\n|move|p1a: Glimmora|Power Gem|p2b: Eiscue\n|-supereffective|p2b: Eiscue\n|-damage|p2b: Eiscue|0 fnt\n|faint|p2b: Eiscue\n|move|p2a: Sandaconda|Coil|p2a: Sandaconda\n|-boost|p2a: Sandaconda|atk|1\n|-boost|p2a: Sandaconda|def|1\n|-boost|p2a: Sandaconda|accuracy|1\n|\n|-heal|p2a: Sandaconda|259/270|[from] item: Leftovers\n|-end|p2a: Sandaconda|Encore\n|upkeep\n|inactive|GABRI GOHAN has 120 seconds left.\n|\n|t:|1770647888\n|switch|p2b: Necrozma|Necrozma, L80|286/286\n|turn|6\n|\n|t:|1770647896\n|move|p1b: Whimsicott|Encore|p2a: Sandaconda\n|-start|p2a: Sandaconda|Encore\n|move|p1a: Glimmora|Mortal Spin|p2b: Necrozma|[spread] p2b\n|-immune|p2a: Sandaconda\n|-damage|p2b: Necrozma|273/286\n|-status|p2b: Necrozma|psn\n|move|p2a: Sandaconda|Coil|p2a: Sandaconda\n|-boost|p2a: Sandaconda|atk|1\n|-boost|p2a: Sandaconda|def|1\n|-boost|p2a: Sandaconda|accuracy|1\n|move|p2b: Necrozma|Photon Geyser|p1b: Whimsicott\n|-damage|p1b: Whimsicott|79/227\n|-enditem|p1b: Whimsicott|Sitrus Berry|[eat]\n|-heal|p1b: Whimsicott|135/227|[from] item: Sitrus Berry\n|\n|-heal|p2a: Sandaconda|270/270|[from] item: Leftovers\n|-damage|p2b: Necrozma|238/286 psn|[from] psn\n|upkeep\n|turn|7\n|\n|t:|1770647921\n|move|p1b: Whimsicott|Moonblast|p2b: Necrozma\n|-damage|p2b: Necrozma|162/286 psn\n|move|p1a: Glimmora|Sludge Bomb|p2b: Necrozma\n|-damage|p2b: Necrozma|66/286 psn\n|move|p2a: Sandaconda|Coil|p2a: Sandaconda\n|-boost|p2a: Sandaconda|atk|0\n|-boost|p2a: Sandaconda|def|0\n|-boost|p2a: Sandaconda|accuracy|0\n|move|p2b: Necrozma|Photon Geyser|p1b: Whimsicott\n|-damage|p1b: Whimsicott|0 fnt\n|faint|p1b: Whimsicott\n|\n|-damage|p2b: Necrozma|31/286 psn|[from] psn\n|-sideend|p1: Rudeus quagmire|move: Tailwind\n|upkeep\n|inactive|Rudeus quagmire has 120 seconds left.\n|\n|t:|1770647947\n|switch|p1b: Ampharos|Ampharos, L86, M|295/295\n|turn|8\n|\n|t:|1770647953\n|move|p1a: Glimmora|Sludge Bomb|p2b: Necrozma\n|-damage|p2b: Necrozma|0 fnt\n|faint|p2b: Necrozma\n|move|p2a: Sandaconda|Coil|p2a: Sandaconda\n|-boost|p2a: Sandaconda|atk|0\n|-boost|p2a: Sandaconda|def|0\n|-boost|p2a: Sandaconda|accuracy|0\n|move|p1b: Ampharos|Focus Blast|p2a: Sandaconda\n|-supereffective|p2a: Sandaconda\n|-damage|p2a: Sandaconda|36/270\n|\n|-heal|p2a: Sandaconda|52/270|[from] item: Leftovers\n|-end|p2a: Sandaconda|Encore\n|upkeep\n|\n|t:|1770647969\n|switch|p2b: Morpeko|Morpeko, L88, M|245/245\n|turn|9\n|\n|t:|1770647977\n|-terastallize|p1b: Ampharos|Flying\n|move|p2b: Morpeko|Knock Off|p1b: Ampharos\n|-damage|p1b: Ampharos|147/295\n|-enditem|p1b: Ampharos|Sitrus Berry|[from] move: Knock Off|[of] p2b: Morpeko\n|-damage|p2b: Morpeko|221/245|[from] item: Life Orb\n|move|p1a: Glimmora|Mortal Spin|p2b: Morpeko|[spread] p2b\n|-immune|p2a: Sandaconda\n|-damage|p2b: Morpeko|205/245\n|-status|p2b: Morpeko|psn\n|move|p2a: Sandaconda|Rest|p2a: Sandaconda\n|-status|p2a: Sandaconda|slp|[from] move: Rest\n|-heal|p2a: Sandaconda|270/270 slp|[silent]\n|move|p1b: Ampharos|Thunderbolt|p2a: Sandaconda\n|-damage|p2a: Sandaconda|147/270 slp\n|\n|-activate|p2a: Sandaconda|ability: Shed Skin\n|-curestatus|p2a: Sandaconda|slp|[msg]\n|-heal|p2a: Sandaconda|163/270|[from] item: Leftovers\n|-damage|p2b: Morpeko|175/245 psn|[from] psn\n|-formechange|p2b: Morpeko|Morpeko-Hangry||[from] ability: Hunger Switch\n|upkeep\n|turn|10\n|inactive|Rudeus quagmire has 120 seconds left.\n|inactive|Rudeus quagmire has 90 seconds left.\n|\n|t:|1770648061\n|move|p1b: Ampharos|Helping Hand|p1a: Glimmora\n|-singleturn|p1a: Glimmora|Helping Hand|[of] p1b: Ampharos\n|move|p2b: Morpeko|Volt Switch|p1b: Ampharos\n|-supereffective|p1b: Ampharos\n|-damage|p1b: Ampharos|0 fnt\n|faint|p1b: Ampharos\n|-damage|p2b: Morpeko|151/245 psn|[from] item: Life Orb\n|\n|t:|1770648069\n|switch|p2b: Iron Hands|Iron Hands, L77|364/364|[from] Volt Switch\n|move|p1a: Glimmora|Power Gem|p2a: Sandaconda\n|-resisted|p2a: Sandaconda\n|-crit|p2a: Sandaconda\n|-damage|p2a: Sandaconda|54/270\n|move|p2a: Sandaconda|High Horsepower|p1a: Glimmora\n|-supereffective|p1a: Glimmora\n|-damage|p1a: Glimmora|0 fnt\n|-activate|p1a: Glimmora|ability: Toxic Debris\n|-sidestart|p2: GABRI GOHAN|move: Toxic Spikes\n|faint|p1a: Glimmora\n|\n|-heal|p2a: Sandaconda|70/270|[from] item: Leftovers\n|upkeep\n|\n|t:|1770648076\n|switch|p1a: Heracross|Heracross, L82, F|265/265\n|switch|p1b: Raging Bolt|Raging Bolt, L77|319/319\n|turn|11\n|inactive|Rudeus quagmire has 90 seconds left.\n|\n|t:|1770648092\n|move|p1a: Heracross|Protect|p1a: Heracross\n|-singleturn|p1a: Heracross|Protect\n|move|p2a: Sandaconda|Rest|p2a: Sandaconda\n|-status|p2a: Sandaconda|slp|[from] move: Rest\n|-heal|p2a: Sandaconda|270/270 slp|[silent]\n|move|p1b: Raging Bolt|Thunderbolt|p2a: Sandaconda\n|-damage|p2a: Sandaconda|118/270 slp\n|-damage|p1b: Raging Bolt|288/319|[from] item: Life Orb\n|move|p2b: Iron Hands|Swords Dance|p2b: Iron Hands\n|-boost|p2b: Iron Hands|atk|2\n|\n|-activate|p2a: Sandaconda|ability: Shed Skin\n|-curestatus|p2a: Sandaconda|slp|[msg]\n|-heal|p2a: Sandaconda|134/270|[from] item: Leftovers\n|-status|p1a: Heracross|brn|[from] item: Flame Orb\n|upkeep\n|turn|12\n|\n|t:|1770648114\n|move|p1a: Heracross|Close Combat|p2a: Sandaconda\n|-supereffective|p2a: Sandaconda\n|-damage|p2a: Sandaconda|48/270\n|-unboost|p1a: Heracross|def|1\n|-unboost|p1a: Heracross|spd|1\n|move|p2a: Sandaconda|High Horsepower|p1b: Raging Bolt\n|-supereffective|p1b: Raging Bolt\n|-damage|p1b: Raging Bolt|0 fnt\n|faint|p1b: Raging Bolt\n|-end|p1b: Raging Bolt|Protosynthesis|[silent]\n|move|p2b: Iron Hands|Drain Punch|p1a: Heracross\n|-resisted|p1a: Heracross\n|-damage|p1a: Heracross|118/265 brn\n|\n|-heal|p2a: Sandaconda|64/270|[from] item: Leftovers\n|-damage|p1a: Heracross|102/265 brn|[from] brn\n|upkeep\n|\n|t:|1770648118\n|switch|p1b: Rabsca|Rabsca, L87, F|272/272\n|turn|13\n|\n|t:|1770648133\n|move|p1a: Heracross|Close Combat|p2a: Sandaconda\n|-supereffective|p2a: Sandaconda\n|-damage|p2a: Sandaconda|0 fnt\n|-unboost|p1a: Heracross|def|1\n|-unboost|p1a: Heracross|spd|1\n|faint|p2a: Sandaconda\n|move|p2b: Iron Hands|Drain Punch|p1a: Heracross\n|-resisted|p1a: Heracross\n|-damage|p1a: Heracross|0 fnt\n|faint|p1a: Heracross\n|move|p1b: Rabsca|Revival Blessing|p1b: Rabsca\n|\n|t:|1770648149\n|-heal|p1: Whimsicott|113/227|[from] move: Revival Blessing\n|\n|upkeep\n|\n|t:|1770648153\n|switch|p1a: Whimsicott|Whimsicott, L80, F|113/227\n|switch|p2a: Morpeko|Morpeko, L88, M|151/245 psn\n|turn|14\n|\n|t:|1770648163\n|move|p1a: Whimsicott|Moonblast|p2a: Morpeko\n|-supereffective|p2a: Morpeko\n|-damage|p2a: Morpeko|0 fnt\n|faint|p2a: Morpeko\n|move|p2b: Iron Hands|Thunder Punch|p1b: Rabsca\n|-damage|p1b: Rabsca|86/272\n|-enditem|p1b: Rabsca|Sitrus Berry|[eat]\n|-heal|p1b: Rabsca|154/272|[from] item: Sitrus Berry\n|move|p1b: Rabsca|Psychic|p2b: Iron Hands\n|-supereffective|p2b: Iron Hands\n|-damage|p2b: Iron Hands|82/364\n|\n|-heal|p2b: Iron Hands|104/364|[from] item: Leftovers\n|upkeep\n|turn|15\n|\n|t:|1770648177\n|move|p2b: Iron Hands|Protect|p2b: Iron Hands\n|-singleturn|p2b: Iron Hands|Protect\n|move|p1a: Whimsicott|Moonblast|p2b: Iron Hands\n|-activate|p2b: Iron Hands|move: Protect\n|move|p1b: Rabsca|Psychic|p2b: Iron Hands\n|-activate|p2b: Iron Hands|move: Protect\n|\n|-heal|p2b: Iron Hands|126/364|[from] item: Leftovers\n|upkeep\n|turn|16\n|\n|t:|1770648188\n|move|p1a: Whimsicott|Encore|p2b: Iron Hands\n|-start|p2b: Iron Hands|Encore\n|move|p2b: Iron Hands|Protect||[still]\n|-fail|p2b: Iron Hands\n|move|p1b: Rabsca|Struggle Bug|p2b: Iron Hands\n|-resisted|p2b: Iron Hands\n|-damage|p2b: Iron Hands|85/364\n|-unboost|p2b: Iron Hands|spa|1\n|\n|-heal|p2b: Iron Hands|107/364|[from] item: Leftovers\n|upkeep\n|turn|17\n|-message|GABRI GOHAN forfeited.\n|\n|win|Rudeus quagmire\n|raw|Rudeus quagmire's rating: 1571 &rarr; <strong>1596</strong><br />(+25 for winning)\n|raw|GABRI GOHAN's rating: 1663 &rarr; <strong>1638</strong><br />(-25 for losing)\n|l|☆GABRI GOHAN\n|player|p2|\n", "inputlog": ">version ccdc32dd7cde25fd9e4bed64820e885f66e78a4e\n>start {\"formatid\":\"gen9randomdoublesbattle\",\"seed\":\"sodium,dc88156adb629af262c0e10187463d49\",\"rated\":\"Rated battle\"}\n>player p1 {\"name\":\"Rudeus quagmire\",\"avatar\":\"265\",\"rating\":1591,\"seed\":\"sodium,5f01fcf9c8a618a3e49af5193a81728f\"}\n>player p2 {\"name\":\"GABRI GOHAN\",\"avatar\":\"265\",\"rating\":1663,\"seed\":\"sodium,fa04cf81d5a1f07e6ca4611c10e34863\"}\n>p1 switch 3, move moonblast +1\n>p2 move coil, move bellydrum\n>p1 move mortalspin, move encore +2\n>p2 move coil terastallize, move icespinner +2\n>p1 move sludgebomb +2, move encore +1\n>p2 move highhorsepower +1, switch 6\n>p1 move powergem +2, move tailwind\n>p2 move coil, move sacredfire +2\n>p2 pass, switch 6\n>p1 move powergem +2, move moonblast +2\n>p2 move coil, move icespinner +2\n>p2 pass, switch 5\n>p1 move mortalspin, move encore +1\n>p2 move highhorsepower +1, move photongeyser +2\n>p1 move sludgebomb +2, move moonblast +2\n>p2 move coil, move photongeyser +2\n>p1 pass, switch 6\n>p1 move sludgebomb +2, move focusblast +1\n>p2 move coil, move photongeyser +1\n>p2 pass, switch 4\n>p1 move mortalspin, move thunderbolt +1 terastallize\n>p2 move rest, move knockoff +2\n>p1 move powergem +1, move helpinghand -1\n>p2 move highhorsepower +1, move voltswitch +2\n>p2 pass, switch 3\n>p1 switch 4, switch 5\n>p1 move protect, move thunderbolt +1\n>p2 move rest, move swordsdance\n>p1 move closecombat +1, move thunderbolt +1\n>p2 move highhorsepower +2, move drainpunch +1\n>p1 pass, switch 3\n>p1 move closecombat +1, move revivalblessing\n>p2 move stoneedge +2, move drainpunch +1\n>p1 pass, switch 6\n>p1 switch 6, pass\n>p2 switch 3, pass\n>p1 move moonblast +1, move psychic +2\n>p2 move knockoff +2, move thunderpunch +2\n>p1 move moonblast +2, move psychic +2\n>p2 pass, move protect\n>p1 move encore +2, move strugglebug\n>p2 pass, move drainpunch +1\n>forcelose p2", "uploadtime": 1770648200, "views": 75, "formatid": "gen9randomdoublesbattle", "rating": 1596, "private": 0, "password": null}