{"id": "gen9randomdoublesbattle-2536376168", "format": "[Gen 9] Random Doubles Battle", "players": ["lordjikji", "Snicko888"], "log": "|j|☆lordjikji\n|j|☆Snicko888\n|t:|1770680527\n|gametype|doubles\n|player|p1|lordjikji|2|1601\n|player|p2|Snicko888|169|1629\n|gen|9\n|tier|[Gen 9] Random Doubles Battle\n|rated|\n|rule|Species Clause: Limit one of each Pokémon\n|rule|HP Percentage Mod: HP is shown in percentages\n|rule|Illusion Level Mod: Illusion disguises the Pokémon's true level\n|rule|Sleep Clause Mod: Limit one foe put to sleep\n|\n|t:|1770680527\n|teamsize|p1|6\n|teamsize|p2|6\n|start\n|switch|p1a: Gothitelle|Gothitelle, L90, F|272/272\n|switch|p1b: Komala|Komala, L92, F|269/269\n|switch|p2a: Cinccino|Cinccino, L85, F|266/266\n|switch|p2b: Mimikyu|Mimikyu, L82, M|224/224\n|-ability|p1b: Komala|Comatose\n|turn|1\n|inactive|Battle timer is ON: inactive players will automatically lose when time's up. (requested by Snicko888)\n|inactive|lordjikji has 120 seconds left.\n|\n|t:|1770680585\n|move|p1a: Gothitelle|Fake Out|p2a: Cinccino\n|-damage|p2a: Cinccino|234/266\n|cant|p2a: Cinccino|flinch\n|move|p2b: Mimikyu|Swords Dance|p2b: Mimikyu\n|-boost|p2b: Mimikyu|atk|2\n|move|p1b: Komala|Wood Hammer|p2b: Mimikyu\n|-activate|p2b: Mimikyu|ability: Disguise\n|-damage|p2b: Mimikyu|224/224\n|detailschange|p2b: Mimikyu|Mimikyu-Busted, L82, M\n|-damage|p2b: Mimikyu|196/224|[from] pokemon: Mimikyu-Busted\n|\n|upkeep\n|turn|2\n|\n|t:|1770680609\n|-terastallize|p1a: Gothitelle|Dark\n|move|p2a: Cinccino|Tail Slap|p1b: Komala\n|-damage|p1b: Komala|226/269\n|-damage|p1b: Komala|175/269\n|-damage|p1b: Komala|132/269\n|-damage|p1b: Komala|87/269\n|-damage|p1b: Komala|44/269\n|-hitcount|p1b: Komala|5\n|move|p2b: Mimikyu|Play Rough|p1b: Komala\n|-damage|p1b: Komala|0 fnt\n|faint|p1b: Komala\n|-damage|p2b: Mimikyu|174/224|[from] item: Life Orb\n|move|p1a: Gothitelle|Trick Room|p1a: Gothitelle\n|-fieldstart|move: Trick Room|[of] p1a: Gothitelle\n|\n|upkeep\n|inactive|lordjikji has 120 seconds left.\n|\n|t:|1770680640\n|switch|p1b: Victreebel|Victreebel, L91, M|293/293\n|turn|3\n|inactive|lordjikji has 120 seconds left.\n|\n|t:|1770680655\n|-terastallize|p2b: Mimikyu|Ghost\n|move|p1a: Gothitelle|Psychic|p2a: Cinccino\n|-damage|p2a: Cinccino|102/266\n|move|p1b: Victreebel|Sludge Bomb|p2b: Mimikyu\n|-resisted|p2b: Mimikyu\n|-damage|p2b: Mimikyu|101/224\n|-damage|p1b: Victreebel|264/293|[from] item: Life Orb\n|move|p2b: Mimikyu|Play Rough|p1a: Gothitelle|[miss]\n|-miss|p2b: Mimikyu|p1a: Gothitelle\n|move|p2a: Cinccino|Triple Axel|p1b: Victreebel\n|-supereffective|p1b: Victreebel\n|-damage|p1b: Victreebel|214/293\n|-supereffective|p1b: Victreebel\n|-damage|p1b: Victreebel|118/293\n|-supereffective|p1b: Victreebel\n|-damage|p1b: Victreebel|0 fnt\n|faint|p1b: Victreebel\n|-hitcount|p1: Victreebel|3\n|\n|upkeep\n|\n|t:|1770680667\n|switch|p1b: Crabominable|Crabominable, L89, F|317/317\n|turn|4\n|inactive|lordjikji has 120 seconds left.\n|\n|t:|1770680685\n|move|p2a: Cinccino|Protect|p2a: Cinccino\n|-singleturn|p2a: Cinccino|Protect\n|move|p2b: Mimikyu|Shadow Sneak|p1b: Crabominable\n|-damage|p1b: Crabominable|171/317\n|-damage|p2b: Mimikyu|79/224|[from] item: Life Orb\n|move|p1a: Gothitelle|Psychic|p2b: Mimikyu\n|-damage|p2b: Mimikyu|0 fnt\n|faint|p2b: Mimikyu\n|move|p1b: Crabominable|Drain Punch|p2a: Cinccino\n|-activate|p2a: Cinccino|move: Protect\n|\n|upkeep\n|inactive|Snicko888 has 120 seconds left.\n|\n|t:|1770680712\n|switch|p2b: Meganium|Meganium, L91, F|293/293\n|turn|5\n|inactive|lordjikji has 120 seconds left.\n|\n|t:|1770680742\n|move|p1a: Gothitelle|Psychic|p2a: Cinccino\n|-damage|p2a: Cinccino|0 fnt\n|faint|p2a: Cinccino\n|move|p1b: Crabominable|Ice Hammer|p2b: Meganium\n|-supereffective|p2b: Meganium\n|-damage|p2b: Meganium|0 fnt\n|-unboost|p1b: Crabominable|spe|1\n|faint|p2b: Meganium\n|-damage|p1b: Crabominable|140/317|[from] item: Life Orb\n|\n|upkeep\n|\n|t:|1770680753\n|switch|p2b: Hitmontop|Hitmontop, L88, M|231/231\n|switch|p2a: Inteleon|Inteleon, L78, F|237/237\n|-ability|p2b: Hitmontop|Intimidate|boost\n|-unboost|p1a: Gothitelle|atk|1\n|-unboost|p1b: Crabominable|atk|1\n|turn|6\n|\n|t:|1770680772\n|switch|p1b: Murkrow|Murkrow, L90, F|254/254\n|move|p2b: Hitmontop|Fake Out|p1a: Gothitelle\n|-damage|p1a: Gothitelle|244/272\n|cant|p1a: Gothitelle|flinch\n|move|p2a: Inteleon|Muddy Water|p1a: Gothitelle|[spread] p1b\n|-miss|p2a: Inteleon|p1a: Gothitelle\n|-damage|p1b: Murkrow|131/254\n|\n|-fieldend|move: Trick Room\n|upkeep\n|turn|7\n|\n|t:|1770680789\n|move|p1b: Murkrow|Tailwind|p1b: Murkrow\n|-sidestart|p1: lordjikji|move: Tailwind\n|move|p1a: Gothitelle|Psychic|p2b: Hitmontop\n|-supereffective|p2b: Hitmontop\n|-damage|p2b: Hitmontop|39/231\n|-enditem|p2b: Hitmontop|Sitrus Berry|[eat]\n|-heal|p2b: Hitmontop|96/231|[from] item: Sitrus Berry\n|move|p2a: Inteleon|Muddy Water|p1b: Murkrow|[spread] p1a\n|-miss|p2a: Inteleon|p1b: Murkrow\n|-damage|p1a: Gothitelle|147/272\n|move|p2b: Hitmontop|Triple Axel|p1b: Murkrow\n|-supereffective|p1b: Murkrow\n|-damage|p1b: Murkrow|97/254\n|-supereffective|p1b: Murkrow\n|-damage|p1b: Murkrow|33/254\n|-supereffective|p1b: Murkrow\n|-damage|p1b: Murkrow|0 fnt\n|faint|p1b: Murkrow\n|-hitcount|p1: Murkrow|3\n|\n|upkeep\n|\n|t:|1770680804\n|switch|p1b: Crabominable|Crabominable, L89, F|140/317\n|turn|8\n|\n|t:|1770680813\n|move|p1b: Crabominable|Drain Punch|p2a: Inteleon\n|-damage|p2a: Inteleon|0 fnt\n|-heal|p1b: Crabominable|259/317|[from] drain|[of] p2a: Inteleon\n|faint|p2a: Inteleon\n|-damage|p1b: Crabominable|228/317|[from] item: Life Orb\n|move|p1a: Gothitelle|Psychic|p2b: Hitmontop\n|-supereffective|p2b: Hitmontop\n|-damage|p2b: Hitmontop|0 fnt\n|faint|p2b: Hitmontop\n|\n|upkeep\n|\n|t:|1770680818\n|switch|p2b: Tauros|Tauros-Paldea-Aqua, L80, M|251/251\n|-ability|p2b: Tauros|Intimidate|boost\n|-unboost|p1a: Gothitelle|atk|1\n|-unboost|p1b: Crabominable|atk|1\n|turn|9\n|-message|Snicko888 forfeited.\n|\n|win|lordjikji\n|raw|lordjikji's rating: 1601 &rarr; <strong>1623</strong><br />(+22 for winning)\n|raw|Snicko888's rating: 1629 &rarr; <strong>1607</strong><br />(-22 for losing)\n|l|☆Snicko888\n|player|p2|\n|c|☆lordjikji|xd\n", "inputlog": ">version ccdc32dd7cde25fd9e4bed64820e885f66e78a4e\n>start {\"formatid\":\"gen9randomdoublesbattle\",\"seed\":\"sodium,fe0c5db6bbd875904db442fb2d27e3cd\",\"rated\":\"Rated battle\"}\n>player p1 {\"name\":\"lordjikji\",\"avatar\":\"2\",\"rating\":1601,\"seed\":\"sodium,2eb703cf4ca11be724d74cfa3d3071eb\"}\n>player p2 {\"name\":\"Snicko888\",\"avatar\":\"169\",\"rating\":1629,\"seed\":\"sodium,ecfbb278bd8c192896b2474598e5b437\"}\n>p1 move fakeout +1, move woodhammer +2\n>p2 move tailslap +1, move swordsdance\n>p1 move trickroom terastallize, move woodhammer +2\n>p2 move tailslap +2, move playrough +2\n>p1 pass, switch 4\n>p1 move psychic +1, move sludgebomb +2\n>p2 move tripleaxel +2, move playrough +1 terastallize\n>p1 pass, switch 3\n>p1 move psychic +2, move drainpunch +1\n>p2 move protect, move shadowsneak +2\n>p2 pass, switch 6\n>p1 move psychic +1, move icehammer +2\n>p2 move tailslap +1, move energyball +1\n>p2 switch 5, switch 4\n>p1 move psychic +1, switch 6\n>p2 move muddywater, move fakeout +1\n>p1 move psychic +2, move tailwind\n>p2 move muddywater, move tripleaxel +2\n>p1 pass, switch 6\n>p1 move psychic +2, move drainpunch +1\n>p2 move muddywater, move closecombat +1\n>p2 pass, switch 3\n>forcelose p2", "uploadtime": 1770680829, "views": 66, "formatid": "gen9randomdoublesbattle", "rating": 1607, "private": 0, "password": null}