{"id": "gen9randomdoublesbattle-2538418753", "format": "[Gen 9] Random Doubles Battle", "players": ["baseballlover", "snitker"], "log": "|j|☆baseballlover\n|j|☆snitker\n|t:|1770925738\n|gametype|doubles\n|player|p1|baseballlover|266|1681\n|player|p2|snitker|pokefan-gen4|1574\n|gen|9\n|tier|[Gen 9] Random Doubles Battle\n|rated|\n|rule|Species Clause: Limit one of each Pokémon\n|rule|HP Percentage Mod: HP is shown in percentages\n|rule|Illusion Level Mod: Illusion disguises the Pokémon's true level\n|rule|Sleep Clause Mod: Limit one foe put to sleep\n|\n|t:|1770925738\n|teamsize|p1|6\n|teamsize|p2|6\n|start\n|switch|p1a: Scovillain|Scovillain, L90, M|263/263\n|switch|p1b: Ampharos|Ampharos, L86, F|295/295\n|switch|p2a: Minun|Minun, L91, M|257/257\n|switch|p2b: Tornadus|Tornadus, L77, M|248/248\n|turn|1\n|inactive|Battle timer is ON: inactive players will automatically lose when time's up. (requested by snitker)\n|inactive|baseballlover also wants the timer to be on.\n|\n|t:|1770925765\n|switch|p1a: Jolteon|Jolteon, L85, F|249/249\n|move|p2a: Minun|Super Fang|p1b: Ampharos\n|-damage|p1b: Ampharos|148/295\n|move|p2b: Tornadus|Bleakwind Storm|p1a: Jolteon|[spread] p1a,p1b\n|-resisted|p1a: Jolteon\n|-resisted|p1b: Ampharos\n|-damage|p1a: Jolteon|212/249\n|-damage|p1b: Ampharos|112/295\n|-enditem|p1b: Ampharos|Sitrus Berry|[eat]\n|-heal|p1b: Ampharos|185/295|[from] item: Sitrus Berry\n|move|p1b: Ampharos|Dragon Tail|p2a: Minun\n|-damage|p2a: Minun|205/257\n|drag|p2a: Hawlucha|Hawlucha, L84, M|268/268\n|\n|upkeep\n|turn|2\n|inactive|snitker has 120 seconds left.\n|inactive|snitker has 90 seconds left.\n|inactive|snitker has 60 seconds left.\n|inactive|snitker has 30 seconds left.\n|\n|t:|1770925892\n|switch|p2a: Minun|Minun, L91, M|205/257\n|move|p2b: Tornadus|Protect|p2b: Tornadus\n|-singleturn|p2b: Tornadus|Protect\n|move|p1a: Jolteon|Thunderbolt|p2a: Minun\n|-heal|p2a: Minun|257/257|[from] ability: Volt Absorb|[of] p1a: Jolteon\n|move|p1b: Ampharos|Thunderbolt|p2b: Tornadus\n|-activate|p2b: Tornadus|move: Protect\n|\n|upkeep\n|turn|3\n|inactive|baseballlover has 120 seconds left.\n|\n|t:|1770925924\n|switch|p2b: Grimmsnarl|Grimmsnarl, L82, M|290/290\n|move|p1a: Jolteon|Alluring Voice|p2a: Minun\n|-damage|p2a: Minun|179/257\n|-damage|p1a: Jolteon|188/249|[from] item: Life Orb\n|move|p2a: Minun|Super Fang|p1b: Ampharos\n|-damage|p1b: Ampharos|93/295\n|move|p1b: Ampharos|Dragon Tail|p2a: Minun\n|-damage|p2a: Minun|127/257\n|-enditem|p2a: Minun|Sitrus Berry|[eat]\n|-heal|p2a: Minun|191/257|[from] item: Sitrus Berry\n|drag|p2a: Overqwil|Overqwil, L82, M|274/274\n|-ability|p2a: Overqwil|Intimidate|boost\n|-unboost|p1a: Jolteon|atk|1\n|-unboost|p1b: Ampharos|atk|1\n|\n|upkeep\n|turn|4\n|inactive|snitker has 60 seconds left.\n|inactive|snitker has 30 seconds left.\n|inactive|snitker has 20 seconds left.\n|inactive|snitker has 15 seconds left.\n|\n|t:|1770925974\n|switch|p1a: Mudsdale|Mudsdale, L84, F|305/305\n|switch|p1b: Dondozo|Dondozo, L85, M|394/394\n|move|p2b: Grimmsnarl|Light Screen|p2b: Grimmsnarl\n|-sidestart|p2: snitker|move: Light Screen\n|move|p2a: Overqwil|Crunch|p1b: Dondozo\n|-damage|p1b: Dondozo|300/394\n|-unboost|p1b: Dondozo|def|1\n|-damage|p2a: Overqwil|247/274|[from] item: Life Orb\n|\n|upkeep\n|turn|5\n|\n|t:|1770925990\n|move|p2b: Grimmsnarl|Reflect|p2b: Grimmsnarl\n|-sidestart|p2: snitker|Reflect\n|move|p2a: Overqwil|Gunk Shot|p1b: Dondozo\n|-damage|p1b: Dondozo|89/394\n|-damage|p2a: Overqwil|220/274|[from] item: Life Orb\n|move|p1b: Dondozo|Wave Crash|p2b: Grimmsnarl\n|-damage|p2b: Grimmsnarl|175/290\n|-damage|p1b: Dondozo|51/394|[from] Recoil\n|move|p1a: Mudsdale|High Horsepower|p2a: Overqwil\n|-supereffective|p2a: Overqwil\n|-damage|p2a: Overqwil|51/274\n|\n|upkeep\n|turn|6\n|\n|t:|1770926016\n|switch|p2b: Tentacruel|Tentacruel, L85, F|275/275\n|move|p2a: Overqwil|Gunk Shot|p1b: Dondozo\n|-damage|p1b: Dondozo|0 fnt\n|faint|p1b: Dondozo\n|-damage|p2a: Overqwil|24/274|[from] item: Life Orb\n|move|p1a: Mudsdale|High Horsepower|p2a: Overqwil\n|-supereffective|p2a: Overqwil\n|-damage|p2a: Overqwil|0 fnt\n|faint|p2a: Overqwil\n|\n|upkeep\n|\n|t:|1770926030\n|switch|p2a: Tornadus|Tornadus, L77, M|248/248\n|switch|p1b: Ampharos|Ampharos, L86, F|93/295\n|turn|7\n|inactive|snitker has 30 seconds left.\n|\n|t:|1770926068\n|-terastallize|p1a: Mudsdale|Fighting\n|move|p2b: Tentacruel|Hydro Pump|p1a: Mudsdale\n|-damage|p1a: Mudsdale|191/305\n|-ability|p1a: Mudsdale|Stamina|boost\n|-boost|p1a: Mudsdale|def|1\n|move|p2a: Tornadus|Knock Off|p1a: Mudsdale\n|-resisted|p1a: Mudsdale\n|-damage|p1a: Mudsdale|169/305\n|-ability|p1a: Mudsdale|Stamina|boost\n|-boost|p1a: Mudsdale|def|1\n|-enditem|p1a: Mudsdale|Chesto Berry|[from] move: Knock Off|[of] p2a: Tornadus\n|move|p1a: Mudsdale|High Horsepower|p2b: Tentacruel\n|-supereffective|p2b: Tentacruel\n|-damage|p2b: Tentacruel|58/275\n|move|p1b: Ampharos|Dragon Tail|p2a: Tornadus\n|-damage|p2a: Tornadus|217/248\n|drag|p2a: Hawlucha|Hawlucha, L84, M|268/268\n|\n|upkeep\n|turn|8\n|\n|t:|1770926090\n|move|p2a: Hawlucha|Brave Bird|p1a: Mudsdale\n|-supereffective|p1a: Mudsdale\n|-damage|p1a: Mudsdale|55/305\n|-ability|p1a: Mudsdale|Stamina|boost\n|-boost|p1a: Mudsdale|def|1\n|-damage|p2a: Hawlucha|230/268|[from] Recoil\n|move|p2b: Tentacruel|Icy Wind|p1a: Mudsdale|[spread] p1a,p1b\n|-damage|p1a: Mudsdale|29/305\n|-damage|p1b: Ampharos|67/295\n|-unboost|p1a: Mudsdale|spe|1\n|-unboost|p1b: Ampharos|spe|1\n|-ability|p1a: Mudsdale|Stamina|boost\n|-boost|p1a: Mudsdale|def|1\n|move|p1b: Ampharos|Thunderbolt|p2a: Hawlucha\n|-supereffective|p2a: Hawlucha\n|-crit|p2a: Hawlucha\n|-damage|p2a: Hawlucha|0 fnt\n|faint|p2a: Hawlucha\n|move|p1a: Mudsdale|High Horsepower|p2b: Tentacruel\n|-supereffective|p2b: Tentacruel\n|-damage|p2b: Tentacruel|0 fnt\n|faint|p2b: Tentacruel\n|\n|upkeep\n|inactive|snitker has 30 seconds left.\n|inactive|snitker has 20 seconds left.\n|inactive|snitker has 15 seconds left.\n|inactive|snitker has 10 seconds left.\n|inactive|snitker has 5 seconds left.\n|-message|snitker lost due to inactivity.\n|\n|win|baseballlover\n|raw|baseballlover's rating: 1681 &rarr; <strong>1695</strong><br />(+14 for winning)\n|raw|snitker's rating: 1574 &rarr; <strong>1560</strong><br />(-14 for losing)\n", "inputlog": ">version ccdc32dd7cde25fd9e4bed64820e885f66e78a4e\n>start {\"formatid\":\"gen9randomdoublesbattle\",\"seed\":\"sodium,6ca364d3e87c140d4fde37975e7cdd13\",\"rated\":\"Rated battle\"}\n>player p1 {\"name\":\"baseballlover\",\"avatar\":\"266\",\"rating\":1681,\"seed\":\"sodium,a94ff92dfe2184fdbe9b280b6e35fa83\"}\n>player p2 {\"name\":\"snitker\",\"avatar\":\"pokefan-gen4\",\"rating\":1574,\"seed\":\"sodium,55be49ad521cc10ee954037c88042aa7\"}\n>p1 switch 4, move dragontail +1\n>p2 move superfang +2, move bleakwindstorm\n>p1 move thunderbolt +1, move thunderbolt +2\n>p2 switch 5, move protect\n>p1 move alluringvoice +1, move dragontail +1\n>p2 move superfang +2, switch 6\n>p1 switch 6, switch 5\n>p2 move crunch +2, move lightscreen\n>p1 move highhorsepower +1, move wavecrash +2\n>p2 move gunkshot +2, move reflect\n>p1 move highhorsepower +1, move heavyslam +2\n>p2 move gunkshot +2, switch 3\n>p1 pass, switch 5\n>p2 switch 6, pass\n>p1 move highhorsepower +2 terastallize, move dragontail +1\n>p2 move knockoff +1, move hydropump +1\n>p1 move highhorsepower +2, move thunderbolt +1\n>p2 move bravebird +1, move icywind\n>forcelose p2", "uploadtime": 1770926135, "views": 70, "formatid": "gen9randomdoublesbattle", "rating": 1560, "private": 0, "password": null}