{"id": "gen9randomdoublesbattle-2537578809", "format": "[Gen 9] Random Doubles Battle", "players": ["lepokemonplayer23", "yardiex"], "log": "|j|☆lepokemonplayer23\n|j|☆yardiex\n|t:|1770829033\n|gametype|doubles\n|player|p1|lepokemonplayer23|1|1634\n|player|p2|yardiex|265|1644\n|gen|9\n|tier|[Gen 9] Random Doubles Battle\n|rated|\n|rule|Species Clause: Limit one of each Pokémon\n|rule|HP Percentage Mod: HP is shown in percentages\n|rule|Illusion Level Mod: Illusion disguises the Pokémon's true level\n|rule|Sleep Clause Mod: Limit one foe put to sleep\n|\n|t:|1770829033\n|teamsize|p1|6\n|teamsize|p2|6\n|start\n|switch|p1a: Donphan|Donphan, L87, M|298/298\n|switch|p1b: Ursaluna|Ursaluna-Bloodmoon, L78, M|304/304\n|switch|p2a: Metagross|Metagross, L80|259/259\n|switch|p2b: Scream Tail|Scream Tail, L82|323/323\n|turn|1\n|inactive|Battle timer is ON: inactive players will automatically lose when time's up. (requested by lepokemonplayer23)\n|inactive|yardiex has 120 seconds left.\n|\n|t:|1770829137\n|switch|p2a: Dondozo|Dondozo, L85, F|394/394\n|switch|p1b: Ribombee|Ribombee, L86, M|243/243\n|move|p2b: Scream Tail|Play Rough|p1b: Ribombee\n|-damage|p1b: Ribombee|158/243\n|move|p1a: Donphan|High Horsepower|p2a: Dondozo\n|-damage|p2a: Dondozo|288/394\n|\n|upkeep\n|turn|2\n|\n|t:|1770829166\n|-terastallize|p1a: Donphan|Water\n|move|p1b: Ribombee|Tailwind|p1b: Ribombee\n|-sidestart|p1: lepokemonplayer23|move: Tailwind\n|move|p1a: Donphan|Knock Off|p2a: Dondozo\n|-damage|p2a: Dondozo|213/394\n|-enditem|p2a: Dondozo|Assault Vest|[from] move: Knock Off|[of] p1a: Donphan\n|move|p2b: Scream Tail|Encore|p1a: Donphan\n|-start|p1a: Donphan|Encore\n|move|p2a: Dondozo|Heavy Slam|p1b: Ribombee\n|-supereffective|p1b: Ribombee\n|-damage|p1b: Ribombee|0 fnt\n|faint|p1b: Ribombee\n|\n|upkeep\n|inactive|lepokemonplayer23 has 120 seconds left.\n|\n|t:|1770829194\n|switch|p1b: Ursaluna|Ursaluna-Bloodmoon, L78, M|304/304\n|turn|3\n|inactive|lepokemonplayer23 has 120 seconds left.\n|\n|t:|1770829206\n|switch|p1a: Diancie|Diancie, L77|204/204\n|move|p2b: Scream Tail|Helping Hand|p2a: Dondozo\n|-singleturn|p2a: Dondozo|Helping Hand|[of] p2b: Scream Tail\n|move|p1b: Ursaluna|Protect|p1b: Ursaluna\n|-singleturn|p1b: Ursaluna|Protect\n|move|p2a: Dondozo|Wave Crash|p1b: Ursaluna\n|-activate|p1b: Ursaluna|move: Protect\n|\n|upkeep\n|turn|4\n|\n|t:|1770829229\n|move|p1b: Ursaluna|Hyper Voice|p2a: Dondozo|[spread] p2a,p2b\n|-damage|p2a: Dondozo|93/394\n|-damage|p2b: Scream Tail|238/323\n|move|p2b: Scream Tail|Thunder Wave|p1a: Diancie\n|-status|p1a: Diancie|par\n|move|p2a: Dondozo|Heavy Slam|p1a: Diancie\n|-supereffective|p1a: Diancie\n|-damage|p1a: Diancie|0 fnt\n|faint|p1a: Diancie\n|\n|upkeep\n|\n|t:|1770829244\n|switch|p1a: Honchkrow|Honchkrow, L85, M|309/309\n|turn|5\n|\n|t:|1770829255\n|switch|p2a: Goodra|Goodra-Hisui, L81, F|262/262\n|move|p1a: Honchkrow|Protect|p1a: Honchkrow\n|-singleturn|p1a: Honchkrow|Protect\n|move|p1b: Ursaluna|Hyper Voice|p2b: Scream Tail|[spread] p2a,p2b\n|-resisted|p2a: Goodra\n|-damage|p2a: Goodra|232/262\n|-damage|p2b: Scream Tail|157/323\n|-enditem|p2b: Scream Tail|Sitrus Berry|[eat]\n|-heal|p2b: Scream Tail|237/323|[from] item: Sitrus Berry\n|move|p2b: Scream Tail|Play Rough|p1a: Honchkrow\n|-activate|p1a: Honchkrow|move: Protect\n|\n|-heal|p2a: Goodra|248/262|[from] item: Leftovers\n|-sideend|p1: lepokemonplayer23|move: Tailwind\n|upkeep\n|turn|6\n|\n|t:|1770829278\n|move|p2b: Scream Tail|Encore|p1b: Ursaluna\n|-start|p1b: Ursaluna|Encore\n|move|p1a: Honchkrow|Tailwind|p1a: Honchkrow\n|-sidestart|p1: lepokemonplayer23|move: Tailwind\n|move|p1b: Ursaluna|Hyper Voice|p2a: Goodra|[spread] p2a,p2b\n|-resisted|p2a: Goodra\n|-damage|p2a: Goodra|213/262\n|-damage|p2b: Scream Tail|152/323\n|move|p2a: Goodra|Acid Armor|p2a: Goodra\n|-boost|p2a: Goodra|def|2\n|\n|-heal|p2a: Goodra|229/262|[from] item: Leftovers\n|upkeep\n|turn|7\n|\n|t:|1770829303\n|switch|p1b: Gallade|Gallade, L80, M|240/240\n|move|p1a: Honchkrow|Brave Bird|p2b: Scream Tail\n|-damage|p2b: Scream Tail|0 fnt\n|faint|p2b: Scream Tail\n|-end|p2b: Scream Tail|Protosynthesis|[silent]\n|-ability|p1a: Honchkrow|Moxie|boost\n|-boost|p1a: Honchkrow|atk|1\n|-damage|p1a: Honchkrow|259/309|[from] Recoil\n|-damage|p1a: Honchkrow|229/309|[from] item: Life Orb\n|move|p2a: Goodra|Body Press|p1b: Gallade\n|-resisted|p1b: Gallade\n|-damage|p1b: Gallade|175/240\n|\n|-heal|p2a: Goodra|245/262|[from] item: Leftovers\n|upkeep\n|\n|t:|1770829321\n|switch|p2b: Furret|Furret, L98, F|325/325\n|-item|p1a: Honchkrow|Life Orb|[from] ability: Frisk|[of] p2b: Furret\n|-item|p1b: Gallade|Choice Scarf|[from] ability: Frisk|[of] p2b: Furret\n|turn|8\n|\n|t:|1770829336\n|move|p2b: Furret|Protect|p2b: Furret\n|-singleturn|p2b: Furret|Protect\n|move|p1b: Gallade|Sacred Sword|p2a: Goodra\n|-supereffective|p2a: Goodra\n|-damage|p2a: Goodra|0 fnt\n|faint|p2a: Goodra\n|move|p1a: Honchkrow|Brave Bird|p2b: Furret\n|-activate|p2b: Furret|move: Protect\n|\n|upkeep\n|\n|t:|1770829350\n|switch|p2a: Metagross|Metagross, L80|259/259\n|turn|9\n|\n|t:|1770829367\n|move|p1a: Honchkrow|Sucker Punch||[still]\n|-fail|p1a: Honchkrow\n|move|p1b: Gallade|Sacred Sword|p2b: Furret\n|-supereffective|p2b: Furret\n|-damage|p2b: Furret|0 fnt\n|faint|p2b: Furret\n|move|p2a: Metagross|Agility|p2a: Metagross\n|-boost|p2a: Metagross|spe|2\n|\n|-sideend|p1: lepokemonplayer23|move: Tailwind\n|upkeep\n|\n|t:|1770829375\n|switch|p2b: Komala|Komala, L92, F|269/269\n|-ability|p2b: Komala|Comatose\n|turn|10\n|\n|t:|1770829383\n|move|p2a: Metagross|Heavy Slam|p1a: Honchkrow\n|-damage|p1a: Honchkrow|24/309\n|move|p1b: Gallade|Sacred Sword|p2b: Komala\n|-supereffective|p2b: Komala\n|-damage|p2b: Komala|0 fnt\n|faint|p2b: Komala\n|move|p1a: Honchkrow|Tailwind|p1a: Honchkrow\n|-sidestart|p1: lepokemonplayer23|move: Tailwind\n|\n|upkeep\n|inactive|yardiex has 120 seconds left.\n|inactive|yardiex has 90 seconds left.\n|c|☆lepokemonplayer23|gg\n|inactive|yardiex has 60 seconds left.\n|inactive|yardiex has 30 seconds left.\n|inactive|yardiex has 20 seconds left.\n|inactive|yardiex has 15 seconds left.\n|inactive|yardiex has 10 seconds left.\n|inactive|yardiex has 5 seconds left.\n|-message|yardiex lost due to inactivity.\n|\n|win|lepokemonplayer23\n|raw|lepokemonplayer23's rating: 1634 &rarr; <strong>1655</strong><br />(+21 for winning)\n|raw|yardiex's rating: 1644 &rarr; <strong>1623</strong><br />(-21 for losing)\n", "inputlog": ">version ccdc32dd7cde25fd9e4bed64820e885f66e78a4e\n>start {\"formatid\":\"gen9randomdoublesbattle\",\"seed\":\"sodium,4f5dc91836a4c059ce6912db36892e33\",\"rated\":\"Rated battle\"}\n>player p1 {\"name\":\"lepokemonplayer23\",\"avatar\":\"1\",\"rating\":1634,\"seed\":\"sodium,96c2568be977306a0e61a8990892c0e3\"}\n>player p2 {\"name\":\"yardiex\",\"avatar\":\"265\",\"rating\":1644,\"seed\":\"sodium,4a02304b6f5acfaf8d9c74cb61cbe2ff\"}\n>p1 move highhorsepower +1, switch 6\n>p2 switch 3, move playrough +2\n>p1 move knockoff +1 terastallize, move tailwind\n>p2 move heavyslam +2, move encore +1\n>p1 pass, switch 6\n>p1 switch 5, move protect\n>p2 move wavecrash +2, move helpinghand -1\n>p1 move diamondstorm, move hypervoice\n>p2 move heavyslam +1, move thunderwave +1\n>p1 switch 3, pass\n>p1 move protect, move hypervoice\n>p2 switch 4, move playrough +1\n>p1 move tailwind, move earthpower +1\n>p2 move acidarmor, move encore +2\n>p1 move bravebird +2, switch 4\n>p2 move bodypress +2, move playrough +1\n>p2 pass, switch 5\n>p1 move bravebird +2, move sacredsword +1\n>p2 move bodypress +1, move protect\n>p2 switch 3, pass\n>p1 move suckerpunch +1, move sacredsword +2\n>p2 move agility, move tidyup\n>p2 pass, switch 6\n>p1 move tailwind, move sacredsword +2\n>p2 move heavyslam +1, move doubleedge +1\n>chat ☆lepokemonplayer23|gg\n>forcelose p2", "uploadtime": 1770829538, "views": 73, "formatid": "gen9randomdoublesbattle", "rating": 1623, "private": 0, "password": null}