{"id": "gen9randomdoublesbattle-2540954582", "format": "[Gen 9] Random Doubles Battle", "players": ["Taxxed_Nerd", "gdonxcx"], "log": "|j|☆Taxxed_Nerd\n|j|☆gdonxcx\n|t:|1771270504\n|gametype|doubles\n|player|p1|Taxxed_Nerd|collector|1641\n|player|p2|gdonxcx|fisherman-gen4|1591\n|gen|9\n|tier|[Gen 9] Random Doubles Battle\n|rated|\n|rule|Species Clause: Limit one of each Pokémon\n|rule|HP Percentage Mod: HP is shown in percentages\n|rule|Illusion Level Mod: Illusion disguises the Pokémon's true level\n|rule|Sleep Clause Mod: Limit one foe put to sleep\n|\n|t:|1771270504\n|teamsize|p1|6\n|teamsize|p2|6\n|start\n|switch|p1a: Froslass|Froslass, L88, F|266/266\n|switch|p1b: Dugtrio|Dugtrio, L91, F|212/212\n|switch|p2a: Barraskewda|Barraskewda, L85, F|242/242\n|switch|p2b: Typhlosion|Typhlosion-Hisui, L77, F|239/239\n|turn|1\n|\n|t:|1771270516\n|switch|p2b: Umbreon|Umbreon, L85, F|300/300\n|-terastallize|p1a: Froslass|Water\n|move|p1b: Dugtrio|Protect|p1b: Dugtrio\n|-singleturn|p1b: Dugtrio|Protect\n|move|p2a: Barraskewda|Waterfall|p1a: Froslass\n|-resisted|p1a: Froslass\n|-damage|p1a: Froslass|184/266\n|-start|p2a: Barraskewda|Disable|Waterfall|[from] ability: Cursed Body|[of] p1a: Froslass\n|move|p1a: Froslass|Will-O-Wisp|p2a: Barraskewda\n|-status|p2a: Barraskewda|brn\n|\n|-damage|p2a: Barraskewda|227/242 brn|[from] brn\n|upkeep\n|turn|2\n|\n|t:|1771270535\n|switch|p1b: Hydrapple|Hydrapple, L85, F|319/319\n|-activate|p2a: Barraskewda|move: Struggle\n|move|p2a: Barraskewda|Struggle|p1a: Froslass\n|-damage|p1a: Froslass|146/266\n|-damage|p2a: Barraskewda|166/242 brn|[from] recoil\n|move|p1a: Froslass|Will-O-Wisp|p2b: Umbreon\n|-status|p2b: Umbreon|brn\n|move|p2b: Umbreon|Thunder Wave|p1a: Froslass\n|-status|p1a: Froslass|par\n|\n|-damage|p2a: Barraskewda|151/242 brn|[from] brn\n|-damage|p2b: Umbreon|282/300 brn|[from] brn\n|upkeep\n|turn|3\n|\n|t:|1771270561\n|-activate|p2a: Barraskewda|move: Struggle\n|move|p2a: Barraskewda|Struggle|p1b: Hydrapple\n|-damage|p1b: Hydrapple|292/319\n|-damage|p2a: Barraskewda|90/242 brn|[from] recoil\n|move|p2b: Umbreon|Thunder Wave|p1b: Hydrapple\n|-status|p1b: Hydrapple|par\n|move|p1a: Froslass|Icy Wind|p2a: Barraskewda|[spread] p2a,p2b\n|-resisted|p2a: Barraskewda\n|-damage|p2a: Barraskewda|59/242 brn\n|-damage|p2b: Umbreon|251/300 brn\n|-unboost|p2a: Barraskewda|spe|1\n|-unboost|p2b: Umbreon|spe|1\n|move|p1b: Hydrapple|Pollen Puff|p2b: Umbreon\n|-supereffective|p2b: Umbreon\n|-damage|p2b: Umbreon|147/300 brn\n|-enditem|p2b: Umbreon|Sitrus Berry|[eat]\n|-heal|p2b: Umbreon|222/300 brn|[from] item: Sitrus Berry\n|\n|-damage|p2a: Barraskewda|44/242 brn|[from] brn\n|-damage|p2b: Umbreon|204/300 brn|[from] brn\n|upkeep\n|turn|4\n|\n|t:|1771270583\n|-activate|p2a: Barraskewda|move: Struggle\n|move|p2a: Barraskewda|Struggle|p1a: Froslass\n|-damage|p1a: Froslass|106/266 par\n|-damage|p2a: Barraskewda|0 fnt|[from] recoil\n|faint|p2a: Barraskewda\n|move|p1a: Froslass|Triple Axel|p2b: Umbreon\n|-damage|p2b: Umbreon|188/300 brn\n|-damage|p2b: Umbreon|154/300 brn\n|-damage|p2b: Umbreon|106/300 brn\n|-hitcount|p2b: Umbreon|3\n|move|p2b: Umbreon|Moonlight|p2b: Umbreon\n|-heal|p2b: Umbreon|256/300 brn\n|move|p1b: Hydrapple|Pollen Puff|p1a: Froslass\n|-heal|p1a: Froslass|239/266 par\n|\n|-damage|p2b: Umbreon|238/300 brn|[from] brn\n|upkeep\n|\n|t:|1771270594\n|switch|p2a: Typhlosion|Typhlosion-Hisui, L77, F|239/239\n|turn|5\n|\n|t:|1771270608\n|move|p2a: Typhlosion|Eruption|p1b: Hydrapple|[spread] p1a,p1b\n|-resisted|p1a: Froslass\n|-damage|p1a: Froslass|137/266 par\n|-damage|p1b: Hydrapple|168/319 par\n|move|p1a: Froslass|Poltergeist|p2a: Typhlosion\n|-activate|p2a: Typhlosion|move: Poltergeist|Choice Specs\n|-supereffective|p2a: Typhlosion\n|-damage|p2a: Typhlosion|0 fnt\n|faint|p2a: Typhlosion\n|move|p2b: Umbreon|Snarl|p1b: Hydrapple|[spread] p1a,p1b\n|-crit|p1a: Froslass\n|-damage|p1a: Froslass|79/266 par\n|-damage|p1b: Hydrapple|144/319 par\n|-unboost|p1a: Froslass|spa|1\n|-unboost|p1b: Hydrapple|spa|1\n|-start|p2b: Umbreon|Disable|Snarl|[from] ability: Cursed Body|[of] p1a: Froslass\n|move|p1b: Hydrapple|Pollen Puff|p2b: Umbreon\n|-supereffective|p2b: Umbreon\n|-damage|p2b: Umbreon|162/300 brn\n|\n|-damage|p2b: Umbreon|144/300 brn|[from] brn\n|upkeep\n|\n|t:|1771270617\n|switch|p2a: Cresselia|Cresselia, L80, F|323/323\n|turn|6\n|\n|t:|1771270638\n|switch|p1b: Lokix|Lokix, L88, F|268/268\n|move|p2a: Cresselia|Psychic|p1a: Froslass\n|-damage|p1a: Froslass|0 fnt\n|faint|p1a: Froslass\n|move|p2b: Umbreon|Moonlight|p2b: Umbreon\n|-heal|p2b: Umbreon|294/300 brn\n|\n|-damage|p2b: Umbreon|276/300 brn|[from] brn\n|upkeep\n|\n|t:|1771270653\n|switch|p1a: Dugtrio|Dugtrio, L91, F|212/212\n|turn|7\n|\n|t:|1771270681\n|-terastallize|p2a: Cresselia|Poison\n|move|p1b: Lokix|First Impression|p2a: Cresselia\n|-resisted|p2a: Cresselia\n|-damage|p2a: Cresselia|193/323\n|-damage|p1b: Lokix|242/268|[from] item: Life Orb\n|move|p1a: Dugtrio|Rock Slide|p2a: Cresselia|[spread] p2a,p2b\n|-damage|p2a: Cresselia|135/323\n|-damage|p2b: Umbreon|228/300 brn\n|-enditem|p2a: Cresselia|Sitrus Berry|[eat]\n|-heal|p2a: Cresselia|215/323|[from] item: Sitrus Berry\n|-damage|p1a: Dugtrio|191/212|[from] item: Life Orb\n|move|p2a: Cresselia|Icy Wind|p1a: Dugtrio|[spread] p1a\n|-miss|p2a: Cresselia|p1b: Lokix\n|-supereffective|p1a: Dugtrio\n|-damage|p1a: Dugtrio|137/212\n|-unboost|p1a: Dugtrio|spe|1\n|move|p2b: Umbreon|Foul Play|p1a: Dugtrio\n|-damage|p1a: Dugtrio|62/212\n|\n|-damage|p2b: Umbreon|210/300 brn|[from] brn\n|upkeep\n|turn|8\n|\n|t:|1771270729\n|switch|p1a: Hydrapple|Hydrapple, L85, F|250/319 par\n|move|p1b: Lokix|Knock Off|p2a: Cresselia\n|-damage|p2a: Cresselia|120/323\n|-damage|p1b: Lokix|216/268|[from] item: Life Orb\n|move|p2a: Cresselia|Icy Wind|p1a: Hydrapple|[spread] p1a,p1b\n|-supereffective|p1a: Hydrapple\n|-damage|p1a: Hydrapple|190/319 par\n|-damage|p1b: Lokix|187/268\n|-unboost|p1a: Hydrapple|spe|1\n|-unboost|p1b: Lokix|spe|1\n|move|p2b: Umbreon|Thunder Wave|p1b: Lokix\n|-status|p1b: Lokix|par\n|\n|-damage|p2b: Umbreon|192/300 brn|[from] brn\n|-end|p2b: Umbreon|Disable\n|upkeep\n|turn|9\n|\n|t:|1771270759\n|switch|p1b: Dugtrio|Dugtrio, L91, F|62/212\n|move|p2a: Cresselia|Lunar Blessing|p2a: Cresselia|[spread] p2a,p2b\n|-heal|p2a: Cresselia|201/323\n|-heal|p2b: Umbreon|267/300 brn\n|-curestatus|p2b: Umbreon|brn|[msg]\n|move|p2b: Umbreon|Snarl|p1a: Hydrapple|[spread] p1a,p1b\n|-damage|p1a: Hydrapple|166/319 par\n|-damage|p1b: Dugtrio|28/212\n|-unboost|p1a: Hydrapple|spa|1\n|-unboost|p1b: Dugtrio|spa|1\n|move|p1a: Hydrapple|Pollen Puff|p2b: Umbreon\n|-supereffective|p2b: Umbreon\n|-damage|p2b: Umbreon|185/300\n|\n|upkeep\n|turn|10\n|\n|t:|1771270783\n|switch|p1a: Ho-Oh|Ho-Oh, L70|264/264\n|move|p1b: Dugtrio|Rock Slide|p2a: Cresselia|[spread] p2a,p2b\n|-damage|p2a: Cresselia|145/323\n|-damage|p2b: Umbreon|132/300\n|-damage|p1b: Dugtrio|7/212|[from] item: Life Orb\n|move|p2a: Cresselia|Lunar Blessing|p2a: Cresselia|[spread] p2a,p2b\n|-heal|p2a: Cresselia|226/323\n|-heal|p2b: Umbreon|207/300\n|move|p2b: Umbreon|Snarl|p1a: Ho-Oh|[spread] p1a,p1b\n|-damage|p1a: Ho-Oh|239/264\n|-damage|p1b: Dugtrio|0 fnt\n|-unboost|p1a: Ho-Oh|spa|1\n|faint|p1b: Dugtrio\n|\n|upkeep\n|\n|t:|1771270797\n|switch|p1b: Lokix|Lokix, L88, F|187/268 par\n|turn|11\n|\n|t:|1771270804\n|switch|p2b: Entei|Entei, L77|304/304\n|move|p1b: Lokix|First Impression|p2b: Entei\n|-resisted|p2b: Entei\n|-damage|p2b: Entei|156/304\n|-damage|p1b: Lokix|161/268 par|[from] item: Life Orb\n|move|p2a: Cresselia|Icy Wind|p1b: Lokix|[spread] p1a,p1b\n|-damage|p1a: Ho-Oh|223/264\n|-damage|p1b: Lokix|131/268 par\n|-unboost|p1a: Ho-Oh|spe|1\n|-unboost|p1b: Lokix|spe|1\n|move|p1a: Ho-Oh|Sacred Fire|p2a: Cresselia\n|-damage|p2a: Cresselia|139/323\n|-status|p2a: Cresselia|brn\n|\n|-damage|p2a: Cresselia|119/323 brn|[from] brn\n|upkeep\n|turn|12\n|\n|t:|1771270812\n|switch|p1b: Hydrapple|Hydrapple, L85, F|272/319 par\n|move|p2b: Entei|Flare Blitz|p1b: Hydrapple\n|-damage|p1b: Hydrapple|118/319 par\n|-damage|p2b: Entei|105/304|[from] Recoil\n|move|p2a: Cresselia|Lunar Blessing|p2a: Cresselia|[spread] p2a,p2b\n|-heal|p2a: Cresselia|200/323 brn\n|-curestatus|p2a: Cresselia|brn|[msg]\n|-heal|p2b: Entei|181/304\n|move|p1a: Ho-Oh|Tailwind|p1a: Ho-Oh\n|-sidestart|p1: Taxxed_Nerd|move: Tailwind\n|\n|upkeep\n|turn|13\n|\n|t:|1771270826\n|move|p1a: Ho-Oh|Sacred Fire|p2a: Cresselia\n|-damage|p2a: Cresselia|107/323\n|-status|p2a: Cresselia|brn\n|move|p2b: Entei|Flare Blitz|p1b: Hydrapple\n|-damage|p1b: Hydrapple|0 fnt\n|faint|p1b: Hydrapple\n|-damage|p2b: Entei|142/304|[from] Recoil\n|move|p2a: Cresselia|Lunar Blessing|p2a: Cresselia|[spread] p2a,p2b\n|-heal|p2a: Cresselia|188/323 brn\n|-curestatus|p2a: Cresselia|brn|[msg]\n|-heal|p2b: Entei|218/304\n|\n|upkeep\n|\n|t:|1771270836\n|switch|p1b: Copperajah|Copperajah, L86, M|350/350\n|turn|14\n|\n|t:|1771270841\n|move|p1a: Ho-Oh|Sacred Fire|p2a: Cresselia\n|-damage|p2a: Cresselia|100/323\n|-status|p2a: Cresselia|brn\n|move|p1b: Copperajah|Rock Slide|p2b: Entei|[spread] p2a,p2b\n|-supereffective|p2b: Entei\n|-damage|p2a: Cresselia|23/323 brn\n|-damage|p2b: Entei|28/304\n|move|p2b: Entei|Flare Blitz|p1b: Copperajah\n|-supereffective|p1b: Copperajah\n|-damage|p1b: Copperajah|0 fnt\n|faint|p1b: Copperajah\n|-damage|p2b: Entei|0 fnt|[from] Recoil\n|faint|p2b: Entei\n|move|p2a: Cresselia|Lunar Blessing|p2a: Cresselia\n|-heal|p2a: Cresselia|104/323 brn\n|-curestatus|p2a: Cresselia|brn|[msg]\n|\n|upkeep\n|\n|t:|1771270855\n|switch|p2b: Umbreon|Umbreon, L85, F|207/300\n|switch|p1b: Lokix|Lokix, L88, F|131/268 par\n|turn|15\n|\n|t:|1771270862\n|move|p1b: Lokix|First Impression|p2b: Umbreon\n|-supereffective|p2b: Umbreon\n|-damage|p2b: Umbreon|0 fnt\n|faint|p2b: Umbreon\n|-damage|p1b: Lokix|105/268 par|[from] item: Life Orb\n|move|p1a: Ho-Oh|Sacred Fire|p2a: Cresselia\n|-damage|p2a: Cresselia|25/323\n|move|p2a: Cresselia|Lunar Blessing|p2a: Cresselia\n|-heal|p2a: Cresselia|106/323\n|\n|-sideend|p1: Taxxed_Nerd|move: Tailwind\n|upkeep\n|\n|t:|1771270863\n|switch|p2b: Uxie|Uxie, L85|266/266\n|turn|16\n|\n|t:|1771270879\n|move|p2a: Cresselia|Helping Hand|p2b: Uxie\n|-singleturn|p2b: Uxie|Helping Hand|[of] p2a: Cresselia\n|cant|p1b: Lokix|par\n|move|p2b: Uxie|Knock Off|p1b: Lokix\n|-resisted|p1b: Lokix\n|-damage|p1b: Lokix|61/268 par\n|-enditem|p1b: Lokix|Life Orb|[from] move: Knock Off|[of] p2b: Uxie\n|move|p1a: Ho-Oh|Tailwind|p1a: Ho-Oh\n|-sidestart|p1: Taxxed_Nerd|move: Tailwind\n|\n|upkeep\n|turn|17\n|\n|t:|1771270899\n|move|p1a: Ho-Oh|Sacred Fire|p2a: Cresselia\n|-damage|p2a: Cresselia|27/323\n|-status|p2a: Cresselia|brn\n|cant|p1b: Lokix|par\n|move|p2b: Uxie|Thunder Wave|p1a: Ho-Oh|[miss]\n|-miss|p2b: Uxie|p1a: Ho-Oh\n|move|p2a: Cresselia|Icy Wind|p1b: Lokix|[spread] p1a,p1b\n|-damage|p1a: Ho-Oh|205/264\n|-damage|p1b: Lokix|33/268 par\n|-unboost|p1a: Ho-Oh|spe|1\n|-unboost|p1b: Lokix|spe|1\n|\n|-damage|p2a: Cresselia|7/323 brn|[from] brn\n|upkeep\n|turn|18\n|\n|t:|1771270929\n|move|p1b: Lokix|Sucker Punch|p2b: Uxie\n|-supereffective|p2b: Uxie\n|-damage|p2b: Uxie|140/266\n|move|p2b: Uxie|Knock Off|p1b: Lokix\n|-resisted|p1b: Lokix\n|-damage|p1b: Lokix|13/268 par\n|move|p2a: Cresselia|Lunar Blessing|p2a: Cresselia|[spread] p2a,p2b\n|-heal|p2a: Cresselia|88/323 brn\n|-curestatus|p2a: Cresselia|brn|[msg]\n|-heal|p2b: Uxie|206/266\n|move|p1a: Ho-Oh|Sacred Fire|p2a: Cresselia\n|-damage|p2a: Cresselia|0 fnt\n|faint|p2a: Cresselia\n|\n|upkeep\n|turn|19\n|\n|t:|1771270953\n|cant|p1b: Lokix|par\n|move|p2b: Uxie|Thunder Wave|p1a: Ho-Oh\n|-status|p1a: Ho-Oh|par\n|cant|p1a: Ho-Oh|par\n|\n|-sideend|p1: Taxxed_Nerd|move: Tailwind\n|upkeep\n|turn|20\n|\n|t:|1771270960\n|move|p1b: Lokix|Sucker Punch|p2b: Uxie\n|-supereffective|p2b: Uxie\n|-damage|p2b: Uxie|90/266\n|-enditem|p2b: Uxie|Sitrus Berry|[eat]\n|-heal|p2b: Uxie|156/266|[from] item: Sitrus Berry\n|move|p2b: Uxie|Knock Off|p1b: Lokix\n|-resisted|p1b: Lokix\n|-damage|p1b: Lokix|0 fnt\n|faint|p1b: Lokix\n|cant|p1a: Ho-Oh|par\n|\n|upkeep\n|turn|21\n|\n|t:|1771270966\n|move|p2b: Uxie|Mystical Power|p1a: Ho-Oh\n|-damage|p1a: Ho-Oh|156/264 par\n|-boost|p2b: Uxie|spa|1\n|move|p1a: Ho-Oh|Sacred Fire|p2b: Uxie\n|-damage|p2b: Uxie|89/266\n|\n|upkeep\n|turn|22\n|\n|t:|1771270970\n|move|p2b: Uxie|Mystical Power|p1a: Ho-Oh\n|-damage|p1a: Ho-Oh|87/264 par\n|-boost|p2b: Uxie|spa|1\n|-enditem|p1a: Ho-Oh|Sitrus Berry|[eat]\n|-heal|p1a: Ho-Oh|153/264 par|[from] item: Sitrus Berry\n|move|p1a: Ho-Oh|Sacred Fire|p2b: Uxie\n|-damage|p2b: Uxie|19/266\n|\n|upkeep\n|turn|23\n|\n|t:|1771270975\n|move|p2b: Uxie|Mystical Power|p1a: Ho-Oh\n|-damage|p1a: Ho-Oh|56/264 par\n|-boost|p2b: Uxie|spa|1\n|move|p1a: Ho-Oh|Brave Bird|p2b: Uxie\n|-damage|p2b: Uxie|0 fnt\n|faint|p2b: Uxie\n|-damage|p1a: Ho-Oh|50/264 par|[from] Recoil\n|\n|win|Taxxed_Nerd\n|raw|Taxxed_Nerd's rating: 1641 &rarr; <strong>1658</strong><br />(+17 for winning)\n|raw|gdonxcx's rating: 1591 &rarr; <strong>1574</strong><br />(-17 for losing)\n|l|☆gdonxcx\n|player|p2|\n|c|☆Taxxed_Nerd|gg\n", "inputlog": ">version 686819e5e19f8a7fd2345cfc5a08a5085efa2cc3\n>start {\"formatid\":\"gen9randomdoublesbattle\",\"seed\":\"sodium,f2caf79004c68d9c5b56bc8e48548e1e\",\"rated\":\"Rated battle\"}\n>player p1 {\"name\":\"Taxxed_Nerd\",\"avatar\":\"collector\",\"rating\":1641,\"seed\":\"sodium,4566f6a0f92795a42aa5717bceb0187c\"}\n>player p2 {\"name\":\"gdonxcx\",\"avatar\":\"fisherman-gen4\",\"rating\":1591,\"seed\":\"sodium,afa09ab524518583d1caf1cdc147eb47\"}\n>p1 move willowisp +1 terastallize, move protect\n>p2 move waterfall +1, switch 4\n>p1 move willowisp +2, switch 6\n>p2 move struggle, move thunderwave +1\n>p1 move icywind, move pollenpuff +2\n>p2 move struggle, move thunderwave +2\n>p1 move tripleaxel +2, move pollenpuff -1\n>p2 move struggle, move moonlight\n>p2 switch 4, pass\n>p1 move poltergeist +1, move pollenpuff +2\n>p2 move eruption, move snarl\n>p2 switch 3, pass\n>p1 move poltergeist +1, switch 4\n>p2 move psychic +1, move moonlight\n>p1 switch 6, pass\n>p1 move rockslide, move firstimpression +1\n>p2 move icywind terastallize, move foulplay +1\n>p1 switch 4, move knockoff +1\n>p2 move icywind, move thunderwave +2\n>p1 move pollenpuff +2, switch 4\n>p2 move lunarblessing, move snarl\n>p1 switch 5, move rockslide\n>p2 move lunarblessing, move snarl\n>p1 pass, switch 4\n>p1 move sacredfire +1, move firstimpression +2\n>p2 move icywind, switch 6\n>p1 move tailwind, switch 5\n>p2 move lunarblessing, move flareblitz +2\n>p1 move sacredfire +1, move earthpower +2\n>p2 move lunarblessing, move flareblitz +2\n>p1 pass, switch 3\n>p1 move sacredfire +1, move rockslide\n>p2 move lunarblessing, move flareblitz +2\n>p1 pass, switch 5\n>p2 pass, switch 6\n>p1 move sacredfire +1, move firstimpression +2\n>p2 move lunarblessing, move thunderwave +1\n>p2 pass, switch 5\n>p1 move tailwind, move protect\n>p2 move helpinghand -2, move knockoff +2\n>p1 move sacredfire +1, move knockoff +2\n>p2 move icywind, move thunderwave +1\n>p1 move sacredfire +1, move suckerpunch +2\n>p2 move lunarblessing, move knockoff +2\n>p1 move sacredfire +2, move suckerpunch +2\n>p2 pass, move thunderwave +1\n>p1 move sacredfire +2, move suckerpunch +2\n>p2 pass, move knockoff +2\n>p1 move sacredfire +2, pass\n>p2 pass, move mysticalpower +1\n>p1 move sacredfire +2, pass\n>p2 pass, move mysticalpower +1\n>p1 move bravebird +2, pass\n>p2 pass, move mysticalpower +1", "uploadtime": 1771270984, "views": 0, "formatid": "gen9randomdoublesbattle", "rating": 1574, "private": 0, "password": null}