{"id": "gen9randomdoublesbattle-2539424163", "format": "[Gen 9] Random Doubles Battle", "players": ["1st01", "cobbwilli"], "log": "|j|☆1st01\n|j|☆cobbwilli\n|t:|1771055755\n|gametype|doubles\n|player|p1|1st01|2|1569\n|player|p2|cobbwilli|170|1714\n|gen|9\n|tier|[Gen 9] Random Doubles Battle\n|rated|\n|rule|Species Clause: Limit one of each Pokémon\n|rule|HP Percentage Mod: HP is shown in percentages\n|rule|Illusion Level Mod: Illusion disguises the Pokémon's true level\n|rule|Sleep Clause Mod: Limit one foe put to sleep\n|\n|t:|1771055755\n|teamsize|p1|6\n|teamsize|p2|6\n|start\n|switch|p1a: Vigoroth|Vigoroth, L91, F|293/293\n|switch|p1b: Chandelure|Chandelure, L81, F|230/230\n|switch|p2a: Gyarados|Gyarados, L80, F|283/283\n|switch|p2b: Kilowattrel|Kilowattrel, L80, M|243/243\n|-ability|p2a: Gyarados|Intimidate|boost\n|-unboost|p1a: Vigoroth|atk|1\n|-unboost|p1b: Chandelure|atk|1\n|turn|1\n|inactive|Battle timer is ON: inactive players will automatically lose when time's up. (requested by 1st01)\n|\n|t:|1771055774\n|move|p1b: Chandelure|Trick|p2b: Kilowattrel\n|-activate|p1b: Chandelure|move: Trick|[of] p2b: Kilowattrel\n|-item|p2b: Kilowattrel|Choice Scarf|[from] move: Trick\n|-item|p1b: Chandelure|Life Orb|[from] move: Trick\n|move|p2b: Kilowattrel|Tailwind|p2b: Kilowattrel\n|-sidestart|p2: cobbwilli|move: Tailwind\n|move|p2a: Gyarados|Waterfall|p1b: Chandelure\n|-supereffective|p1b: Chandelure\n|-damage|p1b: Chandelure|26/230\n|move|p1a: Vigoroth|Thunder Wave|p2a: Gyarados\n|-status|p2a: Gyarados|par\n|\n|upkeep\n|turn|2\n|\n|t:|1771055795\n|switch|p2b: Araquanid|Araquanid, L84, F|251/251\n|switch|p1b: Cresselia|Cresselia, L80, F|323/323\n|move|p1a: Vigoroth|Knock Off|p2a: Gyarados\n|-damage|p2a: Gyarados|233/283 par\n|-enditem|p2a: Gyarados|Sitrus Berry|[from] move: Knock Off|[of] p1a: Vigoroth\n|move|p2a: Gyarados|Waterfall|p1b: Cresselia\n|-damage|p1b: Cresselia|232/323\n|\n|upkeep\n|turn|3\n|\n|t:|1771055817\n|switch|p1a: Farigiraf|Farigiraf, L84, F|339/339\n|move|p2b: Araquanid|Sticky Web|p1a: Farigiraf\n|-sidestart|p1: 1st01|move: Sticky Web\n|move|p1b: Cresselia|Icy Wind|p2a: Gyarados|[spread] p2a,p2b\n|-resisted|p2b: Araquanid\n|-damage|p2a: Gyarados|210/283 par\n|-damage|p2b: Araquanid|244/251\n|-unboost|p2a: Gyarados|spe|1\n|-unboost|p2b: Araquanid|spe|1\n|move|p2a: Gyarados|Taunt|p1b: Cresselia\n|-start|p1b: Cresselia|move: Taunt\n|\n|upkeep\n|turn|4\n|\n|t:|1771055839\n|move|p1b: Cresselia|Psychic|p2a: Gyarados\n|-damage|p2a: Gyarados|143/283 par\n|move|p2b: Araquanid|Liquidation|p1b: Cresselia\n|-damage|p1b: Cresselia|109/323\n|-enditem|p1b: Cresselia|Sitrus Berry|[eat]\n|-heal|p1b: Cresselia|189/323|[from] item: Sitrus Berry\n|move|p2a: Gyarados|Waterfall|p1b: Cresselia\n|-damage|p1b: Cresselia|96/323\n|move|p1a: Farigiraf|Nasty Plot|p1a: Farigiraf\n|-boost|p1a: Farigiraf|spa|2\n|\n|-sideend|p2: cobbwilli|move: Tailwind\n|upkeep\n|turn|5\n|\n|t:|1771055862\n|move|p1b: Cresselia|Psychic|p2a: Gyarados\n|-damage|p2a: Gyarados|77/283 par\n|move|p1a: Farigiraf|Hyper Voice|p2b: Araquanid|[spread] p2a,p2b\n|-damage|p2a: Gyarados|0 fnt\n|-damage|p2b: Araquanid|127/251\n|faint|p2a: Gyarados\n|move|p2b: Araquanid|Liquidation|p1b: Cresselia\n|-damage|p1b: Cresselia|0 fnt\n|faint|p1b: Cresselia\n|\n|upkeep\n|inactive|cobbwilli has 120 seconds left.\n|\n|t:|1771055883\n|switch|p1b: Chandelure|Chandelure, L81, F|26/230\n|switch|p2a: Munkidori|Munkidori, L80, M|272/272\n|-activate|p1b: Chandelure|move: Sticky Web\n|-unboost|p1b: Chandelure|spe|1\n|turn|6\n|\n|t:|1771055895\n|move|p2a: Munkidori|U-turn|p1a: Farigiraf\n|-supereffective|p1a: Farigiraf\n|-damage|p1a: Farigiraf|249/339\n|\n|t:|1771055900\n|switch|p2a: Kilowattrel|Kilowattrel, L80, M|243/243|[from] U-turn\n|move|p1b: Chandelure|Trick|p2b: Araquanid\n|-activate|p1b: Chandelure|move: Trick|[of] p2b: Araquanid\n|-item|p2b: Araquanid|Life Orb|[from] move: Trick\n|-item|p1b: Chandelure|Sitrus Berry|[from] move: Trick\n|-enditem|p1b: Chandelure|Sitrus Berry|[eat]\n|-heal|p1b: Chandelure|83/230|[from] item: Sitrus Berry\n|move|p1a: Farigiraf|Hyper Voice|p2b: Araquanid|[spread] p2a,p2b\n|-damage|p2a: Kilowattrel|33/243\n|-damage|p2b: Araquanid|13/251\n|move|p2b: Araquanid|Liquidation|p1b: Chandelure\n|-supereffective|p1b: Chandelure\n|-damage|p1b: Chandelure|0 fnt\n|faint|p1b: Chandelure\n|-damage|p2b: Araquanid|0 fnt|[from] item: Life Orb\n|faint|p2b: Araquanid\n|\n|upkeep\n|inactive|cobbwilli has 120 seconds left.\n|\n|t:|1771055923\n|switch|p1b: Vigoroth|Vigoroth, L91, F|293/293\n|switch|p2b: Maushold|Maushold-Four, L79|247/247\n|-activate|p1b: Vigoroth|move: Sticky Web\n|-unboost|p1b: Vigoroth|spe|1\n|turn|7\n|\n|t:|1771055938\n|-terastallize|p2b: Maushold|Normal\n|move|p2a: Kilowattrel|Thunderbolt|p1b: Vigoroth\n|-damage|p1b: Vigoroth|212/293\n|move|p2b: Maushold|Population Bomb|p1a: Farigiraf\n|-damage|p1a: Farigiraf|209/339\n|-damage|p1a: Farigiraf|171/339\n|-damage|p1a: Farigiraf|133/339\n|-enditem|p1a: Farigiraf|Sitrus Berry|[eat]\n|-heal|p1a: Farigiraf|217/339|[from] item: Sitrus Berry\n|-damage|p1a: Farigiraf|179/339\n|-hitcount|p1a: Farigiraf|4\n|move|p1b: Vigoroth|Knock Off|p2b: Maushold\n|-damage|p2b: Maushold|161/247\n|-enditem|p2b: Maushold|Wide Lens|[from] move: Knock Off|[of] p1b: Vigoroth\n|move|p1a: Farigiraf|Trick Room|p1a: Farigiraf\n|-fieldstart|move: Trick Room|[of] p1a: Farigiraf\n|\n|upkeep\n|turn|8\n|inactive|cobbwilli has 120 seconds left.\n|\n|t:|1771055969\n|move|p2b: Maushold|Protect|p2b: Maushold\n|-singleturn|p2b: Maushold|Protect\n|move|p1a: Farigiraf|Hyper Voice|p2b: Maushold|[spread] p2a\n|-activate|p2b: Maushold|move: Protect\n|-damage|p2a: Kilowattrel|0 fnt\n|faint|p2a: Kilowattrel\n|move|p1b: Vigoroth|Knock Off|p2b: Maushold\n|-activate|p2b: Maushold|move: Protect\n|\n|upkeep\n|inactive|cobbwilli has 120 seconds left.\n|\n|t:|1771055982\n|switch|p2a: Polteageist|Polteageist-Antique, L85|241/241\n|turn|9\n|\n|t:|1771055993\n|move|p2a: Polteageist|Protect|p2a: Polteageist\n|-singleturn|p2a: Polteageist|Protect\n|move|p1a: Farigiraf|Psychic|p2b: Maushold\n|-damage|p2b: Maushold|0 fnt\n|faint|p2b: Maushold\n|move|p1b: Vigoroth|Knock Off|p2a: Polteageist\n|-activate|p2a: Polteageist|move: Protect\n|\n|upkeep\n|\n|t:|1771056001\n|switch|p2b: Munkidori|Munkidori, L80, M|272/272\n|turn|10\n|\n|t:|1771056015\n|move|p1a: Farigiraf|Psychic|p2b: Munkidori\n|-damage|p2b: Munkidori|127/272\n|move|p1b: Vigoroth|Knock Off|p2a: Polteageist\n|-supereffective|p2a: Polteageist\n|-damage|p2a: Polteageist|67/241\n|-start|p1b: Vigoroth|Disable|Knock Off|[from] ability: Cursed Body|[of] p2a: Polteageist\n|-enditem|p2a: Polteageist|White Herb|[from] move: Knock Off|[of] p1b: Vigoroth\n|move|p2a: Polteageist|Shell Smash|p2a: Polteageist\n|-unboost|p2a: Polteageist|def|1\n|-unboost|p2a: Polteageist|spd|1\n|-boost|p2a: Polteageist|atk|2\n|-boost|p2a: Polteageist|spa|2\n|-boost|p2a: Polteageist|spe|2\n|move|p2b: Munkidori|Sludge Bomb|p1a: Farigiraf\n|-damage|p1a: Farigiraf|52/339\n|\n|upkeep\n|turn|11\n|-message|cobbwilli forfeited.\n|\n|win|1st01\n|raw|1st01's rating: 1569 &rarr; <strong>1597</strong><br />(+28 for winning)\n|raw|cobbwilli's rating: 1714 &rarr; <strong>1686</strong><br />(-28 for losing)\n|l|☆cobbwilli\n|player|p2|\n", "inputlog": ">version ccdc32dd7cde25fd9e4bed64820e885f66e78a4e\n>start {\"formatid\":\"gen9randomdoublesbattle\",\"seed\":\"sodium,c8313500d7f3df165482a6e578656018\",\"rated\":\"Rated battle\"}\n>player p1 {\"name\":\"1st01\",\"avatar\":\"2\",\"rating\":1569,\"seed\":\"sodium,09d68a7fcc89cb745b8e1b48d0dca718\"}\n>player p2 {\"name\":\"cobbwilli\",\"avatar\":\"170\",\"rating\":1714,\"seed\":\"sodium,46f9e6d892b0e1d181b82940ecda4fb7\"}\n>p1 move thunderwave +1, move trick +2\n>p2 move waterfall +2, move tailwind\n>p1 move knockoff +1, switch 3\n>p2 move waterfall +2, switch 3\n>p1 switch 4, move icywind\n>p2 move taunt +2, move stickyweb\n>p1 move nastyplot, move psychic +1\n>p2 move waterfall +2, move liquidation +2\n>p1 move hypervoice, move psychic +1\n>p2 move thunderwave +1, move liquidation +2\n>p1 pass, switch 3\n>p2 switch 4, pass\n>p1 move hypervoice, move trick +2\n>p2 move uturn +1, move liquidation +2\n>p2 switch 3, pass\n>p1 pass, switch 4\n>p2 pass, switch 5\n>p1 move trickroom, move knockoff +2\n>p2 move thunderbolt +2, move populationbomb +1 terastallize\n>p1 move hypervoice, move knockoff +2\n>p2 move thunderbolt +2, move protect\n>p2 switch 6, pass\n>p1 move psychic +2, move knockoff +1\n>p2 move protect, move populationbomb +1\n>p2 pass, switch 3\n>p1 move psychic +2, move knockoff +1\n>p2 move shellsmash, move sludgebomb +1\n>forcelose p2", "uploadtime": 1771056038, "views": 76, "formatid": "gen9randomdoublesbattle", "rating": 1597, "private": 0, "password": null}