{"id": "gen9randomdoublesbattle-2539737772", "format": "[Gen 9] Random Doubles Battle", "players": ["phswirlz", "megalokoi"], "log": "|j|☆phswirlz\n|j|☆megalokoi\n|t:|1771102727\n|gametype|doubles\n|player|p1|phswirlz|265|1566\n|player|p2|megalokoi|backpacker|1612\n|gen|9\n|tier|[Gen 9] Random Doubles Battle\n|rated|\n|rule|Species Clause: Limit one of each Pokémon\n|rule|HP Percentage Mod: HP is shown in percentages\n|rule|Illusion Level Mod: Illusion disguises the Pokémon's true level\n|rule|Sleep Clause Mod: Limit one foe put to sleep\n|\n|t:|1771102727\n|teamsize|p1|6\n|teamsize|p2|6\n|start\n|switch|p1a: Articuno|Articuno-Galar, L82|238/238\n|switch|p1b: Venusaur|Venusaur, L86, M|278/278\n|switch|p2a: Bellossom|Bellossom, L87, M|272/272\n|switch|p2b: Cyclizar|Cyclizar, L87, M|264/264\n|turn|1\n|inactive|Battle timer is ON: inactive players will automatically lose when time's up. (requested by megalokoi)\n|\n|t:|1771102753\n|switch|p2a: Rampardos|Rampardos, L87, F|311/311\n|move|p2b: Cyclizar|Shed Tail|p2b: Cyclizar\n|-start|p2b: Cyclizar|Substitute|[from] move: Shed Tail\n|-damage|p2b: Cyclizar|132/264\n|-enditem|p2b: Cyclizar|Sitrus Berry|[eat]\n|-heal|p2b: Cyclizar|198/264|[from] item: Sitrus Berry\n|\n|t:|1771102760\n|switch|p2b: Tyranitar|Tyranitar, L81, F|295/295|[from] Shed Tail\n|-weather|Sandstorm|[from] ability: Sand Stream|[of] p2b: Tyranitar\n|move|p1a: Articuno|Focus Blast|p2b: Tyranitar\n|-supereffective|p2b: Tyranitar\n|-end|p2b: Tyranitar|Substitute\n|-damage|p1a: Articuno|215/238|[from] item: Life Orb\n|move|p1b: Venusaur|Sludge Bomb|p2a: Rampardos\n|-resisted|p2a: Rampardos\n|-crit|p2a: Rampardos\n|-damage|p2a: Rampardos|220/311\n|-damage|p1b: Venusaur|251/278|[from] item: Life Orb\n|\n|-weather|Sandstorm|[upkeep]\n|-damage|p1a: Articuno|201/238|[from] Sandstorm\n|-damage|p1b: Venusaur|234/278|[from] Sandstorm\n|upkeep\n|turn|2\n|inactive|megalokoi has 120 seconds left.\n|\n|t:|1771102801\n|move|p2a: Rampardos|Fire Punch|p1b: Venusaur\n|-supereffective|p1b: Venusaur\n|-damage|p1b: Venusaur|0 fnt\n|faint|p1b: Venusaur\n|move|p1a: Articuno|Focus Blast|p2b: Tyranitar\n|-supereffective|p2b: Tyranitar\n|-damage|p2b: Tyranitar|87/295\n|-damage|p1a: Articuno|178/238|[from] item: Life Orb\n|move|p2b: Tyranitar|Knock Off|p1a: Articuno\n|-resisted|p1a: Articuno\n|-damage|p1a: Articuno|94/238\n|replace|p1a: Zoroark|Zoroark, L84, M\n|-end|p1a: Zoroark|Illusion\n|-hint|Illusion Level Mod is active, so this Pokémon's true level was hidden.\n|-enditem|p1a: Zoroark|Life Orb|[from] move: Knock Off|[of] p2b: Tyranitar\n|\n|-weather|Sandstorm|[upkeep]\n|-damage|p1a: Zoroark|80/238|[from] Sandstorm\n|upkeep\n|inactive|phswirlz has 120 seconds left.\n|\n|t:|1771102817\n|switch|p1b: Tauros|Tauros-Paldea-Combat, L82, M|257/257\n|-ability|p1b: Tauros|Intimidate|boost\n|-unboost|p2a: Rampardos|atk|1\n|-unboost|p2b: Tyranitar|atk|1\n|turn|3\n|\n|t:|1771102837\n|move|p2a: Rampardos|Fire Punch|p1a: Zoroark\n|-damage|p1a: Zoroark|0 fnt\n|faint|p1a: Zoroark\n|move|p1b: Tauros|Iron Head|p2b: Tyranitar\n|-supereffective|p2b: Tyranitar\n|-damage|p2b: Tyranitar|0 fnt\n|faint|p2b: Tyranitar\n|\n|-weather|Sandstorm|[upkeep]\n|-damage|p1b: Tauros|241/257|[from] Sandstorm\n|upkeep\n|\n|t:|1771102855\n|switch|p1a: Kleavor|Kleavor, L79, M|240/240\n|switch|p2b: Cyclizar|Cyclizar, L87, M|264/264\n|turn|4\n|\n|t:|1771102875\n|switch|p2a: Shaymin|Shaymin, L81|295/295\n|move|p2b: Cyclizar|Shed Tail|p2b: Cyclizar\n|-start|p2b: Cyclizar|Substitute|[from] move: Shed Tail\n|-damage|p2b: Cyclizar|132/264\n|\n|t:|1771102882\n|switch|p2b: Rampardos|Rampardos, L87, F|220/311|[from] Shed Tail\n|move|p1b: Tauros|Iron Head|p2a: Shaymin\n|-damage|p2a: Shaymin|208/295\n|move|p1a: Kleavor|Stone Axe|p2b: Rampardos\n|-end|p2b: Rampardos|Substitute\n|-sidestart|p2: megalokoi|move: Stealth Rock\n|-damage|p1a: Kleavor|216/240|[from] item: Life Orb\n|\n|-weather|Sandstorm|[upkeep]\n|-damage|p1b: Tauros|225/257|[from] Sandstorm\n|-damage|p2a: Shaymin|190/295|[from] Sandstorm\n|upkeep\n|turn|5\n|\n|t:|1771102899\n|move|p2b: Rampardos|Rock Slide|p1a: Kleavor|[spread] p1a,p1b\n|-supereffective|p1a: Kleavor\n|-resisted|p1b: Tauros\n|-damage|p1a: Kleavor|0 fnt\n|-damage|p1b: Tauros|171/257\n|faint|p1a: Kleavor\n|move|p1b: Tauros|Iron Head|p2b: Rampardos\n|-supereffective|p2b: Rampardos\n|-damage|p2b: Rampardos|12/311\n|move|p2a: Shaymin|Seed Flare|p1b: Tauros\n|-damage|p1b: Tauros|18/257\n|\n|-weather|none\n|upkeep\n|\n|t:|1771102911\n|switch|p1a: Toedscruel|Toedscruel, L87, M|281/281\n|turn|6\n|\n|t:|1771102924\n|move|p2b: Rampardos|Rock Slide|p1b: Tauros|[spread] p1b\n|-miss|p2b: Rampardos|p1a: Toedscruel\n|-resisted|p1b: Tauros\n|-damage|p1b: Tauros|0 fnt\n|faint|p1b: Tauros\n|move|p1a: Toedscruel|Giga Drain|p2b: Rampardos\n|-supereffective|p2b: Rampardos\n|-damage|p2b: Rampardos|0 fnt\n|faint|p2b: Rampardos\n|move|p2a: Shaymin|Tailwind|p2a: Shaymin\n|-sidestart|p2: megalokoi|move: Tailwind\n|\n|upkeep\n|\n|t:|1771102934\n|switch|p1b: Articuno|Articuno-Galar, L82|282/282\n|switch|p2b: Bellossom|Bellossom, L87, M|272/272\n|-damage|p2b: Bellossom|238/272|[from] Stealth Rock\n|turn|7\n|\n|t:|1771102963\n|-terastallize|p2b: Bellossom|Poison\n|move|p2a: Shaymin|Seed Flare|p1b: Articuno\n|-resisted|p1b: Articuno\n|-damage|p1b: Articuno|225/282\n|move|p2b: Bellossom|Quiver Dance|p2b: Bellossom\n|-boost|p2b: Bellossom|spa|1\n|-boost|p2b: Bellossom|spd|1\n|-boost|p2b: Bellossom|spe|1\n|move|p1a: Toedscruel|Earth Power|p2b: Bellossom\n|-supereffective|p2b: Bellossom\n|-damage|p2b: Bellossom|128/272\n|-enditem|p2b: Bellossom|Sitrus Berry|[eat]\n|-heal|p2b: Bellossom|196/272|[from] item: Sitrus Berry\n|move|p1b: Articuno|Hurricane|p2b: Bellossom\n|-damage|p2b: Bellossom|86/272\n|-start|p2b: Bellossom|confusion\n|-damage|p1b: Articuno|197/282|[from] item: Life Orb\n|\n|upkeep\n|turn|8\n|\n|t:|1771102986\n|move|p2a: Shaymin|Seed Flare|p1b: Articuno\n|-resisted|p1b: Articuno\n|-damage|p1b: Articuno|143/282\n|-activate|p2b: Bellossom|confusion\n|move|p2b: Bellossom|Baton Pass|p2b: Bellossom\n|\n|t:|1771102998\n|switch|p2b: Infernape|Infernape, L82, F|259/259|[from] Baton Pass\n|-damage|p2b: Infernape|227/259|[from] Stealth Rock\n|move|p1a: Toedscruel|Earth Power|p2b: Infernape\n|-supereffective|p2b: Infernape\n|-damage|p2b: Infernape|89/259\n|move|p1b: Articuno|Freezing Glare|p2b: Infernape\n|-supereffective|p2b: Infernape\n|-damage|p2b: Infernape|0 fnt\n|faint|p2b: Infernape\n|-damage|p1b: Articuno|115/282|[from] item: Life Orb\n|\n|upkeep\n|inactive|megalokoi has 120 seconds left.\n|\n|t:|1771103010\n|switch|p2b: Cyclizar|Cyclizar, L87, M|220/264\n|-damage|p2b: Cyclizar|187/264|[from] Stealth Rock\n|turn|9\n|\n|t:|1771103023\n|move|p1a: Toedscruel|Rage Powder|p1a: Toedscruel\n|-singleturn|p1a: Toedscruel|move: Rage Powder\n|move|p2b: Cyclizar|Double-Edge|p1a: Toedscruel\n|-damage|p1a: Toedscruel|127/281\n|-enditem|p1a: Toedscruel|Sitrus Berry|[eat]\n|-heal|p1a: Toedscruel|197/281|[from] item: Sitrus Berry\n|-damage|p2b: Cyclizar|136/264|[from] Recoil\n|move|p2a: Shaymin|Seed Flare|p1a: Toedscruel|[miss]\n|-miss|p2a: Shaymin|p1a: Toedscruel\n|move|p1b: Articuno|Tailwind|p1b: Articuno\n|-sidestart|p1: phswirlz|move: Tailwind\n|\n|-sideend|p2: megalokoi|move: Tailwind\n|upkeep\n|turn|10\n|\n|t:|1771103041\n|switch|p2b: Bellossom|Bellossom, L87, M, tera:Poison|86/272\n|-damage|p2b: Bellossom|52/272|[from] Stealth Rock\n|move|p1a: Toedscruel|Earth Power|p2b: Bellossom\n|-supereffective|p2b: Bellossom\n|-damage|p2b: Bellossom|0 fnt\n|faint|p2b: Bellossom\n|move|p1b: Articuno|Freezing Glare|p2a: Shaymin\n|-damage|p2a: Shaymin|61/295\n|-enditem|p2a: Shaymin|Sitrus Berry|[eat]\n|-heal|p2a: Shaymin|134/295|[from] item: Sitrus Berry\n|-damage|p1b: Articuno|87/282|[from] item: Life Orb\n|move|p2a: Shaymin|Tailwind|p2a: Shaymin\n|-sidestart|p2: megalokoi|move: Tailwind\n|\n|upkeep\n|\n|t:|1771103044\n|switch|p2b: Cyclizar|Cyclizar, L87, M|224/264\n|-damage|p2b: Cyclizar|191/264|[from] Stealth Rock\n|turn|11\n|\n|t:|1771103063\n|-terastallize|p1b: Articuno|Steel\n|move|p2b: Cyclizar|Double-Edge|p1a: Toedscruel\n|-damage|p1a: Toedscruel|47/281\n|-damage|p2b: Cyclizar|141/264|[from] Recoil\n|move|p1a: Toedscruel|Earth Power|p2b: Cyclizar\n|-damage|p2b: Cyclizar|26/264\n|-unboost|p2b: Cyclizar|spd|1\n|move|p2a: Shaymin|Synthesis|p2a: Shaymin\n|-heal|p2a: Shaymin|281/295\n|move|p1b: Articuno|Freezing Glare|p2b: Cyclizar\n|-damage|p2b: Cyclizar|0 fnt\n|faint|p2b: Cyclizar\n|-damage|p1b: Articuno|59/282|[from] item: Life Orb\n|\n|upkeep\n|turn|12\n|\n|t:|1771103086\n|move|p1a: Toedscruel|Giga Drain|p2a: Shaymin\n|-resisted|p2a: Shaymin\n|-damage|p2a: Shaymin|246/295\n|-heal|p1a: Toedscruel|65/281|[from] drain|[of] p2a: Shaymin\n|move|p2a: Shaymin|Earth Power|p1b: Articuno\n|-supereffective|p1b: Articuno\n|-damage|p1b: Articuno|0 fnt\n|faint|p1b: Articuno\n|\n|-sideend|p1: phswirlz|move: Tailwind\n|upkeep\n|turn|13\n|-message|phswirlz forfeited.\n|\n|win|megalokoi\n|raw|phswirlz's rating: 1566 &rarr; <strong>1549</strong><br />(-17 for losing)\n|raw|megalokoi's rating: 1612 &rarr; <strong>1629</strong><br />(+17 for winning)\n|l|☆phswirlz\n|player|p1|\n", "inputlog": ">version ccdc32dd7cde25fd9e4bed64820e885f66e78a4e\n>start {\"formatid\":\"gen9randomdoublesbattle\",\"seed\":\"sodium,24f9771bd112636cca149fe466520aaf\",\"rated\":\"Rated battle\"}\n>player p1 {\"name\":\"phswirlz\",\"avatar\":\"265\",\"rating\":1566,\"seed\":\"sodium,d0a529de49ebdad78831065d81d0a060\"}\n>player p2 {\"name\":\"megalokoi\",\"avatar\":\"backpacker\",\"rating\":1612,\"seed\":\"sodium,9d796e539daafe3334c9771c218f0a09\"}\n>p1 move focusblast +2, move sludgebomb +1\n>p2 switch 4, move shedtail\n>p2 pass, switch 5\n>p1 move focusblast +2, move gigadrain +1\n>p2 move firepunch +2, move knockoff +1\n>p1 pass, switch 3\n>p1 move knockoff +1, move ironhead +2\n>p2 move firepunch +1, move icywind\n>p1 switch 5, pass\n>p2 pass, switch 5\n>p1 move stoneaxe +2, move ironhead +1\n>p2 switch 3, move shedtail\n>p2 pass, switch 3\n>p1 move xscissor +1, move ironhead +2\n>p2 move seedflare +2, move rockslide\n>p1 switch 4, pass\n>p1 move gigadrain +2, move ironhead +1\n>p2 move tailwind, move rockslide\n>p1 pass, switch 6\n>p2 pass, switch 4\n>p1 move earthpower +2, move hurricane +2\n>p2 move seedflare +2, move quiverdance terastallize\n>p1 move earthpower +2, move freezingglare +2\n>p2 move seedflare +2, move batonpass\n>p2 pass, switch 6\n>p2 pass, switch 3\n>p1 move ragepowder, move tailwind\n>p2 move seedflare +1, move doubleedge +2\n>p1 move earthpower +2, move freezingglare +2\n>p2 move tailwind, switch 6\n>p2 pass, switch 6\n>p1 move earthpower +2, move freezingglare +2 terastallize\n>p2 move synthesis, move doubleedge +1\n>p1 move gigadrain +1, move hurricane +1\n>p2 move earthpower +2, pass\n>forcelose p1", "uploadtime": 1771103100, "views": 66, "formatid": "gen9randomdoublesbattle", "rating": 1549, "private": 0, "password": null}