{"id": "gen9randomdoublesbattle-2538710122", "format": "[Gen 9] Random Doubles Battle", "players": ["matthue", "pixel_dragon9"], "log": "|j|☆matthue\n|j|☆pixel_dragon9\n|t:|1770960722\n|gametype|doubles\n|player|p1|matthue|biker-gen4|1592\n|player|p2|pixel_dragon9|1|1714\n|gen|9\n|tier|[Gen 9] Random Doubles Battle\n|rated|\n|rule|Species Clause: Limit one of each Pokémon\n|rule|HP Percentage Mod: HP is shown in percentages\n|rule|Illusion Level Mod: Illusion disguises the Pokémon's true level\n|rule|Sleep Clause Mod: Limit one foe put to sleep\n|\n|t:|1770960722\n|teamsize|p1|6\n|teamsize|p2|6\n|start\n|switch|p1a: Persian|Persian, L92, M|269/269\n|switch|p1b: Arcanine|Arcanine-Hisui, L79, M|280/280\n|switch|p2a: Kilowattrel|Kilowattrel, L80, M|243/243\n|switch|p2b: Tatsugiri|Tatsugiri, L84, M|251/251\n|-ability|p1b: Arcanine|Intimidate|boost\n|-unboost|p2a: Kilowattrel|atk|1\n|-ability|p2a: Kilowattrel|Competitive|boost\n|-boost|p2a: Kilowattrel|spa|2\n|-unboost|p2b: Tatsugiri|atk|1\n|turn|1\n|inactive|Battle timer is ON: inactive players will automatically lose when time's up. (requested by pixel_dragon9)\n|inactive|matthue also wants the timer to be on.\n|\n|t:|1770960741\n|-terastallize|p1b: Arcanine|Normal\n|move|p2a: Kilowattrel|Protect|p2a: Kilowattrel\n|-singleturn|p2a: Kilowattrel|Protect\n|move|p1a: Persian|Fake Out|p2a: Kilowattrel\n|-activate|p2a: Kilowattrel|move: Protect\n|move|p1b: Arcanine|Rock Slide|p2a: Kilowattrel|[spread] p2b\n|-activate|p2a: Kilowattrel|move: Protect\n|-crit|p2b: Tatsugiri\n|-damage|p2b: Tatsugiri|80/251\n|move|p2b: Tatsugiri|Muddy Water|p1b: Arcanine|[spread] p1b\n|-miss|p2b: Tatsugiri|p1a: Persian\n|-damage|p1b: Arcanine|183/280\n|\n|upkeep\n|turn|2\n|\n|t:|1770960764\n|move|p1a: Persian|Double-Edge|p2a: Kilowattrel\n|-damage|p2a: Kilowattrel|62/243\n|-damage|p1a: Persian|209/269|[from] Recoil\n|move|p2a: Kilowattrel|Thunderbolt|p1b: Arcanine\n|-damage|p1b: Arcanine|0 fnt\n|faint|p1b: Arcanine\n|-damage|p2a: Kilowattrel|38/243|[from] item: Life Orb\n|move|p2b: Tatsugiri|Draco Meteor|p1a: Persian\n|-crit|p1a: Persian\n|-damage|p1a: Persian|0 fnt\n|-unboost|p2b: Tatsugiri|spa|2\n|faint|p1a: Persian\n|\n|upkeep\n|\n|t:|1770960781\n|switch|p1a: Passimian|Passimian, L82, F|298/298\n|switch|p1b: Kingdra|Kingdra, L85, F|266/266\n|turn|3\n|\n|t:|1770960812\n|switch|p2b: Blissey|Blissey, L96, F|645/645\n|move|p2a: Kilowattrel|Hurricane|p1a: Passimian\n|-supereffective|p1a: Passimian\n|-damage|p1a: Passimian|0 fnt\n|faint|p1a: Passimian\n|-damage|p2a: Kilowattrel|14/243|[from] item: Life Orb\n|move|p1b: Kingdra|Muddy Water|p2b: Blissey|[spread] p2a\n|-miss|p1b: Kingdra|p2b: Blissey\n|-damage|p2a: Kilowattrel|0 fnt\n|faint|p2a: Kilowattrel\n|-damage|p1b: Kingdra|240/266|[from] item: Life Orb\n|\n|upkeep\n|inactive|pixel_dragon9 has 120 seconds left.\n|\n|t:|1770960831\n|switch|p2a: Tatsugiri|Tatsugiri, L84, M|80/251\n|switch|p1a: Eiscue|Eiscue, L89, F|278/278\n|turn|4\n|\n|t:|1770960839\n|move|p1b: Kingdra|Draco Meteor|p2a: Tatsugiri\n|-supereffective|p2a: Tatsugiri\n|-damage|p2a: Tatsugiri|0 fnt\n|-unboost|p1b: Kingdra|spa|2\n|faint|p2a: Tatsugiri\n|-damage|p1b: Kingdra|214/266|[from] item: Life Orb\n|move|p2b: Blissey|Thunder Wave|p1a: Eiscue\n|-status|p1a: Eiscue|par\n|move|p1a: Eiscue|Belly Drum|p1a: Eiscue\n|-damage|p1a: Eiscue|139/278 par\n|-setboost|p1a: Eiscue|atk|6|[from] move: Belly Drum\n|-enditem|p1a: Eiscue|Sitrus Berry|[eat]\n|-heal|p1a: Eiscue|208/278 par|[from] item: Sitrus Berry\n|\n|upkeep\n|\n|t:|1770960847\n|switch|p2a: Pelipper|Pelipper, L83, F|235/235\n|-weather|RainDance|[from] ability: Drizzle|[of] p2a: Pelipper\n|turn|5\n|\n|t:|1770960860\n|move|p2b: Blissey|Helping Hand|p2a: Pelipper\n|-singleturn|p2a: Pelipper|Helping Hand|[of] p2b: Blissey\n|move|p1b: Kingdra|Draco Meteor|p2a: Pelipper\n|-damage|p2a: Pelipper|125/235\n|-unboost|p1b: Kingdra|spa|2\n|-damage|p1b: Kingdra|188/266|[from] item: Life Orb\n|move|p2a: Pelipper|Hydro Pump|p1a: Eiscue\n|-damage|p1a: Eiscue|0 fnt\n|faint|p1a: Eiscue\n|\n|-weather|RainDance|[upkeep]\n|upkeep\n|\n|t:|1770960866\n|switch|p1a: Quagsire|Quagsire, L91, F|321/321\n|turn|6\n|\n|t:|1770960876\n|move|p2b: Blissey|Helping Hand|p2a: Pelipper\n|-singleturn|p2a: Pelipper|Helping Hand|[of] p2b: Blissey\n|move|p1b: Kingdra|Draco Meteor|p2a: Pelipper\n|-damage|p2a: Pelipper|57/235\n|-unboost|p1b: Kingdra|spa|2\n|-enditem|p2a: Pelipper|Sitrus Berry|[eat]\n|-heal|p2a: Pelipper|115/235|[from] item: Sitrus Berry\n|-damage|p1b: Kingdra|162/266|[from] item: Life Orb\n|move|p2a: Pelipper|Hurricane|p1a: Quagsire\n|-damage|p1a: Quagsire|122/321\n|-enditem|p1a: Quagsire|Sitrus Berry|[eat]\n|-heal|p1a: Quagsire|202/321|[from] item: Sitrus Berry\n|move|p1a: Quagsire|High Horsepower|p2b: Blissey\n|-damage|p2b: Blissey|366/645\n|\n|-weather|RainDance|[upkeep]\n|upkeep\n|turn|7\n|\n|t:|1770960896\n|switch|p2b: Haxorus|Haxorus, L84, M|265/265\n|-ability|p2b: Haxorus|Unnerve\n|move|p1b: Kingdra|Draco Meteor|p2a: Pelipper\n|-damage|p2a: Pelipper|64/235\n|-damage|p1b: Kingdra|136/266|[from] item: Life Orb\n|move|p2a: Pelipper|Hurricane|p1a: Quagsire\n|-damage|p1a: Quagsire|76/321\n|-start|p1a: Quagsire|confusion\n|-activate|p1a: Quagsire|confusion\n|move|p1a: Quagsire|Yawn|p2a: Pelipper\n|-start|p2a: Pelipper|move: Yawn|[of] p1a: Quagsire\n|\n|-weather|RainDance|[upkeep]\n|upkeep\n|turn|8\n|\n|t:|1770960906\n|move|p2b: Haxorus|First Impression|p1a: Quagsire\n|-damage|p1a: Quagsire|0 fnt\n|faint|p1a: Quagsire\n|-damage|p2b: Haxorus|239/265|[from] item: Life Orb\n|move|p1b: Kingdra|Draco Meteor|p2b: Haxorus\n|-supereffective|p2b: Haxorus\n|-damage|p2b: Haxorus|122/265\n|-damage|p1b: Kingdra|110/266|[from] item: Life Orb\n|move|p2a: Pelipper|Hurricane|p1b: Kingdra\n|-damage|p1b: Kingdra|5/266\n|\n|-weather|RainDance|[upkeep]\n|-end|p2a: Pelipper|move: Yawn|[silent]\n|-status|p2a: Pelipper|slp\n|upkeep\n|turn|9\n|\n|t:|1770960919\n|move|p2b: Haxorus|Protect|p2b: Haxorus\n|-singleturn|p2b: Haxorus|Protect\n|move|p1b: Kingdra|Draco Meteor|p2b: Haxorus\n|-activate|p2b: Haxorus|move: Protect\n|cant|p2a: Pelipper|slp\n|\n|-weather|none\n|upkeep\n|turn|10\n|\n|t:|1770960926\n|move|p2b: Haxorus|Dragon Claw|p1b: Kingdra\n|-supereffective|p1b: Kingdra\n|-damage|p1b: Kingdra|0 fnt\n|faint|p1b: Kingdra\n|-damage|p2b: Haxorus|96/265|[from] item: Life Orb\n|\n|win|pixel_dragon9\n|raw|matthue's rating: 1592 &rarr; <strong>1579</strong><br />(-13 for losing)\n|raw|pixel_dragon9's rating: 1714 &rarr; <strong>1727</strong><br />(+13 for winning)\n|l|☆matthue\n|player|p1|\n", "inputlog": ">version ccdc32dd7cde25fd9e4bed64820e885f66e78a4e\n>start {\"formatid\":\"gen9randomdoublesbattle\",\"seed\":\"sodium,fe00c02fd073aa72c0925cc7b2b40f76\",\"rated\":\"Rated battle\"}\n>player p1 {\"name\":\"matthue\",\"avatar\":\"biker-gen4\",\"rating\":1592,\"seed\":\"sodium,ba2a1df04be76a86811a9164dda17fcb\"}\n>player p2 {\"name\":\"pixel_dragon9\",\"avatar\":\"1\",\"rating\":1714,\"seed\":\"sodium,43ebbc8cfc72fe60dec244a5e1a98b29\"}\n>p1 move fakeout +1, move rockslide terastallize\n>p2 move protect, move muddywater\n>p1 move doubleedge +1, move rockslide\n>p2 move thunderbolt +2, move dracometeor +1\n>p1 switch 4, switch 5\n>p1 move knockoff +1, move muddywater\n>p2 move hurricane +1, switch 3\n>p1 switch 3, pass\n>p2 switch 3, pass\n>p1 move bellydrum, move dracometeor +1\n>p2 move icywind, move thunderwave +1\n>p2 switch 4, pass\n>p1 move icespinner +2, move dracometeor +1\n>p2 move hydropump +1, move helpinghand -1\n>p1 switch 6, pass\n>p1 move highhorsepower +2, move dracometeor +1\n>p2 move hurricane +1, move helpinghand -1\n>p1 move yawn +1, move dracometeor +1\n>p2 move hurricane +1, switch 5\n>p1 move highhorsepower +2, move dracometeor +2\n>p2 move hurricane +1, move firstimpression +1\n>p1 pass, move dracometeor +2\n>p2 move tailwind, move protect\n>p1 pass, move dracometeor +2\n>p2 move tailwind, move dragonclaw +2", "uploadtime": 1770960929, "views": 69, "formatid": "gen9randomdoublesbattle", "rating": 1579, "private": 0, "password": null}