{"id": "gen9randomdoublesbattle-2538134874", "format": "[Gen 9] Random Doubles Battle", "players": ["MrIkerZeis", "pixel_dragon9"], "log": "|j|☆MrIkerZeis\n|j|☆pixel_dragon9\n|t:|1770897759\n|gametype|doubles\n|player|p1|MrIkerZeis|102|1690\n|player|p2|pixel_dragon9|266|1671\n|gen|9\n|tier|[Gen 9] Random Doubles Battle\n|rated|\n|rule|Species Clause: Limit one of each Pokémon\n|rule|HP Percentage Mod: HP is shown in percentages\n|rule|Illusion Level Mod: Illusion disguises the Pokémon's true level\n|rule|Sleep Clause Mod: Limit one foe put to sleep\n|\n|t:|1770897759\n|teamsize|p1|6\n|teamsize|p2|6\n|start\n|switch|p1a: Politoed|Politoed, L82, F|282/282\n|switch|p1b: Luxray|Luxray, L86, M|278/278\n|switch|p2a: Dragalge|Dragalge, L88, F|258/258\n|switch|p2b: Iron Jugulis|Iron Jugulis, L79|278/278\n|-ability|p1b: Luxray|Intimidate|boost\n|-unboost|p2a: Dragalge|atk|1\n|-unboost|p2b: Iron Jugulis|atk|1\n|-weather|RainDance|[from] ability: Drizzle|[of] p1a: Politoed\n|turn|1\n|inactive|Battle timer is ON: inactive players will automatically lose when time's up. (requested by pixel_dragon9)\n|\n|t:|1770897782\n|-end|p2b: Iron Jugulis|Quark Drive|[silent]\n|switch|p2b: Wyrdeer|Wyrdeer, L85, M|314/314\n|-ability|p2b: Wyrdeer|Intimidate|boost\n|-unboost|p1a: Politoed|atk|1\n|-unboost|p1b: Luxray|atk|1\n|move|p1b: Luxray|Wild Charge|p2b: Wyrdeer\n|-damage|p2b: Wyrdeer|223/314\n|-damage|p1b: Luxray|255/278|[from] Recoil\n|move|p1a: Politoed|Ice Beam|p2a: Dragalge\n|-supereffective|p2a: Dragalge\n|-damage|p2a: Dragalge|132/258\n|move|p2a: Dragalge|Sludge Bomb|p1a: Politoed\n|-damage|p1a: Politoed|123/282\n|-damage|p2a: Dragalge|107/258|[from] item: Life Orb\n|\n|-weather|RainDance|[upkeep]\n|upkeep\n|turn|2\n|\n|t:|1770897804\n|move|p2a: Dragalge|Protect|p2a: Dragalge\n|-singleturn|p2a: Dragalge|Protect\n|move|p1b: Luxray|Crunch|p2b: Wyrdeer\n|-supereffective|p2b: Wyrdeer\n|-damage|p2b: Wyrdeer|111/314\n|-unboost|p2b: Wyrdeer|def|1\n|move|p1a: Politoed|Ice Beam|p2a: Dragalge\n|-activate|p2a: Dragalge|move: Protect\n|move|p2b: Wyrdeer|Trick Room|p2b: Wyrdeer\n|-fieldstart|move: Trick Room|[of] p2b: Wyrdeer\n|\n|-weather|RainDance|[upkeep]\n|upkeep\n|turn|3\n|\n|t:|1770897820\n|move|p2b: Wyrdeer|Earth Power|p1b: Luxray\n|-supereffective|p1b: Luxray\n|-damage|p1b: Luxray|133/278\n|-damage|p2b: Wyrdeer|80/314|[from] item: Life Orb\n|move|p2a: Dragalge|Sludge Bomb|p1a: Politoed\n|-damage|p1a: Politoed|0 fnt\n|faint|p1a: Politoed\n|-damage|p2a: Dragalge|82/258|[from] item: Life Orb\n|move|p1b: Luxray|Crunch|p2b: Wyrdeer\n|-supereffective|p2b: Wyrdeer\n|-damage|p2b: Wyrdeer|0 fnt\n|faint|p2b: Wyrdeer\n|\n|-weather|RainDance|[upkeep]\n|upkeep\n|inactive|MrIkerZeis has 120 seconds left.\n|\n|t:|1770897848\n|switch|p2b: Volcanion|Volcanion, L75|244/244\n|switch|p1a: Okidogi|Okidogi, L78, M|265/265\n|turn|4\n|\n|t:|1770897869\n|move|p2a: Dragalge|Hydro Pump|p1a: Okidogi\n|-damage|p1a: Okidogi|136/265\n|-damage|p2a: Dragalge|57/258|[from] item: Life Orb\n|move|p2b: Volcanion|Earth Power|p1b: Luxray\n|-supereffective|p1b: Luxray\n|-damage|p1b: Luxray|41/278\n|move|p1b: Luxray|Wild Charge|p2b: Volcanion\n|-supereffective|p2b: Volcanion\n|-damage|p2b: Volcanion|104/244\n|-enditem|p2b: Volcanion|Sitrus Berry|[eat]\n|-heal|p2b: Volcanion|165/244|[from] item: Sitrus Berry\n|-damage|p1b: Luxray|6/278|[from] Recoil\n|move|p1a: Okidogi|Snarl|p2b: Volcanion|[spread] p2a,p2b\n|-damage|p2a: Dragalge|44/258\n|-damage|p2b: Volcanion|143/244\n|-unboost|p2a: Dragalge|spa|1\n|-unboost|p2b: Volcanion|spa|1\n|\n|-weather|RainDance|[upkeep]\n|upkeep\n|turn|5\n|\n|t:|1770897888\n|move|p2a: Dragalge|Sludge Bomb|p1b: Luxray\n|-damage|p1b: Luxray|0 fnt\n|faint|p1b: Luxray\n|-damage|p2a: Dragalge|19/258|[from] item: Life Orb\n|move|p2b: Volcanion|Steam Eruption|p1a: Okidogi\n|-damage|p1a: Okidogi|48/265\n|move|p1a: Okidogi|Snarl|p2b: Volcanion|[spread] p2a,p2b\n|-damage|p2a: Dragalge|6/258\n|-damage|p2b: Volcanion|121/244\n|-unboost|p2a: Dragalge|spa|1\n|-unboost|p2b: Volcanion|spa|1\n|-status|p2b: Volcanion|tox|[from] ability: Toxic Chain|[of] p1a: Okidogi\n|\n|-weather|none\n|-damage|p2b: Volcanion|106/244 tox|[from] psn\n|upkeep\n|\n|t:|1770897901\n|switch|p1b: Shiftry|Shiftry, L84, M|288/288\n|turn|6\n|\n|t:|1770897908\n|move|p2a: Dragalge|Sludge Bomb|p1b: Shiftry\n|-supereffective|p1b: Shiftry\n|-damage|p1b: Shiftry|23/288\n|-damage|p2a: Dragalge|0 fnt|[from] item: Life Orb\n|faint|p2a: Dragalge\n|move|p2b: Volcanion|Heat Wave|p1a: Okidogi|[spread] p1a\n|-ability|p1b: Shiftry|Wind Rider|boost\n|-boost|p1b: Shiftry|atk|1\n|-damage|p1a: Okidogi|20/265\n|move|p1a: Okidogi|Snarl|p2b: Volcanion\n|-damage|p2b: Volcanion|81/244 tox\n|-unboost|p2b: Volcanion|spa|1\n|move|p1b: Shiftry|Tailwind|p1b: Shiftry\n|-sidestart|p1: MrIkerZeis|move: Tailwind\n|-ability|p1b: Shiftry|Wind Rider|boost\n|-boost|p1b: Shiftry|atk|1\n|\n|-damage|p2b: Volcanion|51/244 tox|[from] psn\n|-fieldend|move: Trick Room\n|upkeep\n|\n|t:|1770897920\n|switch|p2a: Okidogi|Okidogi, L78, M|265/265\n|turn|7\n|\n|t:|1770897932\n|move|p1b: Shiftry|Protect|p1b: Shiftry\n|-singleturn|p1b: Shiftry|Protect\n|move|p1a: Okidogi|Knock Off|p2b: Volcanion\n|-damage|p2b: Volcanion|6/244 tox\n|move|p2a: Okidogi|Knock Off|p1b: Shiftry\n|-activate|p1b: Shiftry|move: Protect\n|move|p2b: Volcanion|Earth Power|p1a: Okidogi\n|-supereffective|p1a: Okidogi\n|-damage|p1a: Okidogi|0 fnt\n|faint|p1a: Okidogi\n|\n|-damage|p2b: Volcanion|0 fnt|[from] psn\n|faint|p2b: Volcanion\n|upkeep\n|\n|t:|1770897945\n|switch|p1a: Latias|Latias, L80, F|259/259\n|switch|p2b: Iron Jugulis|Iron Jugulis, L79|278/278\n|turn|8\n|\n|t:|1770897953\n|-terastallize|p2a: Okidogi|Dark\n|move|p1a: Latias|Mist Ball|p2a: Okidogi\n|-immune|p2a: Okidogi\n|move|p1b: Shiftry|Leaf Blade|p2b: Iron Jugulis\n|-resisted|p2b: Iron Jugulis\n|-damage|p2b: Iron Jugulis|132/278\n|-damage|p1b: Shiftry|0 fnt|[from] item: Life Orb\n|faint|p1b: Shiftry\n|move|p2b: Iron Jugulis|Tailwind|p2b: Iron Jugulis\n|-sidestart|p2: pixel_dragon9|move: Tailwind\n|move|p2a: Okidogi|Knock Off|p1a: Latias\n|-supereffective|p1a: Latias\n|-damage|p1a: Latias|35/259\n|-enditem|p1a: Latias|Soul Dew|[from] move: Knock Off|[of] p2a: Okidogi\n|\n|upkeep\n|\n|t:|1770897967\n|switch|p1b: Zamazenta|Zamazenta, L72|251/251\n|-ability|p1b: Zamazenta|Dauntless Shield|boost\n|-boost|p1b: Zamazenta|def|1\n|turn|9\n|\n|t:|1770897981\n|move|p1b: Zamazenta|Close Combat|p2a: Okidogi\n|-supereffective|p2a: Okidogi\n|-damage|p2a: Okidogi|0 fnt\n|-unboost|p1b: Zamazenta|def|1\n|-unboost|p1b: Zamazenta|spd|1\n|faint|p2a: Okidogi\n|-damage|p1b: Zamazenta|226/251|[from] item: Life Orb\n|move|p1a: Latias|Draco Meteor|p2b: Iron Jugulis|[miss]\n|-miss|p1a: Latias|p2b: Iron Jugulis\n|move|p2b: Iron Jugulis|Hurricane|p1b: Zamazenta\n|-supereffective|p1b: Zamazenta\n|-damage|p1b: Zamazenta|0 fnt\n|faint|p1b: Zamazenta\n|-damage|p2b: Iron Jugulis|105/278|[from] item: Life Orb\n|\n|-sideend|p1: MrIkerZeis|move: Tailwind\n|upkeep\n|\n|t:|1770897992\n|switch|p2a: Regigigas|Regigigas, L86|329/329\n|-start|p2a: Regigigas|ability: Slow Start\n|turn|10\n|-message|MrIkerZeis forfeited.\n|\n|win|pixel_dragon9\n|raw|MrIkerZeis's rating: 1690 &rarr; <strong>1669</strong><br />(-21 for losing)\n|raw|pixel_dragon9's rating: 1671 &rarr; <strong>1692</strong><br />(+21 for winning)\n|l|☆MrIkerZeis\n|player|p1|\n", "inputlog": ">version ccdc32dd7cde25fd9e4bed64820e885f66e78a4e\n>start {\"formatid\":\"gen9randomdoublesbattle\",\"seed\":\"sodium,fa9c38fb074c4dbb91831bd9b75a7d71\",\"rated\":\"Rated battle\"}\n>player p1 {\"name\":\"MrIkerZeis\",\"avatar\":\"102\",\"rating\":1690,\"seed\":\"sodium,c22322b51bb9c967f3907ede0bcf8cf6\"}\n>player p2 {\"name\":\"pixel_dragon9\",\"avatar\":\"266\",\"rating\":1671,\"seed\":\"sodium,2a13815fce1557c7ba2075ff1a555642\"}\n>p1 move icebeam +1, move wildcharge +2\n>p2 move sludgebomb +1, switch 6\n>p1 move icebeam +1, move crunch +2\n>p2 move protect, move trickroom\n>p1 move icebeam +1, move crunch +2\n>p2 move sludgebomb +1, move earthpower +2\n>p1 switch 6, pass\n>p2 pass, switch 4\n>p1 move snarl, move wildcharge +2\n>p2 move hydropump +1, move earthpower +2\n>p1 move snarl, move snarl\n>p2 move sludgebomb +2, move steameruption +1\n>p1 pass, switch 4\n>p1 move snarl, move tailwind\n>p2 move sludgebomb +2, move heatwave\n>p2 switch 3, pass\n>p1 move knockoff +2, move protect\n>p2 move knockoff +2, move earthpower +1\n>p1 switch 5, pass\n>p2 pass, switch 6\n>p1 move mistball +1, move leafblade +2\n>p2 move knockoff +1 terastallize, move tailwind\n>p1 pass, switch 3\n>p1 move dracometeor +2, move closecombat +1\n>p2 move snarl, move hurricane +2\n>p2 switch 5, pass\n>forcelose p1", "uploadtime": 1770897995, "views": 82, "formatid": "gen9randomdoublesbattle", "rating": 1669, "private": 0, "password": null}