{"id": "gen9randomdoublesbattle-2537314079", "format": "[Gen 9] Random Doubles Battle", "players": ["Primarina666", "Maltyy"], "log": "|j|☆Primarina666\n|j|☆Maltyy\n|t:|1770796266\n|gametype|doubles\n|player|p1|Primarina666|169|1555\n|player|p2|Maltyy|266|1527\n|gen|9\n|tier|[Gen 9] Random Doubles Battle\n|rated|\n|rule|Species Clause: Limit one of each Pokémon\n|rule|HP Percentage Mod: HP is shown in percentages\n|rule|Illusion Level Mod: Illusion disguises the Pokémon's true level\n|rule|Sleep Clause Mod: Limit one foe put to sleep\n|\n|t:|1770796266\n|teamsize|p1|6\n|teamsize|p2|6\n|start\n|switch|p1a: Breloom|Breloom, L84, M|238/238\n|switch|p1b: Braviary|Braviary, L82, M|298/298\n|switch|p2a: Victreebel|Victreebel, L91, M|293/293\n|switch|p2b: Rotom|Rotom-Mow, L86|226/226\n|turn|1\n|inactive|Battle timer is ON: inactive players will automatically lose when time's up. (requested by Maltyy)\n|inactive|Primarina666 has 120 seconds left.\n|inactive|Maltyy has 120 seconds left.\n|\n|t:|1770796303\n|move|p2a: Victreebel|Protect|p2a: Victreebel\n|-singleturn|p2a: Victreebel|Protect\n|move|p1b: Braviary|Protect|p1b: Braviary\n|-singleturn|p1b: Braviary|Protect\n|move|p2b: Rotom|Volt Switch|p1b: Braviary\n|-activate|p1b: Braviary|move: Protect\n|move|p1a: Breloom|Rock Tomb|p2b: Rotom\n|-crit|p2b: Rotom\n|-damage|p2b: Rotom|104/226\n|-unboost|p2b: Rotom|spe|1\n|-enditem|p2b: Rotom|Sitrus Berry|[eat]\n|-heal|p2b: Rotom|160/226|[from] item: Sitrus Berry\n|-damage|p1a: Breloom|215/238|[from] item: Life Orb\n|\n|upkeep\n|turn|2\n|\n|t:|1770796321\n|switch|p2a: Klawf|Klawf, L91, M|275/275\n|move|p2b: Rotom|Protect|p2b: Rotom\n|-singleturn|p2b: Rotom|Protect\n|move|p1a: Breloom|Mach Punch|p2b: Rotom\n|-activate|p2b: Rotom|move: Protect\n|move|p1b: Braviary|Brave Bird|p2b: Rotom\n|-activate|p2b: Rotom|move: Protect\n|\n|upkeep\n|turn|3\n|\n|t:|1770796343\n|switch|p2a: Victreebel|Victreebel, L91, M|293/293\n|move|p1b: Braviary|Tailwind|p1b: Braviary\n|-sidestart|p1: Primarina666|move: Tailwind\n|move|p1a: Breloom|Bullet Seed|p2a: Victreebel\n|-resisted|p2a: Victreebel\n|-damage|p2a: Victreebel|274/293\n|-resisted|p2a: Victreebel\n|-damage|p2a: Victreebel|256/293\n|-resisted|p2a: Victreebel\n|-damage|p2a: Victreebel|239/293\n|-hitcount|p2a: Victreebel|3\n|-damage|p1a: Breloom|192/238|[from] item: Life Orb\n|move|p2b: Rotom|Volt Switch|p1a: Breloom\n|-resisted|p1a: Breloom\n|-damage|p1a: Breloom|141/238\n|\n|t:|1770796353\n|switch|p2b: Squawkabilly|Squawkabilly, L91, M|297/297|[from] Volt Switch\n|-ability|p2b: Squawkabilly|Intimidate|boost\n|-unboost|p1a: Breloom|atk|1\n|-unboost|p1b: Braviary|atk|1\n|-ability|p1b: Braviary|Defiant|boost\n|-boost|p1b: Braviary|atk|2\n|\n|upkeep\n|turn|4\n|inactive|Maltyy has 120 seconds left.\n|\n|t:|1770796385\n|move|p2b: Squawkabilly|Protect|p2b: Squawkabilly\n|-singleturn|p2b: Squawkabilly|Protect\n|move|p1b: Braviary|Brave Bird|p2a: Victreebel\n|-supereffective|p2a: Victreebel\n|-damage|p2a: Victreebel|0 fnt\n|faint|p2a: Victreebel\n|-damage|p1b: Braviary|219/298|[from] Recoil\n|-damage|p1b: Braviary|190/298|[from] item: Life Orb\n|move|p1a: Breloom|Spore|p2b: Squawkabilly\n|-activate|p2b: Squawkabilly|move: Protect\n|\n|upkeep\n|inactive|Maltyy has 120 seconds left.\n|\n|t:|1770796403\n|switch|p2a: Klawf|Klawf, L91, M|275/275\n|turn|5\n|\n|t:|1770796422\n|switch|p1a: Shiftry|Shiftry, L84, F|288/288\n|-ability|p1a: Shiftry|Wind Rider|boost\n|-boost|p1a: Shiftry|atk|1\n|move|p1b: Braviary|Close Combat|p2a: Klawf\n|-supereffective|p2a: Klawf\n|-damage|p2a: Klawf|15/275\n|-unboost|p1b: Braviary|def|1\n|-unboost|p1b: Braviary|spd|1\n|-damage|p1b: Braviary|161/298|[from] item: Life Orb\n|move|p2a: Klawf|Rock Slide|p1b: Braviary|[spread] p1a,p1b\n|-supereffective|p1b: Braviary\n|-damage|p1a: Shiftry|192/288\n|-damage|p1b: Braviary|0 fnt\n|faint|p1b: Braviary\n|move|p2b: Squawkabilly|Brave Bird|p1a: Shiftry\n|-supereffective|p1a: Shiftry\n|-damage|p1a: Shiftry|0 fnt\n|faint|p1a: Shiftry\n|-damage|p2b: Squawkabilly|234/297|[from] Recoil\n|-damage|p2b: Squawkabilly|205/297|[from] item: Life Orb\n|\n|upkeep\n|\n|t:|1770796441\n|switch|p1a: Breloom|Breloom, L84, M|141/238\n|switch|p1b: Luvdisc|Luvdisc, M|248/248\n|turn|6\n|\n|t:|1770796449\n|switch|p2a: Rotom|Rotom-Mow, L86|160/226\n|move|p2b: Squawkabilly|Protect|p2b: Squawkabilly\n|-singleturn|p2b: Squawkabilly|Protect\n|move|p1b: Luvdisc|Icy Wind|p2b: Squawkabilly|[spread] p2a\n|-activate|p2b: Squawkabilly|move: Protect\n|-supereffective|p2a: Rotom\n|-damage|p2a: Rotom|120/226\n|-unboost|p2a: Rotom|spe|1\n|move|p1a: Breloom|Rock Tomb|p2b: Squawkabilly\n|-activate|p2b: Squawkabilly|move: Protect\n|\n|-sideend|p1: Primarina666|move: Tailwind\n|upkeep\n|turn|7\n|\n|t:|1770796463\n|switch|p1a: Bellibolt|Bellibolt, L81, F|309/309\n|move|p1b: Luvdisc|Icy Wind|p2a: Rotom|[spread] p2a,p2b\n|-supereffective|p2a: Rotom\n|-supereffective|p2b: Squawkabilly\n|-damage|p2a: Rotom|78/226\n|-damage|p2b: Squawkabilly|141/297\n|-unboost|p2a: Rotom|spe|1\n|-unboost|p2b: Squawkabilly|spe|1\n|move|p2b: Squawkabilly|Brave Bird|p1a: Bellibolt\n|-resisted|p1a: Bellibolt\n|-damage|p1a: Bellibolt|217/309\n|-start|p1a: Bellibolt|Charge|Brave Bird|[from] ability: Electromorphosis\n|-damage|p2b: Squawkabilly|111/297|[from] Recoil\n|-damage|p2b: Squawkabilly|82/297|[from] item: Life Orb\n|move|p2a: Rotom|Leaf Storm|p1b: Luvdisc\n|-supereffective|p1b: Luvdisc\n|-damage|p1b: Luvdisc|0 fnt\n|-unboost|p2a: Rotom|spa|2\n|faint|p1b: Luvdisc\n|\n|upkeep\n|\n|t:|1770796478\n|switch|p1b: Breloom|Breloom, L84, M|141/238\n|turn|8\n|inactive|Maltyy has 120 seconds left.\n|\n|t:|1770796512\n|switch|p2b: Lucario|Lucario, L86, M|261/261\n|-terastallize|p1b: Breloom|Fighting\n|move|p1b: Breloom|Mach Punch|p2a: Rotom\n|-damage|p2a: Rotom|0 fnt\n|faint|p2a: Rotom\n|-damage|p1b: Breloom|118/238|[from] item: Life Orb\n|move|p1a: Bellibolt|Thunderbolt|p2b: Lucario\n|-damage|p2b: Lucario|35/261\n|-end|p1a: Bellibolt|Charge|[silent]\n|\n|upkeep\n|inactive|Maltyy has 120 seconds left.\n|\n|t:|1770796529\n|switch|p2a: Deoxys|Deoxys-Attack, L79|209/209\n|-ability|p2a: Deoxys|Pressure\n|turn|9\n|\n|t:|1770796538\n|switch|p1b: Spiritomb|Spiritomb, L89, F|234/234\n|move|p2a: Deoxys|Psycho Boost|p1b: Spiritomb\n|-immune|p1b: Spiritomb\n|move|p2b: Lucario|Close Combat|p1a: Bellibolt\n|-damage|p1a: Bellibolt|9/309\n|-unboost|p2b: Lucario|def|1\n|-unboost|p2b: Lucario|spd|1\n|-start|p1a: Bellibolt|Charge|Close Combat|[from] ability: Electromorphosis\n|-enditem|p1a: Bellibolt|Sitrus Berry|[eat]\n|-heal|p1a: Bellibolt|86/309|[from] item: Sitrus Berry\n|move|p1a: Bellibolt|Muddy Water|p2a: Deoxys|[spread] p2a\n|-miss|p1a: Bellibolt|p2b: Lucario\n|-damage|p2a: Deoxys|85/209\n|\n|upkeep\n|turn|10\n|\n|t:|1770796559\n|move|p2a: Deoxys|Protect|p2a: Deoxys\n|-singleturn|p2a: Deoxys|Protect\n|move|p2b: Lucario|Close Combat|p1a: Bellibolt\n|-damage|p1a: Bellibolt|0 fnt\n|-unboost|p2b: Lucario|def|1\n|-unboost|p2b: Lucario|spd|1\n|faint|p1a: Bellibolt\n|move|p1b: Spiritomb|Trick Room|p1b: Spiritomb\n|-fieldstart|move: Trick Room|[of] p1b: Spiritomb\n|\n|upkeep\n|\n|t:|1770796564\n|switch|p1a: Breloom|Breloom, L84, M, tera:Fighting|118/238\n|turn|11\n|\n|t:|1770796588\n|switch|p2b: Klawf|Klawf, L91, M|106/275\n|switch|p2a: Squawkabilly|Squawkabilly, L91, M|82/297\n|-ability|p2a: Squawkabilly|Intimidate|boost\n|-unboost|p1a: Breloom|atk|1\n|-unboost|p1b: Spiritomb|atk|1\n|move|p1b: Spiritomb|Foul Play|p2b: Klawf\n|-damage|p2b: Klawf|15/275\n|move|p1a: Breloom|Bullet Seed|p2a: Squawkabilly\n|-resisted|p2a: Squawkabilly\n|-damage|p2a: Squawkabilly|51/297\n|-resisted|p2a: Squawkabilly\n|-damage|p2a: Squawkabilly|24/297\n|-resisted|p2a: Squawkabilly\n|-damage|p2a: Squawkabilly|0 fnt\n|faint|p2a: Squawkabilly\n|-hitcount|p2: Squawkabilly|3\n|-damage|p1a: Breloom|95/238|[from] item: Life Orb\n|\n|upkeep\n|inactive|Maltyy has 120 seconds left.\n|\n|t:|1770796603\n|switch|p2a: Deoxys|Deoxys-Attack, L79|85/209\n|-ability|p2a: Deoxys|Pressure\n|turn|12\n|\n|t:|1770796616\n|move|p2a: Deoxys|Extreme Speed|p1a: Breloom\n|-damage|p1a: Breloom|0 fnt\n|faint|p1a: Breloom\n|-damage|p2a: Deoxys|65/209|[from] item: Life Orb\n|move|p1b: Spiritomb|Foul Play|p2b: Klawf\n|-damage|p2b: Klawf|0 fnt\n|faint|p2b: Klawf\n|\n|upkeep\n|\n|t:|1770796620\n|switch|p2b: Lucario|Lucario, L86, M|35/261\n|turn|13\n|\n|t:|1770796650\n|move|p1b: Spiritomb|Will-O-Wisp|p2b: Lucario\n|-status|p2b: Lucario|brn\n|move|p2b: Lucario|Meteor Mash|p1b: Spiritomb\n|-crit|p1b: Spiritomb\n|-damage|p1b: Spiritomb|139/234\n|move|p2a: Deoxys|Knock Off|p1b: Spiritomb\n|-damage|p1b: Spiritomb|29/234\n|-enditem|p1b: Spiritomb|Sitrus Berry|[from] move: Knock Off|[of] p2a: Deoxys\n|-damage|p2a: Deoxys|45/209|[from] item: Life Orb\n|\n|-damage|p2b: Lucario|19/261 brn|[from] brn\n|upkeep\n|turn|14\n|\n|t:|1770796673\n|-terastallize|p2b: Lucario|Normal\n|move|p1b: Spiritomb|Foul Play|p2a: Deoxys\n|-supereffective|p2a: Deoxys\n|-damage|p2a: Deoxys|0 fnt\n|faint|p2a: Deoxys\n|move|p2b: Lucario|Meteor Mash|p1b: Spiritomb\n|-damage|p1b: Spiritomb|0 fnt\n|faint|p1b: Spiritomb\n|\n|win|Maltyy\n|raw|Primarina666's rating: 1555 &rarr; <strong>1533</strong><br />(-22 for losing)\n|raw|Maltyy's rating: 1527 &rarr; <strong>1549</strong><br />(+22 for winning)\n|c|☆Maltyy|gg\n", "inputlog": ">version ccdc32dd7cde25fd9e4bed64820e885f66e78a4e\n>start {\"formatid\":\"gen9randomdoublesbattle\",\"seed\":\"sodium,0f5e55acc0e6e1722d86462493c3f364\",\"rated\":\"Rated battle\"}\n>player p1 {\"name\":\"Primarina666\",\"avatar\":\"169\",\"rating\":1555,\"seed\":\"sodium,c7f4079c8e56f1a600ac0d1fff46d37a\"}\n>player p2 {\"name\":\"Maltyy\",\"avatar\":\"266\",\"rating\":1527,\"seed\":\"sodium,87837d47e65b2058b91dccf2ee0211c0\"}\n>p1 move rocktomb +2, move protect\n>p2 move protect, move voltswitch +2\n>p1 move machpunch +2, move bravebird +2\n>p2 switch 5, move protect\n>p1 move bulletseed +1, move tailwind\n>p2 switch 5, move voltswitch +1\n>p2 pass, switch 6\n>p1 move spore +2, move bravebird +1\n>p2 move sludgebomb +2, move protect\n>p2 switch 5, pass\n>p1 switch 3, move closecombat +1\n>p2 move rockslide, move bravebird +1\n>p1 switch 3, switch 4\n>p1 move rocktomb +2, move icywind\n>p2 switch 6, move protect\n>p1 switch 6, move icywind\n>p2 move leafstorm +2, move bravebird +1\n>p1 pass, switch 6\n>p1 move thunderbolt +2, move machpunch +1 terastallize\n>p2 move voltswitch +2, switch 4\n>p2 switch 3, pass\n>p1 move muddywater, switch 5\n>p2 move psychoboost +2, move closecombat +1\n>p1 move muddywater, move trickroom\n>p2 move protect, move closecombat +1\n>p1 switch 5, pass\n>p1 move bulletseed +1, move foulplay +2\n>p2 switch 4, switch 6\n>p2 switch 4, pass\n>p1 move bulletseed +1, move foulplay +2\n>p2 move extremespeed +1, move knockoff +2\n>p2 pass, switch 6\n>p1 pass, move willowisp +2\n>p2 move knockoff +2, move meteormash +2\n>p1 pass, move foulplay +1\n>p2 move knockoff +2, move meteormash +2 terastallize", "uploadtime": 1770796684, "views": 70, "formatid": "gen9randomdoublesbattle", "rating": 1533, "private": 0, "password": null}