{"id": "gen9randomdoublesbattle-2534554264", "format": "[Gen 9] Random Doubles Battle", "players": ["nhat21052005", "baseballlover"], "log": "|j|☆nhat21052005\n|j|☆baseballlover\n|t:|1770436280\n|gametype|doubles\n|player|p1|nhat21052005|265|1686\n|player|p2|baseballlover|1|1634\n|gen|9\n|tier|[Gen 9] Random Doubles Battle\n|rated|\n|rule|Species Clause: Limit one of each Pokémon\n|rule|HP Percentage Mod: HP is shown in percentages\n|rule|Illusion Level Mod: Illusion disguises the Pokémon's true level\n|rule|Sleep Clause Mod: Limit one foe put to sleep\n|\n|t:|1770436280\n|teamsize|p1|6\n|teamsize|p2|6\n|start\n|switch|p1a: Regigigas|Regigigas, L86|329/329\n|switch|p1b: Goodra|Goodra, L86, M|295/295\n|switch|p2a: Landorus|Landorus, L75, M|257/257\n|switch|p2b: Klefki|Klefki, L81, M|225/225\n|-start|p1a: Regigigas|ability: Slow Start\n|turn|1\n|inactive|Battle timer is ON: inactive players will automatically lose when time's up. (requested by baseballlover)\n|inactive|nhat21052005 also wants the timer to be on.\n|inactive|baseballlover has 120 seconds left.\n|inactive|baseballlover has 90 seconds left.\n|\n|t:|1770436354\n|move|p2b: Klefki|Reflect|p2b: Klefki\n|-sidestart|p2: baseballlover|Reflect\n|move|p2a: Landorus|Nasty Plot|p2a: Landorus\n|-boost|p2a: Landorus|spa|2\n|move|p1b: Goodra|Scald|p2a: Landorus\n|-supereffective|p2a: Landorus\n|-damage|p2a: Landorus|111/257\n|move|p1a: Regigigas|Substitute|p1a: Regigigas\n|-start|p1a: Regigigas|Substitute\n|-damage|p1a: Regigigas|247/329\n|\n|-heal|p1a: Regigigas|267/329|[from] item: Leftovers\n|upkeep\n|turn|2\n|\n|t:|1770436372\n|move|p2b: Klefki|Light Screen|p2b: Klefki\n|-sidestart|p2: baseballlover|move: Light Screen\n|move|p2a: Landorus|Sludge Bomb|p1b: Goodra\n|-damage|p1b: Goodra|216/295\n|move|p1b: Goodra|Scald|p2a: Landorus\n|-supereffective|p2a: Landorus\n|-damage|p2a: Landorus|15/257\n|-status|p2a: Landorus|brn\n|move|p1a: Regigigas|Knock Off|p2b: Klefki\n|-resisted|p2b: Klefki\n|-damage|p2b: Klefki|207/225\n|-enditem|p2b: Klefki|Light Clay|[from] move: Knock Off|[of] p1a: Regigigas\n|\n|-heal|p1a: Regigigas|287/329|[from] item: Leftovers\n|-damage|p2a: Landorus|0 fnt|[from] brn\n|faint|p2a: Landorus\n|upkeep\n|inactive|baseballlover has 120 seconds left.\n|\n|t:|1770436409\n|switch|p2a: Walking Wake|Walking Wake, L78|283/283\n|turn|3\n|\n|t:|1770436420\n|switch|p1b: Revavroom|Revavroom, L84, M|272/272\n|move|p1a: Regigigas|Protect|p1a: Regigigas\n|-singleturn|p1a: Regigigas|Protect\n|move|p2a: Walking Wake|Draco Meteor|p1b: Revavroom\n|-resisted|p1b: Revavroom\n|-damage|p1b: Revavroom|163/272\n|-unboost|p2a: Walking Wake|spa|2\n|-damage|p2a: Walking Wake|255/283|[from] item: Life Orb\n|move|p2b: Klefki|Dazzling Gleam|p1b: Revavroom|[spread] p1b\n|-activate|p1a: Regigigas|move: Protect\n|-resisted|p1b: Revavroom\n|-damage|p1b: Revavroom|148/272\n|\n|-heal|p1a: Regigigas|307/329|[from] item: Leftovers\n|upkeep\n|turn|4\n|inactive|baseballlover has 120 seconds left.\n|\n|t:|1770436451\n|-end|p2a: Walking Wake|Protosynthesis|[silent]\n|switch|p2a: Jolteon|Jolteon, L85, F|249/249\n|move|p2b: Klefki|Thunder Wave|p1b: Revavroom\n|-status|p1b: Revavroom|par\n|move|p1a: Regigigas|Knock Off|p2a: Jolteon\n|-damage|p2a: Jolteon|199/249\n|-enditem|p2a: Jolteon|Life Orb|[from] move: Knock Off|[of] p1a: Regigigas\n|move|p1b: Revavroom|High Horsepower|p2b: Klefki\n|-supereffective|p2b: Klefki\n|-damage|p2b: Klefki|65/225\n|-damage|p1b: Revavroom|121/272 par|[from] item: Life Orb\n|\n|-heal|p1a: Regigigas|327/329|[from] item: Leftovers\n|upkeep\n|turn|5\n|inactive|baseballlover has 120 seconds left.\n|inactive|baseballlover has 90 seconds left.\n|\n|t:|1770436508\n|move|p1a: Regigigas|Protect|p1a: Regigigas\n|-singleturn|p1a: Regigigas|Protect\n|move|p2a: Jolteon|Calm Mind|p2a: Jolteon\n|-boost|p2a: Jolteon|spa|1\n|-boost|p2a: Jolteon|spd|1\n|move|p2b: Klefki|Dazzling Gleam|p1a: Regigigas|[spread] p1b\n|-activate|p1a: Regigigas|move: Protect\n|-resisted|p1b: Revavroom\n|-damage|p1b: Revavroom|105/272 par\n|move|p1b: Revavroom|High Horsepower|p2b: Klefki\n|-supereffective|p2b: Klefki\n|-damage|p2b: Klefki|0 fnt\n|faint|p2b: Klefki\n|-damage|p1b: Revavroom|78/272 par|[from] item: Life Orb\n|\n|-heal|p1a: Regigigas|329/329|[from] item: Leftovers\n|-end|p1a: Regigigas|Slow Start\n|upkeep\n|inactive|baseballlover has 90 seconds left.\n|inactive|baseballlover has 60 seconds left.\n|\n|t:|1770436553\n|switch|p2b: Keldeo|Keldeo-Resolute, L78|270/270\n|turn|6\n|\n|t:|1770436565\n|move|p2b: Keldeo|Vacuum Wave|p1a: Regigigas\n|-supereffective|p1a: Regigigas\n|-end|p1a: Regigigas|Substitute\n|move|p2a: Jolteon|Thunderbolt|p1a: Regigigas\n|-damage|p1a: Regigigas|197/329\n|move|p1a: Regigigas|Body Slam|p2b: Keldeo\n|-damage|p2b: Keldeo|168/270\n|-status|p2b: Keldeo|par\n|move|p1b: Revavroom|High Horsepower|p2a: Jolteon\n|-supereffective|p2a: Jolteon\n|-damage|p2a: Jolteon|22/249\n|-damage|p1b: Revavroom|51/272 par|[from] item: Life Orb\n|\n|-heal|p1a: Regigigas|217/329|[from] item: Leftovers\n|upkeep\n|turn|7\n|\n|t:|1770436584\n|-terastallize|p1a: Regigigas|Fairy\n|move|p2b: Keldeo|Vacuum Wave|p1a: Regigigas\n|-resisted|p1a: Regigigas\n|-damage|p1a: Regigigas|190/329\n|move|p2a: Jolteon|Thunderbolt|p1a: Regigigas\n|-damage|p1a: Regigigas|54/329\n|move|p1a: Regigigas|Body Slam|p2b: Keldeo\n|-damage|p2b: Keldeo|61/270 par\n|move|p1b: Revavroom|High Horsepower|p2a: Jolteon\n|-supereffective|p2a: Jolteon\n|-damage|p2a: Jolteon|0 fnt\n|faint|p2a: Jolteon\n|-damage|p1b: Revavroom|24/272 par|[from] item: Life Orb\n|\n|-heal|p1a: Regigigas|74/329|[from] item: Leftovers\n|upkeep\n|\n|t:|1770436609\n|switch|p2a: Plusle|Plusle, L92, F|260/260\n|turn|8\n|\n|t:|1770436616\n|move|p2b: Keldeo|Vacuum Wave|p1b: Revavroom\n|-damage|p1b: Revavroom|0 fnt\n|faint|p1b: Revavroom\n|move|p2a: Plusle|Thunderbolt|p1a: Regigigas\n|-damage|p1a: Regigigas|0 fnt\n|faint|p1a: Regigigas\n|-damage|p2a: Plusle|234/260|[from] item: Life Orb\n|\n|-sideend|p2: baseballlover|Reflect\n|upkeep\n|\n|t:|1770436628\n|switch|p1a: Goodra|Goodra, L86, M|216/295\n|switch|p1b: Sceptile|Sceptile, L88, F|266/266\n|turn|9\n|inactive|baseballlover has 120 seconds left.\n|\n|t:|1770436642\n|move|p2b: Keldeo|Vacuum Wave|p1b: Sceptile\n|-damage|p1b: Sceptile|193/266\n|move|p1b: Sceptile|Leaf Storm|p2a: Plusle|[miss]\n|-miss|p1b: Sceptile|p2a: Plusle\n|move|p2a: Plusle|Alluring Voice|p1a: Goodra\n|-supereffective|p1a: Goodra\n|-damage|p1a: Goodra|148/295\n|-damage|p2a: Plusle|208/260|[from] item: Life Orb\n|move|p1a: Goodra|Sludge Bomb|p2b: Keldeo\n|-damage|p2b: Keldeo|11/270 par\n|\n|-sideend|p2: baseballlover|move: Light Screen\n|upkeep\n|turn|10\n|\n|t:|1770436653\n|move|p1b: Sceptile|Protect|p1b: Sceptile\n|-singleturn|p1b: Sceptile|Protect\n|cant|p2b: Keldeo|par\n|move|p2a: Plusle|Alluring Voice|p1a: Goodra\n|-supereffective|p1a: Goodra\n|-damage|p1a: Goodra|86/295\n|-damage|p2a: Plusle|182/260|[from] item: Life Orb\n|move|p1a: Goodra|Sludge Bomb|p2b: Keldeo\n|-damage|p2b: Keldeo|0 fnt\n|faint|p2b: Keldeo\n|\n|upkeep\n|\n|t:|1770436657\n|switch|p2b: Walking Wake|Walking Wake, L78|255/283\n|turn|11\n|\n|t:|1770436667\n|-terastallize|p2b: Walking Wake|Fire\n|move|p1b: Sceptile|Shed Tail|p1b: Sceptile\n|-start|p1b: Sceptile|Substitute|[from] move: Shed Tail\n|-damage|p1b: Sceptile|60/266\n|-enditem|p1b: Sceptile|Sitrus Berry|[eat]\n|-heal|p1b: Sceptile|126/266|[from] item: Sitrus Berry\n|\n|t:|1770436673\n|switch|p1b: Iron Bundle|Iron Bundle, L78|215/215|[from] Shed Tail\n|-enditem|p1b: Iron Bundle|Booster Energy\n|-activate|p1b: Iron Bundle|ability: Quark Drive|[fromitem]\n|-start|p1b: Iron Bundle|quarkdrivespe\n|move|p2a: Plusle|Nasty Plot|p2a: Plusle\n|-boost|p2a: Plusle|spa|2\n|move|p2b: Walking Wake|Flamethrower|p1b: Iron Bundle\n|-end|p1b: Iron Bundle|Substitute\n|-damage|p2b: Walking Wake|227/283|[from] item: Life Orb\n|move|p1a: Goodra|Draco Meteor|p2b: Walking Wake\n|-damage|p2b: Walking Wake|64/283\n|-unboost|p1a: Goodra|spa|2\n|\n|upkeep\n|turn|12\n|\n|t:|1770436691\n|move|p2b: Walking Wake|Protect|p2b: Walking Wake\n|-singleturn|p2b: Walking Wake|Protect\n|move|p1b: Iron Bundle|Icy Wind|p2a: Plusle|[spread] p2a\n|-activate|p2b: Walking Wake|move: Protect\n|-crit|p2a: Plusle\n|-damage|p2a: Plusle|116/260\n|-unboost|p2a: Plusle|spe|1\n|move|p1a: Goodra|Scald|p2b: Walking Wake\n|-activate|p2b: Walking Wake|move: Protect\n|move|p2a: Plusle|Thunderbolt|p1b: Iron Bundle\n|-supereffective|p1b: Iron Bundle\n|-damage|p1b: Iron Bundle|0 fnt\n|faint|p1b: Iron Bundle\n|-end|p1b: Iron Bundle|Quark Drive|[silent]\n|-damage|p2a: Plusle|90/260|[from] item: Life Orb\n|\n|upkeep\n|\n|t:|1770436699\n|switch|p1b: Sceptile|Sceptile, L88, F|126/266\n|turn|13\n|\n|t:|1770436705\n|move|p1b: Sceptile|Leaf Storm|p2a: Plusle|[miss]\n|-miss|p1b: Sceptile|p2a: Plusle\n|move|p2b: Walking Wake|Flamethrower|p1b: Sceptile\n|-supereffective|p1b: Sceptile\n|-damage|p1b: Sceptile|0 fnt\n|faint|p1b: Sceptile\n|-damage|p2b: Walking Wake|36/283|[from] item: Life Orb\n|move|p1a: Goodra|Scald|p2b: Walking Wake\n|-supereffective|p2b: Walking Wake\n|-crit|p2b: Walking Wake\n|-damage|p2b: Walking Wake|0 fnt\n|faint|p2b: Walking Wake\n|-end|p2b: Walking Wake|Protosynthesis|[silent]\n|move|p2a: Plusle|Alluring Voice|p1a: Goodra\n|-supereffective|p1a: Goodra\n|-damage|p1a: Goodra|0 fnt\n|faint|p1a: Goodra\n|-damage|p2a: Plusle|64/260|[from] item: Life Orb\n|\n|upkeep\n|inactive|nhat21052005 has 120 seconds left.\n|inactive|nhat21052005 has 90 seconds left.\n|\n|t:|1770436774\n|switch|p1b: Houndoom|Houndoom, L86, F|269/269\n|turn|14\n|\n|t:|1770436777\n|move|p1b: Houndoom|Dark Pulse|p2a: Plusle\n|-damage|p2a: Plusle|0 fnt\n|faint|p2a: Plusle\n|-damage|p1b: Houndoom|243/269|[from] item: Life Orb\n|\n|win|nhat21052005\n|raw|nhat21052005's rating: 1686 &rarr; <strong>1703</strong><br />(+17 for winning)\n|raw|baseballlover's rating: 1634 &rarr; <strong>1617</strong><br />(-17 for losing)\n", "inputlog": ">version ccdc32dd7cde25fd9e4bed64820e885f66e78a4e\n>start {\"formatid\":\"gen9randomdoublesbattle\",\"seed\":\"sodium,94ed03a61ac0ee8bb05c02bc63c8688a\",\"rated\":\"Rated battle\"}\n>player p1 {\"name\":\"nhat21052005\",\"avatar\":\"265\",\"rating\":1686,\"seed\":\"sodium,d0c2dd5179b0c0fd8116864a381baf02\"}\n>player p2 {\"name\":\"baseballlover\",\"avatar\":\"1\",\"rating\":1634,\"seed\":\"sodium,e5ab4b734f6c0f22e7fd4278cb9b92b4\"}\n>p1 move substitute, move scald +1\n>p2 move nastyplot, move reflect\n>p1 move knockoff +2, move scald +1\n>p2 move sludgebomb +2, move lightscreen\n>p2 switch 3, pass\n>p1 move protect, switch 6\n>p2 move dracometeor +2, move dazzlinggleam\n>p1 move knockoff +1, move highhorsepower +2\n>p2 switch 5, move thunderwave +2\n>p1 move protect, move highhorsepower +2\n>p2 move calmmind, move dazzlinggleam\n>p2 pass, switch 4\n>p1 move bodyslam +2, move highhorsepower +1\n>p2 move thunderbolt +1, move vacuumwave +1\n>p1 move bodyslam +2 terastallize, move highhorsepower +1\n>p2 move thunderbolt +1, move vacuumwave +1\n>p2 switch 6, pass\n>p1 move bodyslam +2, move highhorsepower +1\n>p2 move thunderbolt +1, move vacuumwave +2\n>p1 switch 6, switch 4\n>p1 move sludgebomb +2, move leafstorm +1\n>p2 move alluringvoice +1, move vacuumwave +2\n>p1 move sludgebomb +2, move protect\n>p2 move alluringvoice +1, move vacuumwave +2\n>p2 pass, switch 5\n>p1 move dracometeor +2, move shedtail\n>p2 move nastyplot, move flamethrower +2 terastallize\n>p1 pass, switch 3\n>p1 move scald +2, move icywind\n>p2 move thunderbolt +2, move protect\n>p1 pass, switch 3\n>p1 move scald +2, move leafstorm +1\n>p2 move alluringvoice +1, move flamethrower +2\n>p1 pass, switch 5\n>p1 pass, move darkpulse +1\n>p2 move thunderbolt +2, pass", "uploadtime": 1770436777, "views": 90, "formatid": "gen9randomdoublesbattle", "rating": 1617, "private": 0, "password": null}