{"id": "gen9randomdoublesbattle-2536592491", "format": "[Gen 9] Random Doubles Battle", "players": ["lambence4", "baseballlover"], "log": "|j|☆lambence4\n|j|☆baseballlover\n|t:|1770711471\n|gametype|doubles\n|player|p1|lambence4|101|1549\n|player|p2|baseballlover|2|1605\n|gen|9\n|tier|[Gen 9] Random Doubles Battle\n|rated|\n|rule|Species Clause: Limit one of each Pokémon\n|rule|HP Percentage Mod: HP is shown in percentages\n|rule|Illusion Level Mod: Illusion disguises the Pokémon's true level\n|rule|Sleep Clause Mod: Limit one foe put to sleep\n|\n|t:|1770711471\n|teamsize|p1|6\n|teamsize|p2|6\n|start\n|switch|p1a: Decidueye|Decidueye, L89, M|284/284\n|switch|p1b: Kommo-o|Kommo-o, L79, F|248/248\n|switch|p2a: Cinderace|Cinderace, L82, F|265/265\n|switch|p2b: Chi-Yu|Chi-Yu, L75|206/206\n|-ability|p2b: Chi-Yu|Beads of Ruin\n|turn|1\n|inactive|Battle timer is ON: inactive players will automatically lose when time's up. (requested by baseballlover)\n|inactive|lambence4 has 120 seconds left.\n|inactive|lambence4 has 90 seconds left.\n|\n|t:|1770711536\n|switch|p2b: Vigoroth|Vigoroth, L91, M|293/293\n|switch|p1a: Swanna|Swanna, L87, F|272/272\n|move|p2a: Cinderace|Pyro Ball|p1a: Swanna\n|-resisted|p1a: Swanna\n|-damage|p1a: Swanna|192/272\n|move|p1b: Kommo-o|Clangorous Soul|p1b: Kommo-o\n|-boost|p1b: Kommo-o|atk|1\n|-boost|p1b: Kommo-o|def|1\n|-boost|p1b: Kommo-o|spa|1\n|-boost|p1b: Kommo-o|spd|1\n|-boost|p1b: Kommo-o|spe|1\n|-damage|p1b: Kommo-o|167/248\n|-enditem|p1b: Kommo-o|Throat Spray\n|-boost|p1b: Kommo-o|spa|1|[from] item: Throat Spray\n|\n|upkeep\n|turn|2\n|\n|t:|1770711556\n|move|p1b: Kommo-o|Drain Punch|p2b: Vigoroth\n|-supereffective|p2b: Vigoroth\n|-damage|p2b: Vigoroth|147/293\n|-heal|p1b: Kommo-o|240/248|[from] drain|[of] p2b: Vigoroth\n|move|p2a: Cinderace|High Jump Kick|p1b: Kommo-o\n|-damage|p1b: Kommo-o|189/248\n|move|p1a: Swanna|Tailwind|p1a: Swanna\n|-sidestart|p1: lambence4|move: Tailwind\n|move|p2b: Vigoroth|Icy Wind|p1a: Swanna|[spread] p1a,p1b\n|-supereffective|p1b: Kommo-o\n|-damage|p1a: Swanna|166/272\n|-damage|p1b: Kommo-o|161/248\n|-unboost|p1a: Swanna|spe|1\n|-unboost|p1b: Kommo-o|spe|1\n|\n|upkeep\n|turn|3\n|\n|t:|1770711576\n|move|p1b: Kommo-o|Drain Punch|p2b: Vigoroth\n|-supereffective|p2b: Vigoroth\n|-damage|p2b: Vigoroth|0 fnt\n|-heal|p1b: Kommo-o|235/248|[from] drain|[of] p2b: Vigoroth\n|faint|p2b: Vigoroth\n|move|p1a: Swanna|Brave Bird|p2a: Cinderace\n|-damage|p2a: Cinderace|88/265\n|-damage|p1a: Swanna|108/272|[from] Recoil\n|-damage|p1a: Swanna|81/272|[from] item: Life Orb\n|move|p2a: Cinderace|High Jump Kick|p1b: Kommo-o\n|-damage|p1b: Kommo-o|179/248\n|\n|upkeep\n|\n|t:|1770711581\n|switch|p2b: Sinistcha|Sinistcha, L81|248/248\n|-heal|p2a: Cinderace|154/265|[from] ability: Hospitality|[of] p2b: Sinistcha\n|turn|4\n|\n|t:|1770711599\n|move|p2a: Cinderace|Protect|p2a: Cinderace\n|-singleturn|p2a: Cinderace|Protect\n|move|p1b: Kommo-o|Clanging Scales|p2b: Sinistcha|[spread] p2b\n|-activate|p2a: Cinderace|move: Protect\n|-damage|p2b: Sinistcha|58/248\n|-unboost|p1b: Kommo-o|def|1\n|move|p1a: Swanna|Hydro Pump|p2a: Cinderace\n|-activate|p2a: Cinderace|move: Protect\n|move|p2b: Sinistcha|Matcha Gotcha|p1a: Swanna|[spread] p1a,p1b\n|-resisted|p1b: Kommo-o\n|-damage|p1a: Swanna|0 fnt\n|-heal|p2b: Sinistcha|99/248|[from] drain|[of] p1a: Swanna\n|-damage|p1b: Kommo-o|157/248\n|-heal|p2b: Sinistcha|110/248|[from] drain|[of] p1b: Kommo-o\n|faint|p1a: Swanna\n|\n|-heal|p2b: Sinistcha|125/248|[from] item: Leftovers\n|upkeep\n|inactive|lambence4 has 120 seconds left.\n|\n|t:|1770711620\n|switch|p1a: Groudon|Groudon, L69|252/252\n|-weather|SunnyDay|[from] ability: Drought|[of] p1a: Groudon\n|turn|5\n|\n|t:|1770711645\n|switch|p2b: Araquanid|Araquanid, L84, M|251/251\n|move|p1b: Kommo-o|Drain Punch|p2a: Cinderace\n|-damage|p2a: Cinderace|21/265\n|-heal|p1b: Kommo-o|224/248|[from] drain|[of] p2a: Cinderace\n|move|p1a: Groudon|Heat Crash|p2b: Araquanid\n|-damage|p2b: Araquanid|189/251\n|move|p2a: Cinderace|High Jump Kick|p1b: Kommo-o\n|-damage|p1b: Kommo-o|137/248\n|\n|-weather|SunnyDay|[upkeep]\n|-sideend|p1: lambence4|move: Tailwind\n|upkeep\n|turn|6\n|\n|t:|1770711667\n|switch|p1a: Pawmot|Pawmot, L80, F|243/243\n|move|p2a: Cinderace|High Jump Kick|p1b: Kommo-o\n|-damage|p1b: Kommo-o|59/248\n|move|p1b: Kommo-o|Clanging Scales|p2a: Cinderace|[spread] p2a,p2b\n|-damage|p2a: Cinderace|0 fnt\n|-damage|p2b: Araquanid|77/251\n|-enditem|p2b: Araquanid|Sitrus Berry|[eat]\n|-heal|p2b: Araquanid|139/251|[from] item: Sitrus Berry\n|faint|p2a: Cinderace\n|-unboost|p1b: Kommo-o|def|1\n|move|p2b: Araquanid|Sticky Web|p1b: Kommo-o\n|-sidestart|p1: lambence4|move: Sticky Web\n|\n|-weather|SunnyDay|[upkeep]\n|upkeep\n|\n|t:|1770711693\n|switch|p2a: Sinistcha|Sinistcha, L81|125/248\n|-heal|p2b: Araquanid|201/251|[from] ability: Hospitality|[of] p2a: Sinistcha\n|turn|7\n|\n|t:|1770711708\n|move|p2a: Sinistcha|Protect|p2a: Sinistcha\n|-singleturn|p2a: Sinistcha|Protect\n|move|p1a: Pawmot|Double Shock|p2b: Araquanid\n|-supereffective|p2b: Araquanid\n|-damage|p2b: Araquanid|0 fnt\n|-start|p1a: Pawmot|typechange|???/Fighting|[from] move: Double Shock\n|faint|p2b: Araquanid\n|-damage|p1a: Pawmot|219/243|[from] item: Life Orb\n|move|p1b: Kommo-o|Clanging Scales|p2a: Sinistcha\n|-activate|p2a: Sinistcha|move: Protect\n|\n|-weather|SunnyDay|[upkeep]\n|-heal|p2a: Sinistcha|140/248|[from] item: Leftovers\n|upkeep\n|\n|t:|1770711719\n|switch|p2b: Quagsire|Quagsire, L91, M|321/321\n|turn|8\n|\n|t:|1770711736\n|-terastallize|p2a: Sinistcha|Fairy\n|move|p1a: Pawmot|Protect|p1a: Pawmot\n|-singleturn|p1a: Pawmot|Protect\n|move|p1b: Kommo-o|Clanging Scales|p2a: Sinistcha|[spread] p2b\n|-immune|p2a: Sinistcha\n|-damage|p2b: Quagsire|228/321\n|-unboost|p1b: Kommo-o|def|1\n|move|p2a: Sinistcha|Matcha Gotcha|p1b: Kommo-o|[spread] p1b\n|-activate|p1a: Pawmot|move: Protect\n|-resisted|p1b: Kommo-o\n|-damage|p1b: Kommo-o|37/248\n|-heal|p2a: Sinistcha|151/248|[from] drain|[of] p1b: Kommo-o\n|move|p2b: Quagsire|High Horsepower|p1b: Kommo-o\n|-damage|p1b: Kommo-o|0 fnt\n|faint|p1b: Kommo-o\n|\n|-weather|SunnyDay|[upkeep]\n|-heal|p2a: Sinistcha|166/248|[from] item: Leftovers\n|upkeep\n|\n|t:|1770711744\n|switch|p1b: Decidueye|Decidueye, L89, M|284/284\n|-activate|p1b: Decidueye|move: Sticky Web\n|-unboost|p1b: Decidueye|spe|1\n|turn|9\n|\n|t:|1770711764\n|switch|p2b: Chi-Yu|Chi-Yu, L75|206/206\n|-ability|p2b: Chi-Yu|Beads of Ruin\n|move|p1b: Decidueye|Protect|p1b: Decidueye\n|-singleturn|p1b: Decidueye|Protect\n|move|p1a: Pawmot|Revival Blessing|p1a: Pawmot\n|inactive|lambence4 has 120 seconds left.\n|\n|t:|1770711784\n|-heal|p1: Swanna|136/272|[from] move: Revival Blessing\n|move|p2a: Sinistcha|Shadow Ball|p1b: Decidueye\n|-activate|p1b: Decidueye|move: Protect\n|\n|-weather|none\n|-heal|p2a: Sinistcha|181/248|[from] item: Leftovers\n|upkeep\n|turn|10\n|\n|t:|1770711808\n|switch|p1b: Swanna|Swanna, L87, F|136/272\n|move|p2b: Chi-Yu|Heat Wave|p1b: Swanna|[spread] p1a,p1b\n|-resisted|p1b: Swanna\n|-damage|p1a: Pawmot|71/243\n|-damage|p1b: Swanna|70/272\n|move|p1a: Pawmot|Close Combat|p2b: Chi-Yu\n|-supereffective|p2b: Chi-Yu\n|-damage|p2b: Chi-Yu|0 fnt\n|-unboost|p1a: Pawmot|def|1\n|-unboost|p1a: Pawmot|spd|1\n|faint|p2b: Chi-Yu\n|-damage|p1a: Pawmot|47/243|[from] item: Life Orb\n|move|p2a: Sinistcha|Matcha Gotcha|p1a: Pawmot|[spread] p1a,p1b\n|-damage|p1a: Pawmot|0 fnt\n|-heal|p2a: Sinistcha|205/248|[from] drain|[of] p1a: Pawmot\n|-damage|p1b: Swanna|0 fnt\n|-heal|p2a: Sinistcha|240/248|[from] drain|[of] p1b: Swanna\n|faint|p1a: Pawmot\n|faint|p1b: Swanna\n|\n|-heal|p2a: Sinistcha|248/248|[from] item: Leftovers\n|upkeep\n|inactive|baseballlover has 120 seconds left.\n|inactive|lambence4 has 120 seconds left.\n|\n|t:|1770711845\n|switch|p1b: Groudon|Groudon, L69|252/252\n|switch|p1a: Decidueye|Decidueye, L89, M|284/284\n|switch|p2b: Quagsire|Quagsire, L91, M|228/321\n|-activate|p1a: Decidueye|move: Sticky Web\n|-unboost|p1a: Decidueye|spe|1\n|-activate|p1b: Groudon|move: Sticky Web\n|-unboost|p1b: Groudon|spe|1\n|-weather|SunnyDay|[from] ability: Drought|[of] p1b: Groudon\n|turn|11\n|inactive|lambence4 has 120 seconds left.\n|\n|t:|1770711872\n|move|p2a: Sinistcha|Matcha Gotcha|p1b: Groudon|[spread] p1a,p1b\n|-resisted|p1a: Decidueye\n|-supereffective|p1b: Groudon\n|-damage|p1a: Decidueye|254/284\n|-damage|p1b: Groudon|84/252\n|-status|p1a: Decidueye|brn\n|-enditem|p1b: Groudon|Sitrus Berry|[eat]\n|-heal|p1b: Groudon|147/252|[from] item: Sitrus Berry\n|move|p2b: Quagsire|Yawn||[still]\n|-fail|p2b: Quagsire\n|move|p1a: Decidueye|Leaf Storm|p2b: Quagsire\n|-supereffective|p2b: Quagsire\n|-damage|p2b: Quagsire|0 fnt\n|-unboost|p1a: Decidueye|spa|2\n|faint|p2b: Quagsire\n|move|p1b: Groudon|Precipice Blades|p2a: Sinistcha\n|-damage|p2a: Sinistcha|136/248\n|\n|-weather|SunnyDay|[upkeep]\n|-heal|p2a: Sinistcha|151/248|[from] item: Leftovers\n|-damage|p1a: Decidueye|237/284 brn|[from] brn\n|upkeep\n|turn|12\n|inactive|lambence4 has 120 seconds left.\n|\n|t:|1770711903\n|move|p2a: Sinistcha|Matcha Gotcha|p1b: Groudon|[spread] p1a,p1b\n|-resisted|p1a: Decidueye\n|-supereffective|p1b: Groudon\n|-damage|p1a: Decidueye|207/284 brn\n|-heal|p2a: Sinistcha|166/248|[from] drain|[of] p1a: Decidueye\n|-damage|p1b: Groudon|0 fnt\n|-heal|p2a: Sinistcha|240/248|[from] drain|[of] p1b: Groudon\n|faint|p1b: Groudon\n|move|p1a: Decidueye|Spirit Shackle|p2a: Sinistcha\n|-damage|p2a: Sinistcha|195/248\n|-activate|p2a: Sinistcha|trapped\n|\n|-weather|SunnyDay|[upkeep]\n|-heal|p2a: Sinistcha|210/248|[from] item: Leftovers\n|-damage|p1a: Decidueye|190/284 brn|[from] brn\n|upkeep\n|\n|t:|1770711917\n|switch|p1b: Forretress|Forretress, L90, M|281/281\n|-activate|p1b: Forretress|move: Sticky Web\n|-unboost|p1b: Forretress|spe|1\n|turn|13\n|\n|t:|1770711929\n|move|p2a: Sinistcha|Protect|p2a: Sinistcha\n|-singleturn|p2a: Sinistcha|Protect\n|move|p1a: Decidueye|Spirit Shackle|p2a: Sinistcha\n|-activate|p2a: Sinistcha|move: Protect\n|move|p1b: Forretress|Iron Head|p2a: Sinistcha\n|-activate|p2a: Sinistcha|move: Protect\n|\n|-weather|SunnyDay|[upkeep]\n|-heal|p2a: Sinistcha|225/248|[from] item: Leftovers\n|-damage|p1a: Decidueye|173/284 brn|[from] brn\n|upkeep\n|turn|14\n|\n|t:|1770711943\n|move|p2a: Sinistcha|Shadow Ball|p1b: Forretress\n|-damage|p1b: Forretress|158/281\n|-unboost|p1b: Forretress|spd|1\n|move|p1a: Decidueye|Spirit Shackle|p2a: Sinistcha\n|-damage|p2a: Sinistcha|177/248\n|move|p1b: Forretress|Iron Head|p2a: Sinistcha\n|-supereffective|p2a: Sinistcha\n|-damage|p2a: Sinistcha|3/248\n|\n|-weather|SunnyDay|[upkeep]\n|-heal|p2a: Sinistcha|18/248|[from] item: Leftovers\n|-damage|p1a: Decidueye|156/284 brn|[from] brn\n|upkeep\n|turn|15\n|\n|t:|1770711959\n|move|p2a: Sinistcha|Protect|p2a: Sinistcha\n|-singleturn|p2a: Sinistcha|Protect\n|move|p1a: Decidueye|Spirit Shackle|p2a: Sinistcha\n|-activate|p2a: Sinistcha|move: Protect\n|move|p1b: Forretress|Iron Head|p2a: Sinistcha\n|-activate|p2a: Sinistcha|move: Protect\n|\n|-weather|none\n|-heal|p2a: Sinistcha|33/248|[from] item: Leftovers\n|-damage|p1a: Decidueye|139/284 brn|[from] brn\n|upkeep\n|-enditem|p1a: Decidueye|Sitrus Berry|[eat]\n|-heal|p1a: Decidueye|210/284 brn|[from] item: Sitrus Berry\n|turn|16\n|\n|t:|1770711971\n|move|p2a: Sinistcha|Shadow Ball|p1b: Forretress\n|-damage|p1b: Forretress|0 fnt\n|faint|p1b: Forretress\n|move|p1a: Decidueye|Spirit Shackle|p2a: Sinistcha\n|-damage|p2a: Sinistcha|0 fnt\n|faint|p2a: Sinistcha\n|\n|win|lambence4\n|raw|lambence4's rating: 1549 &rarr; <strong>1572</strong><br />(+23 for winning)\n|raw|baseballlover's rating: 1605 &rarr; <strong>1582</strong><br />(-23 for losing)\n", "inputlog": ">version ccdc32dd7cde25fd9e4bed64820e885f66e78a4e\n>start {\"formatid\":\"gen9randomdoublesbattle\",\"seed\":\"sodium,07dc78a0ee372b393778b84d2683e7f5\",\"rated\":\"Rated battle\"}\n>player p1 {\"name\":\"lambence4\",\"avatar\":\"101\",\"rating\":1549,\"seed\":\"sodium,124c2ce1bc3bacf6eeb4d67161a941f8\"}\n>player p2 {\"name\":\"baseballlover\",\"avatar\":\"2\",\"rating\":1605,\"seed\":\"sodium,e232ff5ad330fc8f2cea5aae5400fb5c\"}\n>p1 switch 5, move clangoroussoul\n>p2 move pyroball +1, switch 4\n>p1 move tailwind, move drainpunch +2\n>p2 move highjumpkick +2, move icywind\n>p1 move bravebird +2, move drainpunch +2\n>p2 move highjumpkick +2, move icywind\n>p2 pass, switch 6\n>p1 move hydropump +1, move clangingscales\n>p2 move protect, move matchagotcha\n>p1 switch 4, pass\n>p1 move heatcrash +2, move drainpunch +1\n>p2 move highjumpkick +2, switch 3\n>p1 switch 6, move clangingscales\n>p2 move highjumpkick +2, move stickyweb\n>p2 switch 3, pass\n>p1 move doubleshock +2, move clangingscales\n>p2 move protect, move lunge +2\n>p2 pass, switch 5\n>p1 move protect, move clangingscales\n>p2 move matchagotcha terastallize, move highhorsepower +2\n>p1 pass, switch 5\n>p1 move revivalblessing, move protect\n>p2 move shadowball +2, switch 4\n>p1 switch 4, pass\n>p1 move closecombat +2, switch 4\n>p2 move matchagotcha, move heatwave\n>p1 switch 4, switch 6\n>p2 pass, switch 4\n>p1 move leafstorm +2, move precipiceblades\n>p2 move matchagotcha, move yawn +1\n>p1 move spiritshackle +1, move heatcrash +1\n>p2 move matchagotcha, pass\n>p1 pass, switch 3\n>p1 move spiritshackle +1, move ironhead +1\n>p2 move protect, pass\n>p1 move spiritshackle +1, move ironhead +1\n>p2 move shadowball +2, pass\n>p1 move spiritshackle +1, move ironhead +1\n>p2 move protect, pass\n>p1 move spiritshackle +1, move rest\n>p2 move shadowball +2, pass", "uploadtime": 1770711971, "views": 62, "formatid": "gen9randomdoublesbattle", "rating": 1572, "private": 0, "password": null}