{"id": "gen9randomdoublesbattle-2534664244", "format": "[Gen 9] Random Doubles Battle", "players": ["breathtakingglade", "baseballlover"], "log": "|j|☆breathtakingglade\n|j|☆baseballlover\n|t:|1770456919\n|gametype|doubles\n|player|p1|breathtakingglade|2|1582\n|player|p2|baseballlover|1|1591\n|gen|9\n|tier|[Gen 9] Random Doubles Battle\n|rated|\n|rule|Species Clause: Limit one of each Pokémon\n|rule|HP Percentage Mod: HP is shown in percentages\n|rule|Illusion Level Mod: Illusion disguises the Pokémon's true level\n|rule|Sleep Clause Mod: Limit one foe put to sleep\n|\n|t:|1770456919\n|teamsize|p1|6\n|teamsize|p2|6\n|start\n|switch|p1a: Farigiraf|Farigiraf, L84, F|339/339\n|switch|p1b: Kricketune|Kricketune, M|316/316\n|switch|p2a: Emboar|Emboar, L85, M|326/326\n|switch|p2b: Primarina|Primarina, L79, F|256/256\n|turn|1\n|inactive|Battle timer is ON: inactive players will automatically lose when time's up. (requested by baseballlover)\n|\n|t:|1770456948\n|move|p1b: Kricketune|Helping Hand|p1a: Farigiraf\n|-singleturn|p1a: Farigiraf|Helping Hand|[of] p1b: Kricketune\n|move|p2a: Emboar|Knock Off|p1a: Farigiraf\n|-supereffective|p1a: Farigiraf\n|-damage|p1a: Farigiraf|51/339\n|-enditem|p1a: Farigiraf|Life Orb|[from] move: Knock Off|[of] p2a: Emboar\n|move|p2b: Primarina|Hyper Voice|p1a: Farigiraf|[spread] p1a,p1b\n|-damage|p1a: Farigiraf|0 fnt\n|-damage|p1b: Kricketune|220/316\n|faint|p1a: Farigiraf\n|\n|upkeep\n|\n|t:|1770456966\n|switch|p1a: Okidogi|Okidogi, L78, M|265/265\n|turn|2\n|inactive|baseballlover has 120 seconds left.\n|\n|t:|1770457017\n|switch|p2a: Solgaleo|Solgaleo, L74|325/325\n|move|p1b: Kricketune|Sticky Web|p2a: Solgaleo\n|-sidestart|p2: baseballlover|move: Sticky Web\n|move|p1a: Okidogi|Gunk Shot|p2b: Primarina\n|-supereffective|p2b: Primarina\n|-damage|p2b: Primarina|0 fnt\n|faint|p2b: Primarina\n|\n|upkeep\n|\n|t:|1770457024\n|switch|p2b: Kingdra|Kingdra, L85, M|266/266\n|-activate|p2b: Kingdra|move: Sticky Web\n|-unboost|p2b: Kingdra|spe|1\n|turn|3\n|inactive|baseballlover has 120 seconds left.\n|\n|t:|1770457040\n|move|p1b: Kricketune|Helping Hand|p1a: Okidogi\n|-singleturn|p1a: Okidogi|Helping Hand|[of] p1b: Kricketune\n|move|p2a: Solgaleo|Flame Charge|p1b: Kricketune\n|-supereffective|p1b: Kricketune\n|-damage|p1b: Kricketune|128/316\n|-boost|p2a: Solgaleo|spe|1\n|-enditem|p1b: Kricketune|Sitrus Berry|[eat]\n|-heal|p1b: Kricketune|207/316|[from] item: Sitrus Berry\n|move|p1a: Okidogi|Knock Off|p2b: Kingdra\n|-damage|p2b: Kingdra|158/266\n|-status|p2b: Kingdra|tox|[from] ability: Toxic Chain|[of] p1a: Okidogi\n|-enditem|p2b: Kingdra|Life Orb|[from] move: Knock Off|[of] p1a: Okidogi\n|move|p2b: Kingdra|Rain Dance|p2b: Kingdra\n|-weather|RainDance\n|\n|-weather|RainDance|[upkeep]\n|-damage|p2b: Kingdra|142/266 tox|[from] psn\n|upkeep\n|turn|4\n|inactive|baseballlover has 120 seconds left.\n|\n|t:|1770457076\n|move|p1b: Kricketune|Helping Hand|p1a: Okidogi\n|-singleturn|p1a: Okidogi|Helping Hand|[of] p1b: Kricketune\n|move|p2a: Solgaleo|Sunsteel Strike|p1b: Kricketune\n|-damage|p1b: Kricketune|78/316\n|move|p2b: Kingdra|Wave Crash|p1a: Okidogi\n|-damage|p1a: Okidogi|105/265\n|-damage|p2b: Kingdra|89/266 tox|[from] Recoil\n|move|p1a: Okidogi|Drain Punch|p2b: Kingdra\n|-damage|p2b: Kingdra|0 fnt\n|-heal|p1a: Okidogi|150/265|[from] drain|[of] p2b: Kingdra\n|faint|p2b: Kingdra\n|\n|-weather|RainDance|[upkeep]\n|upkeep\n|\n|t:|1770457086\n|switch|p2b: Toedscruel|Toedscruel, L87, F|281/281\n|-activate|p2b: Toedscruel|move: Sticky Web\n|-unboost|p2b: Toedscruel|spe|1\n|turn|5\n|\n|t:|1770457100\n|move|p2a: Solgaleo|Sunsteel Strike|p1b: Kricketune\n|-damage|p1b: Kricketune|0 fnt\n|faint|p1b: Kricketune\n|move|p1a: Okidogi|Knock Off|p2b: Toedscruel\n|-damage|p2b: Toedscruel|195/281\n|-status|p2b: Toedscruel|tox|[from] ability: Toxic Chain|[of] p1a: Okidogi\n|-enditem|p2b: Toedscruel|Sitrus Berry|[from] move: Knock Off|[of] p1a: Okidogi\n|move|p2b: Toedscruel|Earth Power|p1a: Okidogi\n|-supereffective|p1a: Okidogi\n|-damage|p1a: Okidogi|12/265\n|\n|-weather|RainDance|[upkeep]\n|-damage|p2b: Toedscruel|178/281 tox|[from] psn\n|upkeep\n|\n|t:|1770457116\n|switch|p1b: Wugtrio|Wugtrio, L92, M|214/214\n|turn|6\n|\n|t:|1770457131\n|move|p2a: Solgaleo|Close Combat|p1b: Wugtrio\n|-damage|p1b: Wugtrio|93/214\n|-unboost|p2a: Solgaleo|def|1\n|-unboost|p2a: Solgaleo|spd|1\n|-ability|p1b: Wugtrio|Gooey\n|-fail|p2a: Solgaleo|unboost|[from] ability: Full Metal Body|[of] p2a: Solgaleo\n|move|p1b: Wugtrio|Liquidation|p2a: Solgaleo\n|-damage|p2a: Solgaleo|0 fnt\n|faint|p2a: Solgaleo\n|move|p1a: Okidogi|Gunk Shot|p2b: Toedscruel|[miss]\n|-miss|p1a: Okidogi|p2b: Toedscruel\n|move|p2b: Toedscruel|Earth Power|p1a: Okidogi\n|-supereffective|p1a: Okidogi\n|-damage|p1a: Okidogi|0 fnt\n|faint|p1a: Okidogi\n|\n|-weather|RainDance|[upkeep]\n|-damage|p2b: Toedscruel|144/281 tox|[from] psn\n|upkeep\n|\n|t:|1770457147\n|switch|p2a: Cacturne|Cacturne, L91, F|275/275\n|switch|p1a: Tauros|Tauros-Paldea-Aqua, L80, M|251/251\n|-ability|p1a: Tauros|Intimidate|boost\n|-unboost|p2a: Cacturne|atk|1\n|-unboost|p2b: Toedscruel|atk|1\n|-activate|p2a: Cacturne|move: Sticky Web\n|-unboost|p2a: Cacturne|spe|1\n|turn|7\n|\n|t:|1770457159\n|move|p1a: Tauros|Protect|p1a: Tauros\n|-singleturn|p1a: Tauros|Protect\n|move|p2a: Cacturne|Sucker Punch|p1b: Wugtrio\n|-damage|p1b: Wugtrio|0 fnt\n|-ability|p1b: Wugtrio|Gooey\n|-unboost|p2a: Cacturne|spe|1\n|faint|p1b: Wugtrio\n|-damage|p2a: Cacturne|248/275|[from] item: Life Orb\n|move|p2b: Toedscruel|Spore|p1a: Tauros\n|-activate|p1a: Tauros|move: Protect\n|\n|-weather|none\n|-damage|p2b: Toedscruel|93/281 tox|[from] psn\n|upkeep\n|\n|t:|1770457170\n|switch|p1b: Glastrier|Glastrier, L80|291/291\n|turn|8\n|\n|t:|1770457179\n|switch|p2a: Emboar|Emboar, L85, M|326/326\n|-activate|p2a: Emboar|move: Sticky Web\n|-unboost|p2a: Emboar|spe|1\n|move|p1b: Glastrier|Protect|p1b: Glastrier\n|-singleturn|p1b: Glastrier|Protect\n|move|p1a: Tauros|Close Combat|p2a: Emboar\n|-damage|p2a: Emboar|163/326\n|-unboost|p1a: Tauros|def|1\n|-unboost|p1a: Tauros|spd|1\n|move|p2b: Toedscruel|Spore|p1a: Tauros\n|-status|p1a: Tauros|slp|[from] move: Spore\n|\n|-damage|p2b: Toedscruel|25/281 tox|[from] psn\n|upkeep\n|turn|9\n|inactive|breathtakingglade has 120 seconds left.\n|\n|t:|1770457213\n|move|p1b: Glastrier|Protect|p1b: Glastrier\n|-singleturn|p1b: Glastrier|Protect\n|cant|p1a: Tauros|slp\n|move|p2b: Toedscruel|Giga Drain|p1a: Tauros\n|-supereffective|p1a: Tauros\n|-damage|p1a: Tauros|0 fnt\n|-heal|p2b: Toedscruel|151/281 tox|[from] drain|[of] p1a: Tauros\n|faint|p1a: Tauros\n|move|p2a: Emboar|Flare Blitz|p1b: Glastrier\n|-activate|p1b: Glastrier|move: Protect\n|\n|-damage|p2b: Toedscruel|66/281 tox|[from] psn\n|upkeep\n|turn|10\n|\n|t:|1770457230\n|-terastallize|p1b: Glastrier|Fighting\n|move|p2a: Emboar|Flare Blitz|p1b: Glastrier\n|-damage|p1b: Glastrier|60/291\n|-enditem|p1b: Glastrier|Sitrus Berry|[eat]\n|-heal|p1b: Glastrier|132/291|[from] item: Sitrus Berry\n|-damage|p2a: Emboar|87/326|[from] Recoil\n|move|p1b: Glastrier|Close Combat|p2a: Emboar\n|-damage|p2a: Emboar|0 fnt\n|-unboost|p1b: Glastrier|def|1\n|-unboost|p1b: Glastrier|spd|1\n|faint|p2a: Emboar\n|-ability|p1b: Glastrier|Chilling Neigh|boost\n|-boost|p1b: Glastrier|atk|1\n|move|p2b: Toedscruel|Spore|p1b: Glastrier\n|-status|p1b: Glastrier|slp|[from] move: Spore\n|\n|-damage|p2b: Toedscruel|0 fnt|[from] psn\n|faint|p2b: Toedscruel\n|upkeep\n|\n|t:|1770457248\n|switch|p2b: Cacturne|Cacturne, L91, F|248/275\n|-activate|p2b: Cacturne|move: Sticky Web\n|-unboost|p2b: Cacturne|spe|1\n|turn|11\n|\n|t:|1770457251\n|cant|p1b: Glastrier|slp\n|move|p2b: Cacturne|Leaf Storm|p1b: Glastrier|[miss]\n|-miss|p2b: Cacturne|p1b: Glastrier\n|\n|upkeep\n|turn|12\n|\n|t:|1770457257\n|cant|p1b: Glastrier|slp\n|move|p2b: Cacturne|Leaf Storm|p1b: Glastrier\n|-damage|p1b: Glastrier|0 fnt\n|-unboost|p2b: Cacturne|spa|2\n|faint|p1b: Glastrier\n|-damage|p2b: Cacturne|221/275|[from] item: Life Orb\n|\n|win|baseballlover\n|raw|breathtakingglade's rating: 1582 &rarr; <strong>1563</strong><br />(-19 for losing)\n|raw|baseballlover's rating: 1591 &rarr; <strong>1610</strong><br />(+19 for winning)\n", "inputlog": ">version ccdc32dd7cde25fd9e4bed64820e885f66e78a4e\n>start {\"formatid\":\"gen9randomdoublesbattle\",\"seed\":\"sodium,620f7bf825676a90cdcde2c765d36889\",\"rated\":\"Rated battle\"}\n>player p1 {\"name\":\"breathtakingglade\",\"avatar\":\"2\",\"rating\":1582,\"seed\":\"sodium,08d381340d959be38de4990d8e9330ae\"}\n>player p2 {\"name\":\"baseballlover\",\"avatar\":\"1\",\"rating\":1591,\"seed\":\"sodium,704a3b695d46a8e1be6d6972e4335978\"}\n>p1 move hypervoice, move helpinghand -1\n>p2 move knockoff +1, move hypervoice\n>p1 switch 5, pass\n>p1 move gunkshot +2, move stickyweb\n>p2 switch 3, move hypervoice\n>p2 pass, switch 6\n>p1 move knockoff +2, move helpinghand -1\n>p2 move flamecharge +2, move raindance\n>p1 move drainpunch +2, move helpinghand -1\n>p2 move sunsteelstrike +2, move wavecrash +1\n>p2 pass, switch 4\n>p1 move knockoff +2, move bugbite +2\n>p2 move sunsteelstrike +2, move earthpower +1\n>p1 pass, switch 4\n>p1 move gunkshot +2, move liquidation +1\n>p2 move closecombat +2, move earthpower +1\n>p1 switch 3, pass\n>p2 switch 5, pass\n>p1 move protect, move liquidation +2\n>p2 move suckerpunch +2, move spore +1\n>p1 pass, switch 6\n>p1 move closecombat +1, move protect\n>p2 switch 3, move spore +1\n>p1 move liquidation +1, move protect\n>p2 move flareblitz +2, move gigadrain +1\n>p1 pass, move closecombat +1 terastallize\n>p2 move flareblitz +2, move spore +2\n>p2 pass, switch 3\n>p1 pass, move protect\n>p2 pass, move leafstorm +2\n>p1 pass, move protect\n>p2 pass, move leafstorm +2", "uploadtime": 1770457258, "views": 92, "formatid": "gen9randomdoublesbattle", "rating": 1563, "private": 0, "password": null}