{"id": "gen9randomdoublesbattle-2536869701", "format": "[Gen 9] Random Doubles Battle", "players": ["AnInchOfFury", "doobydoug"], "log": "|j|☆AnInchOfFury\n|j|☆doobydoug\n|t:|1770744194\n|gametype|doubles\n|player|p1|AnInchOfFury|schoolkid|1586\n|player|p2|doobydoug|101|1579\n|gen|9\n|tier|[Gen 9] Random Doubles Battle\n|rated|\n|rule|Species Clause: Limit one of each Pokémon\n|rule|HP Percentage Mod: HP is shown in percentages\n|rule|Illusion Level Mod: Illusion disguises the Pokémon's true level\n|rule|Sleep Clause Mod: Limit one foe put to sleep\n|\n|t:|1770744194\n|teamsize|p1|6\n|teamsize|p2|6\n|start\n|switch|p1a: Breloom|Breloom, L84, M|238/238\n|switch|p1b: Quaquaval|Quaquaval, L82, M|274/274\n|switch|p2a: Toxtricity|Toxtricity, L82, F|257/257\n|switch|p2b: Ariados|Ariados, F|302/302\n|turn|1\n|inactive|Battle timer is ON: inactive players will automatically lose when time's up. (requested by doobydoug)\n|c|☆AnInchOfFury|Rip poison\n|inactive|AnInchOfFury has 120 seconds left.\n|\n|t:|1770744239\n|move|p1b: Quaquaval|Protect|p1b: Quaquaval\n|-singleturn|p1b: Quaquaval|Protect\n|move|p2b: Ariados|Rage Powder|p2b: Ariados\n|-singleturn|p2b: Ariados|move: Rage Powder\n|move|p2a: Toxtricity|Sludge Bomb|p1a: Breloom\n|-supereffective|p1a: Breloom\n|-damage|p1a: Breloom|0 fnt\n|faint|p1a: Breloom\n|\n|upkeep\n|\n|t:|1770744248\n|switch|p1a: Grumpig|Grumpig, L91, F|293/293\n|turn|2\n|\n|t:|1770744265\n|switch|p2a: Mimikyu|Mimikyu, L82, F|224/224\n|switch|p2b: Volcanion|Volcanion, L75|244/244\n|-terastallize|p1b: Quaquaval|Water\n|move|p1a: Grumpig|Psychic|p2a: Mimikyu\n|-activate|p2a: Mimikyu|ability: Disguise\n|-damage|p2a: Mimikyu|224/224\n|-unboost|p2a: Mimikyu|spd|1\n|detailschange|p2a: Mimikyu|Mimikyu-Busted, L82, F\n|-damage|p2a: Mimikyu|196/224|[from] pokemon: Mimikyu-Busted\n|-damage|p1a: Grumpig|264/293|[from] item: Life Orb\n|move|p1b: Quaquaval|Aqua Step|p2b: Volcanion\n|-immune|p2b: Volcanion|[from] ability: Water Absorb\n|\n|upkeep\n|turn|3\n|\n|t:|1770744290\n|move|p2a: Mimikyu|Shadow Sneak|p1a: Grumpig\n|-supereffective|p1a: Grumpig\n|-damage|p1a: Grumpig|155/293\n|-damage|p2a: Mimikyu|174/224|[from] item: Life Orb\n|move|p1a: Grumpig|Dazzling Gleam|p2a: Mimikyu|[spread] p2a,p2b\n|-resisted|p2b: Volcanion\n|-damage|p2a: Mimikyu|88/224\n|-damage|p2b: Volcanion|210/244\n|-damage|p1a: Grumpig|126/293|[from] item: Life Orb\n|move|p1b: Quaquaval|Aqua Step|p2a: Mimikyu\n|-damage|p2a: Mimikyu|0 fnt\n|-boost|p1b: Quaquaval|spe|1\n|faint|p2a: Mimikyu\n|-ability|p1b: Quaquaval|Moxie|boost\n|-boost|p1b: Quaquaval|atk|1\n|-damage|p1b: Quaquaval|247/274|[from] item: Life Orb\n|move|p2b: Volcanion|Heat Wave|p1a: Grumpig|[spread] p1a,p1b\n|-crit|p1a: Grumpig\n|-resisted|p1b: Quaquaval\n|-damage|p1a: Grumpig|84/293\n|-damage|p1b: Quaquaval|203/274\n|\n|upkeep\n|inactive|doobydoug has 120 seconds left.\n|\n|t:|1770744319\n|switch|p2a: Ariados|Ariados, F|302/302\n|turn|4\n|\n|t:|1770744327\n|-terastallize|p2a: Ariados|Steel\n|move|p2a: Ariados|Rage Powder|p2a: Ariados\n|-singleturn|p2a: Ariados|move: Rage Powder\n|move|p1b: Quaquaval|Aqua Step|p2a: Ariados\n|-damage|p2a: Ariados|71/302\n|-boost|p1b: Quaquaval|spe|1\n|-damage|p1b: Quaquaval|158/274|[from] item: Rocky Helmet|[of] p2a: Ariados\n|-damage|p1b: Quaquaval|131/274|[from] item: Life Orb\n|move|p1a: Grumpig|Earth Power|p2a: Ariados\n|-supereffective|p2a: Ariados\n|-damage|p2a: Ariados|0 fnt\n|faint|p2a: Ariados\n|-damage|p1a: Grumpig|55/293|[from] item: Life Orb\n|move|p2b: Volcanion|Heat Wave|p1a: Grumpig|[spread] p1a\n|-miss|p2b: Volcanion|p1b: Quaquaval\n|-damage|p1a: Grumpig|24/293\n|\n|upkeep\n|inactive|doobydoug has 120 seconds left.\n|\n|t:|1770744356\n|switch|p2a: Deoxys|Deoxys-Defense, L88|231/231\n|-ability|p2a: Deoxys|Pressure\n|turn|5\n|inactive|doobydoug has 120 seconds left.\n|\n|t:|1770744367\n|move|p1b: Quaquaval|Knock Off|p2a: Deoxys\n|-supereffective|p2a: Deoxys\n|-crit|p2a: Deoxys\n|-damage|p2a: Deoxys|0 fnt\n|-enditem|p2a: Deoxys|Sitrus Berry|[from] move: Knock Off|[of] p1b: Quaquaval\n|faint|p2a: Deoxys\n|-ability|p1b: Quaquaval|Moxie|boost\n|-boost|p1b: Quaquaval|atk|1\n|-damage|p1b: Quaquaval|104/274|[from] item: Life Orb\n|move|p1a: Grumpig|Earth Power|p2b: Volcanion\n|-supereffective|p2b: Volcanion\n|-crit|p2b: Volcanion\n|-damage|p2b: Volcanion|0 fnt\n|faint|p2b: Volcanion\n|-damage|p1a: Grumpig|0 fnt|[from] item: Life Orb\n|faint|p1a: Grumpig\n|\n|upkeep\n|inactive|doobydoug has 120 seconds left.\n|\n|t:|1770744382\n|switch|p2a: Poliwrath|Poliwrath, L90, F|308/308\n|switch|p1a: Grimmsnarl|Grimmsnarl, L82, M|290/290\n|switch|p2b: Toxtricity|Toxtricity, L82, F|257/257\n|turn|6\n|\n|t:|1770744390\n|move|p1a: Grimmsnarl|Fake Out|p2a: Poliwrath\n|-damage|p2a: Poliwrath|282/308\n|move|p1b: Quaquaval|Aqua Step|p2b: Toxtricity\n|-damage|p2b: Toxtricity|0 fnt\n|-boost|p1b: Quaquaval|spe|1\n|faint|p2b: Toxtricity\n|-ability|p1b: Quaquaval|Moxie|boost\n|-boost|p1b: Quaquaval|atk|1\n|-damage|p1b: Quaquaval|77/274|[from] item: Life Orb\n|cant|p2a: Poliwrath|flinch\n|\n|upkeep\n|turn|7\n|-message|doobydoug forfeited.\n|\n|win|AnInchOfFury\n|raw|AnInchOfFury's rating: 1586 &rarr; <strong>1606</strong><br />(+20 for winning)\n|raw|doobydoug's rating: 1579 &rarr; <strong>1559</strong><br />(-20 for losing)\n|l|☆doobydoug\n|player|p2|\n", "inputlog": ">version ccdc32dd7cde25fd9e4bed64820e885f66e78a4e\n>start {\"formatid\":\"gen9randomdoublesbattle\",\"seed\":\"sodium,a5b5a1f1559630b9c0429261e0737877\",\"rated\":\"Rated battle\"}\n>player p1 {\"name\":\"AnInchOfFury\",\"avatar\":\"schoolkid\",\"rating\":1586,\"seed\":\"sodium,15f0ced35ea9c6df872489fb91682afc\"}\n>player p2 {\"name\":\"doobydoug\",\"avatar\":\"101\",\"rating\":1579,\"seed\":\"sodium,ece7d365fdfed4cc9eade44b20c57b05\"}\n>chat ☆AnInchOfFury|Rip poison\n>p1 move rocktomb +2, move protect\n>p2 move sludgebomb +1, move ragepowder\n>p1 switch 6, pass\n>p1 move psychic +1, move aquastep +2 terastallize\n>p2 switch 3, switch 5\n>p1 move dazzlinggleam, move aquastep +1\n>p2 move shadowsneak +1, move heatwave\n>p2 switch 5, pass\n>p1 move earthpower +2, move aquastep +1\n>p2 move ragepowder terastallize, move heatwave\n>p2 switch 6, pass\n>p1 move earthpower +2, move knockoff +1\n>p2 move thunderwave +2, move heatwave\n>p1 switch 4, pass\n>p2 switch 4, switch 3\n>p1 move fakeout +1, move aquastep +2\n>p2 move icywind, move overdrive\n>forcelose p2", "uploadtime": 1770744405, "views": 66, "formatid": "gen9randomdoublesbattle", "rating": 1559, "private": 0, "password": null}