{"id": "gen9randomdoublesbattle-2540011770", "format": "[Gen 9] Random Doubles Battle", "players": ["caoscontrol", "toch85000"], "log": "|j|☆caoscontrol\n|j|☆toch85000\n|t:|1771144354\n|gametype|doubles\n|player|p1|caoscontrol|2|1659\n|player|p2|toch85000|266|1597\n|gen|9\n|tier|[Gen 9] Random Doubles Battle\n|rated|\n|rule|Species Clause: Limit one of each Pokémon\n|rule|HP Percentage Mod: HP is shown in percentages\n|rule|Illusion Level Mod: Illusion disguises the Pokémon's true level\n|rule|Sleep Clause Mod: Limit one foe put to sleep\n|\n|t:|1771144354\n|teamsize|p1|6\n|teamsize|p2|6\n|start\n|switch|p1a: Arceus|Arceus-Ice, L73|296/296\n|switch|p1b: Kyogre|Kyogre, L65|238/238\n|switch|p2a: Sawsbuck|Sawsbuck-Autumn, L91, M|293/293\n|switch|p2b: Dondozo|Dondozo, L85, F|394/394\n|-weather|RainDance|[from] ability: Drizzle|[of] p1b: Kyogre\n|turn|1\n|inactive|Battle timer is ON: inactive players will automatically lose when time's up. (requested by caoscontrol)\n|\n|t:|1771144382\n|switch|p1b: Swanna|Swanna, L87, F|272/272\n|move|p2a: Sawsbuck|Horn Leech|p1b: Swanna\n|-damage|p1b: Swanna|130/272\n|-damage|p2a: Sawsbuck|264/293|[from] item: Life Orb\n|move|p1a: Arceus|Judgment|p2a: Sawsbuck\n|-supereffective|p2a: Sawsbuck\n|-damage|p2a: Sawsbuck|0 fnt\n|faint|p2a: Sawsbuck\n|move|p2b: Dondozo|Body Press|p1a: Arceus\n|-supereffective|p1a: Arceus\n|-damage|p1a: Arceus|184/296\n|\n|-weather|RainDance|[upkeep]\n|upkeep\n|\n|t:|1771144385\n|switch|p2a: Toxtricity|Toxtricity, L82, F|257/257\n|turn|2\n|\n|t:|1771144401\n|move|p1b: Swanna|Protect|p1b: Swanna\n|-singleturn|p1b: Swanna|Protect\n|move|p2a: Toxtricity|Overdrive|p1a: Arceus|[spread] p1a\n|-activate|p1b: Swanna|move: Protect\n|-damage|p1a: Arceus|105/296\n|move|p1a: Arceus|Earth Power|p2a: Toxtricity\n|-supereffective|p2a: Toxtricity\n|-damage|p2a: Toxtricity|0 fnt\n|faint|p2a: Toxtricity\n|move|p2b: Dondozo|Wave Crash|p1a: Arceus\n|-crit|p1a: Arceus\n|-damage|p1a: Arceus|0 fnt\n|faint|p1a: Arceus\n|-damage|p2b: Dondozo|359/394|[from] Recoil\n|\n|-weather|RainDance|[upkeep]\n|upkeep\n|\n|t:|1771144417\n|switch|p1a: Meowstic|Meowstic, L88, M|274/274\n|switch|p2a: Arceus|Arceus-Bug, L74|300/300\n|turn|3\n|\n|t:|1771144431\n|move|p1a: Meowstic|Fake Out|p2a: Arceus\n|-damage|p2a: Arceus|282/300\n|cant|p2a: Arceus|flinch\n|move|p1b: Swanna|Tailwind|p1b: Swanna\n|-sidestart|p1: caoscontrol|move: Tailwind\n|move|p2b: Dondozo|Wave Crash|p1b: Swanna\n|-resisted|p1b: Swanna\n|-damage|p1b: Swanna|4/272\n|-damage|p2b: Dondozo|317/394|[from] Recoil\n|\n|-weather|RainDance|[upkeep]\n|upkeep\n|turn|4\n|\n|t:|1771144445\n|move|p2a: Arceus|Extreme Speed|p1b: Swanna\n|-damage|p1b: Swanna|0 fnt\n|faint|p1b: Swanna\n|move|p1a: Meowstic|Reflect|p1a: Meowstic\n|-sidestart|p1: caoscontrol|Reflect\n|move|p2b: Dondozo|Wave Crash|p1a: Meowstic\n|-damage|p1a: Meowstic|118/274\n|-damage|p2b: Dondozo|266/394|[from] Recoil\n|\n|-weather|RainDance|[upkeep]\n|upkeep\n|\n|t:|1771144456\n|switch|p1b: Latias|Latias, L80, F|259/259\n|turn|5\n|inactive|toch85000 has 120 seconds left.\n|\n|t:|1771144487\n|-terastallize|p1b: Latias|Steel\n|move|p1a: Meowstic|Psychic|p2b: Dondozo\n|-damage|p2b: Dondozo|188/394\n|move|p1b: Latias|Mist Ball|p2b: Dondozo\n|-damage|p2b: Dondozo|88/394\n|move|p2a: Arceus|X-Scissor|p1a: Meowstic\n|-supereffective|p1a: Meowstic\n|-damage|p1a: Meowstic|0 fnt\n|faint|p1a: Meowstic\n|move|p2b: Dondozo|Avalanche|p1b: Latias\n|-resisted|p1b: Latias\n|-damage|p1b: Latias|230/259\n|\n|-weather|none\n|upkeep\n|\n|t:|1771144504\n|switch|p1a: Snorlax|Snorlax, L84, M|406/406\n|turn|6\n|\n|t:|1771144517\n|move|p1b: Latias|Mist Ball|p2b: Dondozo\n|-damage|p2b: Dondozo|0 fnt\n|faint|p2b: Dondozo\n|move|p2a: Arceus|Swords Dance|p2a: Arceus\n|-boost|p2a: Arceus|atk|2\n|move|p1a: Snorlax|Icy Wind|p2a: Arceus\n|-crit|p2a: Arceus\n|-damage|p2a: Arceus|245/300\n|-unboost|p2a: Arceus|spe|1\n|\n|-sideend|p1: caoscontrol|move: Tailwind\n|upkeep\n|\n|t:|1771144532\n|switch|p2b: Luxray|Luxray, L86, M|278/278\n|-ability|p2b: Luxray|Intimidate|boost\n|-unboost|p1a: Snorlax|atk|1\n|-unboost|p1b: Latias|atk|1\n|turn|7\n|\n|t:|1771144544\n|move|p2a: Arceus|Extreme Speed|p1a: Snorlax\n|-damage|p1a: Snorlax|325/406\n|move|p1b: Latias|Mist Ball|p2a: Arceus\n|-damage|p2a: Arceus|134/300\n|-unboost|p2a: Arceus|spa|1\n|move|p2b: Luxray|Snarl|p1b: Latias|[spread] p1a,p1b\n|-damage|p1a: Snorlax|299/406\n|-damage|p1b: Latias|208/259\n|-unboost|p1a: Snorlax|spa|1\n|-unboost|p1b: Latias|spa|1\n|move|p1a: Snorlax|High Horsepower|p2b: Luxray\n|-supereffective|p2b: Luxray\n|-damage|p2b: Luxray|178/278\n|\n|upkeep\n|turn|8\n|\n|t:|1771144566\n|move|p2a: Arceus|Extreme Speed|p1a: Snorlax\n|-damage|p1a: Snorlax|210/406\n|move|p1b: Latias|Mist Ball|p2a: Arceus\n|-damage|p2a: Arceus|55/300\n|move|p2b: Luxray|Wild Charge|p1a: Snorlax\n|-damage|p1a: Snorlax|107/406\n|-enditem|p1a: Snorlax|Figy Berry|[eat]\n|-heal|p1a: Snorlax|242/406|[from] item: Figy Berry\n|-damage|p2b: Luxray|152/278|[from] Recoil\n|move|p1a: Snorlax|Icy Wind|p2a: Arceus|[spread] p2a,p2b\n|-damage|p2a: Arceus|41/300\n|-damage|p2b: Luxray|141/278\n|-unboost|p2a: Arceus|spe|1\n|-unboost|p2b: Luxray|spe|1\n|\n|upkeep\n|turn|9\n|inactive|caoscontrol has 120 seconds left.\n|\n|t:|1771144607\n|move|p2a: Arceus|Extreme Speed|p1a: Snorlax\n|-crit|p1a: Snorlax\n|-damage|p1a: Snorlax|31/406\n|move|p1b: Latias|Mist Ball|p2a: Arceus\n|-damage|p2a: Arceus|0 fnt\n|faint|p2a: Arceus\n|move|p2b: Luxray|Snarl|p1b: Latias|[spread] p1a,p1b\n|-damage|p1a: Snorlax|7/406\n|-damage|p1b: Latias|183/259\n|-unboost|p1a: Snorlax|spa|1\n|-unboost|p1b: Latias|spa|1\n|move|p1a: Snorlax|High Horsepower|p2b: Luxray\n|-supereffective|p2b: Luxray\n|-damage|p2b: Luxray|45/278\n|\n|upkeep\n|\n|t:|1771144610\n|switch|p2a: Koraidon|Koraidon, L66|242/242\n|-weather|SunnyDay|[from] ability: Orichalcum Pulse|[of] p2a: Koraidon\n|-activate|p2a: Koraidon|Orichalcum Pulse|[source]\n|turn|10\n|inactive|caoscontrol has 120 seconds left.\n|\n|t:|1771144634\n|switch|p1a: Kyogre|Kyogre, L65|238/238\n|-weather|RainDance|[from] ability: Drizzle|[of] p1a: Kyogre\n|move|p1b: Latias|Mist Ball|p2b: Luxray\n|-damage|p2b: Luxray|0 fnt\n|faint|p2b: Luxray\n|move|p2a: Koraidon|Collision Course|p1b: Latias\n|-supereffective|p1b: Latias\n|-damage|p1b: Latias|0 fnt\n|faint|p1b: Latias\n|\n|-weather|RainDance|[upkeep]\n|upkeep\n|inactive|caoscontrol has 120 seconds left.\n|\n|t:|1771144647\n|switch|p1b: Snorlax|Snorlax, L84, M|7/406\n|turn|11\n|\n|t:|1771144655\n|move|p1a: Kyogre|Ice Beam|p2a: Koraidon\n|-supereffective|p2a: Koraidon\n|-damage|p2a: Koraidon|108/242\n|move|p2a: Koraidon|Collision Course|p1a: Kyogre\n|-damage|p1a: Kyogre|128/238\n|move|p1b: Snorlax|Body Slam|p2a: Koraidon\n|-damage|p2a: Koraidon|14/242\n|-status|p2a: Koraidon|par\n|\n|-weather|RainDance|[upkeep]\n|-sideend|p1: caoscontrol|Reflect\n|upkeep\n|turn|12\n|-message|toch85000 forfeited.\n|\n|win|caoscontrol\n|raw|caoscontrol's rating: 1659 &rarr; <strong>1675</strong><br />(+16 for winning)\n|raw|toch85000's rating: 1580 &rarr; <strong>1564</strong><br />(-16 for losing)\n|l|☆toch85000\n|player|p2|\n|c|☆caoscontrol|gg wp\n", "inputlog": ">version 686819e5e19f8a7fd2345cfc5a08a5085efa2cc3\n>start {\"formatid\":\"gen9randomdoublesbattle\",\"seed\":\"sodium,c75970f042014fe6bde411b663d396c7\",\"rated\":\"Rated battle\"}\n>player p1 {\"name\":\"caoscontrol\",\"avatar\":\"2\",\"rating\":1659,\"seed\":\"sodium,c0ef5c53784197280f86c461626616f0\"}\n>player p2 {\"name\":\"toch85000\",\"avatar\":\"266\",\"rating\":1597,\"seed\":\"sodium,57449a6324c6466534b2703ad29aed54\"}\n>p1 move judgment +1, switch 4\n>p2 move hornleech +2, move bodypress +1\n>p2 switch 4, pass\n>p1 move earthpower +1, move protect\n>p2 move overdrive, move wavecrash +1\n>p1 switch 5, pass\n>p2 switch 6, pass\n>p1 move fakeout +1, move tailwind\n>p2 move xscissor +1, move wavecrash +2\n>p1 move reflect, move bravebird +1\n>p2 move extremespeed +2, move wavecrash +1\n>p1 pass, switch 6\n>p1 move psychic +2, move mistball +2 terastallize\n>p2 move xscissor +1, move avalanche +2\n>p1 switch 3, pass\n>p1 move icywind, move mistball +2\n>p2 move swordsdance, move bodypress +2\n>p2 pass, switch 3\n>p1 move highhorsepower +2, move mistball +1\n>p2 move extremespeed +1, move snarl\n>p1 move icywind, move mistball +1\n>p2 move extremespeed +1, move wildcharge +1\n>p1 move highhorsepower +2, move mistball +1\n>p2 move extremespeed +1, move snarl\n>p2 switch 5, pass\n>p1 switch 4, move mistball +2\n>p2 move collisioncourse +2, move snarl\n>p1 pass, switch 4\n>p1 move icebeam +1, move bodyslam +1\n>p2 move collisioncourse +1, pass\n>forcelose p2", "uploadtime": 1771144674, "views": 70, "formatid": "gen9randomdoublesbattle", "rating": 1564, "private": 0, "password": null}