{"id": "gen9randomdoublesbattle-2538939883", "format": "[Gen 9] Random Doubles Battle", "players": ["red5551", "hgft6"], "log": "|j|☆red5551\n|j|☆hgft6\n|t:|1770995628\n|gametype|doubles\n|player|p1|red5551|266|1858\n|player|p2|hgft6|169|1774\n|gen|9\n|tier|[Gen 9] Random Doubles Battle\n|rated|\n|rule|Species Clause: Limit one of each Pokémon\n|rule|HP Percentage Mod: HP is shown in percentages\n|rule|Illusion Level Mod: Illusion disguises the Pokémon's true level\n|rule|Sleep Clause Mod: Limit one foe put to sleep\n|\n|t:|1770995628\n|teamsize|p1|6\n|teamsize|p2|6\n|start\n|switch|p1a: Blaziken|Blaziken, L79, F|256/256\n|switch|p1b: Donphan|Donphan, L87, F|298/298\n|switch|p2a: Froslass|Froslass, L88, F|266/266\n|switch|p2b: Rillaboom|Rillaboom, L81, F|295/295\n|-fieldstart|move: Grassy Terrain|[from] ability: Grassy Surge|[of] p2b: Rillaboom\n|turn|1\n|inactive|Battle timer is ON: inactive players will automatically lose when time's up. (requested by hgft6)\n|inactive|red5551 also wants the timer to be on.\n|\n|t:|1770995645\n|switch|p1b: Zamazenta|Zamazenta, L72|251/251\n|-ability|p1b: Zamazenta|Dauntless Shield|boost\n|-boost|p1b: Zamazenta|def|1\n|move|p1a: Blaziken|Protect|p1a: Blaziken\n|-singleturn|p1a: Blaziken|Protect\n|move|p2b: Rillaboom|Fake Out|p1a: Blaziken\n|-activate|p1a: Blaziken|move: Protect\n|move|p2a: Froslass|Triple Axel|p1b: Zamazenta\n|-damage|p1b: Zamazenta|236/251\n|-damage|p1b: Zamazenta|209/251\n|-damage|p1b: Zamazenta|166/251\n|-hitcount|p1b: Zamazenta|3\n|\n|-heal|p1b: Zamazenta|181/251|[from] Grassy Terrain\n|-ability|p1a: Blaziken|Speed Boost|boost\n|-boost|p1a: Blaziken|spe|1\n|upkeep\n|turn|2\n|\n|t:|1770995664\n|switch|p2a: Florges|Florges-Blue, L84, F|268/268\n|switch|p2b: Magmortar|Magmortar, L84, F|263/263\n|move|p1a: Blaziken|Heat Wave|p2b: Magmortar|[spread] p2a,p2b\n|-resisted|p2b: Magmortar\n|-damage|p2a: Florges|210/268\n|-damage|p2b: Magmortar|216/263\n|-damage|p1a: Blaziken|231/256|[from] item: Life Orb\n|move|p1b: Zamazenta|Close Combat|p2b: Magmortar\n|-damage|p2b: Magmortar|52/263\n|-unboost|p1b: Zamazenta|def|1\n|-unboost|p1b: Zamazenta|spd|1\n|-damage|p1b: Zamazenta|156/251|[from] item: Life Orb\n|\n|-heal|p2b: Magmortar|68/263|[from] Grassy Terrain\n|-heal|p1a: Blaziken|247/256|[from] Grassy Terrain\n|-heal|p1b: Zamazenta|171/251|[from] Grassy Terrain\n|-heal|p2a: Florges|226/268|[from] Grassy Terrain\n|-heal|p2a: Florges|242/268|[from] item: Leftovers\n|-ability|p1a: Blaziken|Speed Boost|boost\n|-boost|p1a: Blaziken|spe|1\n|upkeep\n|turn|3\n|\n|t:|1770995687\n|switch|p1b: Donphan|Donphan, L87, F|298/298\n|move|p1a: Blaziken|Heat Wave|p2b: Magmortar|[spread] p2a,p2b\n|-resisted|p2b: Magmortar\n|-damage|p2a: Florges|186/268\n|-damage|p2b: Magmortar|21/263\n|-status|p2a: Florges|brn\n|-damage|p1a: Blaziken|222/256|[from] item: Life Orb\n|move|p2b: Magmortar|Fire Blast|p1b: Donphan\n|-damage|p1b: Donphan|177/298\n|move|p2a: Florges|Moonblast|p1a: Blaziken\n|-damage|p1a: Blaziken|80/256\n|\n|-heal|p1a: Blaziken|96/256|[from] Grassy Terrain\n|-heal|p2b: Magmortar|37/263|[from] Grassy Terrain\n|-heal|p2a: Florges|202/268 brn|[from] Grassy Terrain\n|-heal|p2a: Florges|218/268 brn|[from] item: Leftovers\n|-heal|p1b: Donphan|195/298|[from] Grassy Terrain\n|-damage|p2a: Florges|202/268 brn|[from] brn\n|-ability|p1a: Blaziken|Speed Boost|boost\n|-boost|p1a: Blaziken|spe|1\n|upkeep\n|turn|4\n|\n|t:|1770995709\n|move|p1a: Blaziken|Heat Wave|p2a: Florges|[spread] p2a,p2b\n|-resisted|p2b: Magmortar\n|-damage|p2a: Florges|142/268 brn\n|-damage|p2b: Magmortar|0 fnt\n|faint|p2b: Magmortar\n|-damage|p1a: Blaziken|71/256|[from] item: Life Orb\n|move|p2a: Florges|Moonblast|p1a: Blaziken\n|-damage|p1a: Blaziken|0 fnt\n|faint|p1a: Blaziken\n|move|p1b: Donphan|High Horsepower|p2a: Florges\n|-damage|p2a: Florges|0 fnt\n|faint|p2a: Florges\n|\n|-heal|p1b: Donphan|213/298|[from] Grassy Terrain\n|upkeep\n|inactive|red5551 has 120 seconds left.\n|\n|t:|1770995729\n|switch|p2b: Rillaboom|Rillaboom, L81, F|295/295\n|switch|p2a: Serperior|Serperior, L80, M|251/251\n|switch|p1a: Zamazenta|Zamazenta, L72|171/251\n|turn|5\n|\n|t:|1770995743\n|-terastallize|p1b: Donphan|Dragon\n|move|p1a: Zamazenta|Close Combat|p2a: Serperior\n|-crit|p2a: Serperior\n|-damage|p2a: Serperior|33/251\n|-unboost|p1a: Zamazenta|def|1\n|-unboost|p1a: Zamazenta|spd|1\n|-damage|p1a: Zamazenta|146/251|[from] item: Life Orb\n|move|p2a: Serperior|Leaf Storm|p1a: Zamazenta|[miss]\n|-miss|p2a: Serperior|p1a: Zamazenta\n|move|p2b: Rillaboom|Wood Hammer|p1a: Zamazenta\n|-damage|p1a: Zamazenta|0 fnt\n|faint|p1a: Zamazenta\n|-damage|p2b: Rillaboom|247/295|[from] Recoil\n|move|p1b: Donphan|Knock Off|p2a: Serperior\n|-damage|p2a: Serperior|0 fnt\n|-enditem|p2a: Serperior|Life Orb|[from] move: Knock Off|[of] p1b: Donphan\n|faint|p2a: Serperior\n|\n|-heal|p2b: Rillaboom|265/295|[from] Grassy Terrain\n|-heal|p1b: Donphan|231/298|[from] Grassy Terrain\n|-fieldend|move: Grassy Terrain\n|upkeep\n|inactive|red5551 has 120 seconds left.\n|\n|t:|1770995770\n|switch|p1a: Uxie|Uxie, L85|266/266\n|switch|p2a: Froslass|Froslass, L88, F|266/266\n|turn|6\n|\n|t:|1770995780\n|move|p2a: Froslass|Triple Axel|p1b: Donphan\n|-supereffective|p1b: Donphan\n|-damage|p1b: Donphan|201/298\n|-supereffective|p1b: Donphan\n|-damage|p1b: Donphan|139/298\n|-supereffective|p1b: Donphan\n|-damage|p1b: Donphan|37/298\n|-hitcount|p1b: Donphan|3\n|move|p1a: Uxie|Thunder Wave|p2a: Froslass\n|-status|p2a: Froslass|par\n|move|p2b: Rillaboom|U-turn|p1a: Uxie\n|-supereffective|p1a: Uxie\n|-damage|p1a: Uxie|180/266\n|\n|t:|1770995787\n|switch|p2b: Spectrier|Spectrier, L77|281/281|[from] U-turn\n|move|p1b: Donphan|Knock Off|p2a: Froslass\n|-supereffective|p2a: Froslass\n|-damage|p2a: Froslass|74/266 par\n|-enditem|p2a: Froslass|Wide Lens|[from] move: Knock Off|[of] p1b: Donphan\n|\n|upkeep\n|turn|7\n|\n|t:|1770995802\n|move|p2b: Spectrier|Protect|p2b: Spectrier\n|-singleturn|p2b: Spectrier|Protect\n|move|p1a: Uxie|Thunder Wave|p2b: Spectrier\n|-activate|p2b: Spectrier|move: Protect\n|move|p1b: Donphan|Knock Off|p2b: Spectrier\n|-activate|p2b: Spectrier|move: Protect\n|move|p2a: Froslass|Icy Wind|p1b: Donphan|[spread] p1a,p1b\n|-supereffective|p1b: Donphan\n|-crit|p1b: Donphan\n|-damage|p1a: Uxie|149/266\n|-damage|p1b: Donphan|0 fnt\n|-unboost|p1a: Uxie|spe|1\n|faint|p1b: Donphan\n|\n|upkeep\n|\n|t:|1770995810\n|switch|p1b: Politoed|Politoed, L82, F|282/282\n|-weather|RainDance|[from] ability: Drizzle|[of] p1b: Politoed\n|turn|8\n|\n|t:|1770995821\n|switch|p2b: Rillaboom|Rillaboom, L81, F|265/295\n|-fieldstart|move: Grassy Terrain|[from] ability: Grassy Surge|[of] p2b: Rillaboom\n|move|p1b: Politoed|Muddy Water|p2a: Froslass|[spread] p2a,p2b\n|-resisted|p2b: Rillaboom\n|-damage|p2a: Froslass|0 fnt\n|-damage|p2b: Rillaboom|225/295\n|-unboost|p2b: Rillaboom|accuracy|1\n|faint|p2a: Froslass\n|move|p1a: Uxie|Thunder Wave|p2b: Rillaboom\n|-status|p2b: Rillaboom|par\n|\n|-weather|RainDance|[upkeep]\n|-heal|p2b: Rillaboom|243/295 par|[from] Grassy Terrain\n|upkeep\n|\n|t:|1770995828\n|switch|p2a: Spectrier|Spectrier, L77|281/281\n|turn|9\n|\n|t:|1770995852\n|switch|p1b: Baxcalibur|Baxcalibur, L78, F|307/307\n|move|p2a: Spectrier|Shadow Ball|p1a: Uxie\n|-supereffective|p1a: Uxie\n|-damage|p1a: Uxie|0 fnt\n|faint|p1a: Uxie\n|-ability|p2a: Spectrier|Grim Neigh|boost\n|-boost|p2a: Spectrier|spa|1\n|-damage|p2a: Spectrier|253/281|[from] item: Life Orb\n|move|p2b: Rillaboom|Wood Hammer|p1b: Baxcalibur\n|-resisted|p1b: Baxcalibur\n|-damage|p1b: Baxcalibur|209/307\n|-damage|p2b: Rillaboom|211/295 par|[from] Recoil\n|\n|-weather|RainDance|[upkeep]\n|-heal|p2a: Spectrier|270/281|[from] Grassy Terrain\n|-heal|p1b: Baxcalibur|228/307|[from] Grassy Terrain\n|-heal|p2b: Rillaboom|229/295 par|[from] Grassy Terrain\n|upkeep\n|\n|t:|1770995859\n|switch|p1a: Politoed|Politoed, L82, F|282/282\n|turn|10\n|\n|t:|1770995873\n|-terastallize|p2a: Spectrier|Fighting\n|move|p1b: Baxcalibur|Protect|p1b: Baxcalibur\n|-singleturn|p1b: Baxcalibur|Protect\n|move|p2b: Rillaboom|Grassy Glide|p1a: Politoed|[miss]\n|-miss|p2b: Rillaboom|p1a: Politoed\n|move|p2a: Spectrier|Tera Blast|p1b: Baxcalibur|[anim] Tera Blast Fighting\n|-activate|p1b: Baxcalibur|move: Protect\n|move|p1a: Politoed|Hydro Pump|p2a: Spectrier\n|-damage|p2a: Spectrier|87/281\n|\n|-weather|RainDance|[upkeep]\n|-heal|p2a: Spectrier|104/281|[from] Grassy Terrain\n|-heal|p1b: Baxcalibur|247/307|[from] Grassy Terrain\n|-heal|p2b: Rillaboom|247/295 par|[from] Grassy Terrain\n|upkeep\n|turn|11\n|\n|t:|1770995892\n|move|p2a: Spectrier|Protect|p2a: Spectrier\n|-singleturn|p2a: Spectrier|Protect\n|move|p1b: Baxcalibur|Protect||[still]\n|-fail|p1b: Baxcalibur\n|move|p1a: Politoed|Hydro Pump|p2a: Spectrier\n|-activate|p2a: Spectrier|move: Protect\n|move|p2b: Rillaboom|Wood Hammer|p1a: Politoed|[miss]\n|-miss|p2b: Rillaboom|p1a: Politoed\n|\n|-weather|RainDance|[upkeep]\n|-heal|p2a: Spectrier|121/281|[from] Grassy Terrain\n|-heal|p1b: Baxcalibur|266/307|[from] Grassy Terrain\n|-heal|p2b: Rillaboom|265/295 par|[from] Grassy Terrain\n|upkeep\n|turn|12\n|\n|t:|1770995905\n|move|p1b: Baxcalibur|Protect|p1b: Baxcalibur\n|-singleturn|p1b: Baxcalibur|Protect\n|move|p2b: Rillaboom|Grassy Glide|p1a: Politoed\n|-supereffective|p1a: Politoed\n|-damage|p1a: Politoed|72/282\n|move|p2a: Spectrier|Shadow Ball|p1a: Politoed\n|-damage|p1a: Politoed|0 fnt\n|faint|p1a: Politoed\n|-ability|p2a: Spectrier|Grim Neigh|boost\n|-boost|p2a: Spectrier|spa|1\n|-damage|p2a: Spectrier|93/281|[from] item: Life Orb\n|\n|-weather|none\n|-heal|p2a: Spectrier|110/281|[from] Grassy Terrain\n|-heal|p1b: Baxcalibur|285/307|[from] Grassy Terrain\n|-heal|p2b: Rillaboom|283/295 par|[from] Grassy Terrain\n|-fieldend|move: Grassy Terrain\n|upkeep\n|turn|13\n|\n|t:|1770995919\n|move|p2a: Spectrier|Tera Blast|p1b: Baxcalibur|[anim] Tera Blast Fighting\n|-supereffective|p1b: Baxcalibur\n|-damage|p1b: Baxcalibur|0 fnt\n|faint|p1b: Baxcalibur\n|-damage|p2a: Spectrier|82/281|[from] item: Life Orb\n|\n|win|hgft6\n|raw|red5551's rating: 1858 &rarr; <strong>1833</strong><br />(-25 for losing)\n|raw|hgft6's rating: 1774 &rarr; <strong>1799</strong><br />(+25 for winning)\n", "inputlog": ">version ccdc32dd7cde25fd9e4bed64820e885f66e78a4e\n>start {\"formatid\":\"gen9randomdoublesbattle\",\"seed\":\"sodium,edf3064a05aa5094acd455c54690f5dd\",\"rated\":\"Rated battle\"}\n>player p1 {\"name\":\"red5551\",\"avatar\":\"266\",\"rating\":1858,\"seed\":\"sodium,975f155ea151961a5bfbb90741ffdaee\"}\n>player p2 {\"name\":\"hgft6\",\"avatar\":\"169\",\"rating\":1774,\"seed\":\"sodium,b8e628eca1b9441b89ea2c764e41cd3f\"}\n>p1 move protect, switch 4\n>p2 move tripleaxel +2, move fakeout +1\n>p1 move heatwave, move closecombat +2\n>p2 switch 4, switch 6\n>p1 move heatwave, switch 4\n>p2 move moonblast +1, move fireblast +2\n>p1 move heatwave, move highhorsepower +1\n>p2 move moonblast +1, move fireblast +2\n>p1 switch 4, pass\n>p2 switch 5, switch 6\n>p1 move closecombat +1, move knockoff +1 terastallize\n>p2 move leafstorm +1, move woodhammer +1\n>p1 switch 5, pass\n>p2 switch 4, pass\n>p1 move thunderwave +1, move knockoff +1\n>p2 move tripleaxel +2, move uturn +1\n>p2 pass, switch 3\n>p1 move thunderwave +2, move knockoff +2\n>p2 move icywind, move protect\n>p1 pass, switch 6\n>p1 move thunderwave +2, move muddywater\n>p2 move poltergeist +1, switch 3\n>p2 switch 3, pass\n>p1 move thunderwave +1, switch 3\n>p2 move shadowball +1, move woodhammer +2\n>p1 switch 3, pass\n>p1 move hydropump +1, move protect\n>p2 move terablast +2 terastallize, move grassyglide +1\n>p1 move hydropump +1, move protect\n>p2 move protect, move woodhammer +1\n>p1 move hydropump +1, move protect\n>p2 move shadowball +1, move grassyglide +1\n>p1 pass, move iciclespear +1\n>p2 move terablast +2, move woodhammer +2", "uploadtime": 1770995923, "views": 72, "formatid": "gen9randomdoublesbattle", "rating": 1799, "private": 0, "password": null}