{"id": "gen9randomdoublesbattle-2538647501", "format": "[Gen 9] Random Doubles Battle", "players": ["CyanNaki", "flubberbut"], "log": "|j|☆CyanNaki\n|j|☆flubberbut\n|t:|1770951534\n|gametype|doubles\n|player|p1|CyanNaki|101|1633\n|player|p2|flubberbut|burglar|1685\n|gen|9\n|tier|[Gen 9] Random Doubles Battle\n|rated|\n|rule|Species Clause: Limit one of each Pokémon\n|rule|HP Percentage Mod: HP is shown in percentages\n|rule|Illusion Level Mod: Illusion disguises the Pokémon's true level\n|rule|Sleep Clause Mod: Limit one foe put to sleep\n|\n|t:|1770951534\n|teamsize|p1|6\n|teamsize|p2|6\n|start\n|switch|p1a: Sawsbuck|Sawsbuck, L91, M|293/293\n|switch|p1b: Appletun|Appletun, L92, M|352/352\n|switch|p2a: Coalossal|Coalossal, L90, F|344/344\n|switch|p2b: Lugia|Lugia, L71|268/268\n|turn|1\n|inactive|Battle timer is ON: inactive players will automatically lose when time's up. (requested by CyanNaki)\n|\n|t:|1770951552\n|move|p1a: Sawsbuck|Swords Dance|p1a: Sawsbuck\n|-boost|p1a: Sawsbuck|atk|2\n|move|p2b: Lugia|Calm Mind|p2b: Lugia\n|-boost|p2b: Lugia|spa|1\n|-boost|p2b: Lugia|spd|1\n|move|p1b: Appletun|Leech Seed|p2b: Lugia\n|-start|p2b: Lugia|move: Leech Seed\n|move|p2a: Coalossal|Will-O-Wisp|p1a: Sawsbuck\n|-status|p1a: Sawsbuck|brn\n|\n|-damage|p2b: Lugia|235/268|[from] Leech Seed|[of] p1b: Appletun\n|-damage|p1a: Sawsbuck|275/293 brn|[from] brn\n|upkeep\n|turn|2\n|\n|t:|1770951570\n|move|p1a: Sawsbuck|High Horsepower|p2a: Coalossal\n|-supereffective|p2a: Coalossal\n|-damage|p2a: Coalossal|16/344\n|-enditem|p2a: Coalossal|Sitrus Berry|[eat]\n|-heal|p2a: Coalossal|102/344|[from] item: Sitrus Berry\n|-damage|p1a: Sawsbuck|246/293 brn|[from] item: Life Orb\n|move|p2b: Lugia|Aeroblast|p1b: Appletun\n|-supereffective|p1b: Appletun\n|-damage|p1b: Appletun|142/352\n|-activate|p1b: Appletun|ability: Ripen\n|-enditem|p1b: Appletun|Sitrus Berry|[eat]\n|-heal|p1b: Appletun|318/352|[from] item: Sitrus Berry\n|move|p1b: Appletun|Apple Acid|p2a: Coalossal\n|-damage|p2a: Coalossal|15/344\n|-unboost|p2a: Coalossal|spd|1\n|move|p2a: Coalossal|Fire Blast|p1b: Appletun\n|-damage|p1b: Appletun|203/352\n|\n|-heal|p2b: Lugia|251/268|[from] item: Leftovers\n|-damage|p2b: Lugia|218/268|[from] Leech Seed|[of] p1b: Appletun\n|-heal|p1b: Appletun|236/352|[silent]\n|-damage|p1a: Sawsbuck|228/293 brn|[from] brn\n|upkeep\n|turn|3\n|inactive|CyanNaki has 120 seconds left.\n|\n|t:|1770951602\n|move|p1a: Sawsbuck|Double-Edge|p2b: Lugia\n|-damage|p2b: Lugia|41/268\n|-damage|p1a: Sawsbuck|170/293 brn|[from] Recoil\n|-damage|p1a: Sawsbuck|141/293 brn|[from] item: Life Orb\n|move|p2b: Lugia|Aeroblast|p1a: Sawsbuck\n|-supereffective|p1a: Sawsbuck\n|-damage|p1a: Sawsbuck|0 fnt\n|faint|p1a: Sawsbuck\n|move|p1b: Appletun|Apple Acid|p2a: Coalossal\n|-damage|p2a: Coalossal|0 fnt\n|faint|p2a: Coalossal\n|\n|-heal|p2b: Lugia|57/268|[from] item: Leftovers\n|-damage|p2b: Lugia|24/268|[from] Leech Seed|[of] p1b: Appletun\n|-heal|p1b: Appletun|269/352|[silent]\n|upkeep\n|inactive|CyanNaki has 120 seconds left.\n|inactive|flubberbut has 120 seconds left.\n|\n|t:|1770951620\n|switch|p1a: Sandy Shocks|Sandy Shocks, L79|264/264\n|switch|p2a: Sinistcha|Sinistcha, L81|248/248\n|-heal|p2b: Lugia|91/268|[from] ability: Hospitality|[of] p2a: Sinistcha\n|turn|4\n|inactive|flubberbut has 120 seconds left.\n|\n|t:|1770951647\n|switch|p2b: Sylveon|Sylveon, L79, M|280/280\n|move|p1a: Sandy Shocks|Stealth Rock|p2a: Sinistcha\n|-sidestart|p2: flubberbut|move: Stealth Rock\n|move|p2a: Sinistcha|Matcha Gotcha|p1b: Appletun|[spread] p1a,p1b\n|-supereffective|p1a: Sandy Shocks\n|-resisted|p1b: Appletun\n|-damage|p1a: Sandy Shocks|106/264\n|-damage|p1b: Appletun|253/352\n|-enditem|p1a: Sandy Shocks|Sitrus Berry|[eat]\n|-heal|p1a: Sandy Shocks|172/264|[from] item: Sitrus Berry\n|move|p1b: Appletun|Apple Acid|p2b: Sylveon\n|-damage|p2b: Sylveon|205/280\n|-unboost|p2b: Sylveon|spd|1\n|\n|-heal|p2b: Sylveon|222/280|[from] item: Leftovers\n|upkeep\n|turn|5\n|inactive|flubberbut has 120 seconds left.\n|\n|t:|1770951685\n|-end|p1a: Sandy Shocks|Protosynthesis|[silent]\n|switch|p1a: Arcanine|Arcanine, L82, M|282/282\n|-ability|p1a: Arcanine|Intimidate|boost\n|-unboost|p2a: Sinistcha|atk|1\n|-unboost|p2b: Sylveon|atk|1\n|move|p2b: Sylveon|Protect|p2b: Sylveon\n|-singleturn|p2b: Sylveon|Protect\n|move|p2a: Sinistcha|Matcha Gotcha|p1b: Appletun|[spread] p1a,p1b\n|-resisted|p1a: Arcanine\n|-resisted|p1b: Appletun\n|-damage|p1a: Arcanine|243/282\n|-damage|p1b: Appletun|236/352\n|-status|p1b: Appletun|brn\n|move|p1b: Appletun|Leech Seed|p2b: Sylveon\n|-activate|p2b: Sylveon|move: Protect\n|\n|-heal|p2b: Sylveon|239/280|[from] item: Leftovers\n|-damage|p1b: Appletun|214/352 brn|[from] brn\n|upkeep\n|turn|6\n|inactive|flubberbut has 120 seconds left.\n|\n|t:|1770951709\n|switch|p2a: Umbreon|Umbreon, L85, M|300/300\n|-damage|p2a: Umbreon|263/300|[from] Stealth Rock\n|move|p1a: Arcanine|Flare Blitz|p2a: Umbreon\n|-damage|p2a: Umbreon|160/300\n|-damage|p1a: Arcanine|209/282|[from] Recoil\n|move|p2b: Sylveon|Hyper Voice|p1b: Appletun|[spread] p1a,p1b\n|-resisted|p1a: Arcanine\n|-supereffective|p1b: Appletun\n|-damage|p1a: Arcanine|164/282\n|-damage|p1b: Appletun|46/352 brn\n|move|p1b: Appletun|Leech Seed|p2b: Sylveon\n|-start|p2b: Sylveon|move: Leech Seed\n|\n|-heal|p2b: Sylveon|256/280|[from] item: Leftovers\n|-damage|p2b: Sylveon|221/280|[from] Leech Seed|[of] p1b: Appletun\n|-heal|p1b: Appletun|81/352 brn|[silent]\n|-damage|p1b: Appletun|59/352 brn|[from] brn\n|upkeep\n|turn|7\n|inactive|flubberbut has 120 seconds left.\n|\n|t:|1770951733\n|switch|p2b: Sinistcha|Sinistcha, L81|248/248\n|-damage|p2b: Sinistcha|217/248|[from] Stealth Rock\n|-heal|p2a: Umbreon|235/300|[from] ability: Hospitality|[of] p2b: Sinistcha\n|move|p1b: Appletun|Protect|p1b: Appletun\n|-singleturn|p1b: Appletun|Protect\n|move|p1a: Arcanine|Flare Blitz|p2a: Umbreon\n|-damage|p2a: Umbreon|117/300\n|-enditem|p2a: Umbreon|Sitrus Berry|[eat]\n|-heal|p2a: Umbreon|192/300|[from] item: Sitrus Berry\n|-damage|p1a: Arcanine|125/282|[from] Recoil\n|move|p2a: Umbreon|Snarl|p1b: Appletun|[spread] p1a\n|-activate|p1b: Appletun|move: Protect\n|-damage|p1a: Arcanine|89/282\n|-unboost|p1a: Arcanine|spa|1\n|\n|-damage|p1b: Appletun|37/352 brn|[from] brn\n|upkeep\n|turn|8\n|inactive|flubberbut has 120 seconds left.\n|\n|t:|1770951775\n|switch|p2b: Oinkologne|Oinkologne, L92, M|352/352\n|-damage|p2b: Oinkologne|308/352|[from] Stealth Rock\n|move|p1a: Arcanine|Morning Sun|p1a: Arcanine\n|-heal|p1a: Arcanine|230/282\n|move|p2a: Umbreon|Foul Play|p1b: Appletun\n|-damage|p1b: Appletun|0 fnt\n|faint|p1b: Appletun\n|\n|upkeep\n|\n|t:|1770951794\n|switch|p1b: Manaphy|Manaphy, L78|284/284\n|turn|9\n|inactive|flubberbut has 120 seconds left.\n|\n|t:|1770951820\n|move|p1a: Arcanine|Howl|p1a: Arcanine|[spread] p1a,p1b\n|-boost|p1a: Arcanine|atk|1\n|-boost|p1b: Manaphy|atk|1\n|move|p1b: Manaphy|Tail Glow|p1b: Manaphy\n|-boost|p1b: Manaphy|spa|3\n|move|p2b: Oinkologne|Double-Edge|p1b: Manaphy\n|-damage|p1b: Manaphy|125/284\n|-enditem|p1b: Manaphy|Sitrus Berry|[eat]\n|-heal|p1b: Manaphy|196/284|[from] item: Sitrus Berry\n|-damage|p2b: Oinkologne|256/352|[from] Recoil\n|move|p2a: Umbreon|Thunder Wave|p1a: Arcanine\n|-status|p1a: Arcanine|par\n|\n|upkeep\n|turn|10\n|inactive|flubberbut has 120 seconds left.\n|\n|t:|1770951854\n|move|p1b: Manaphy|Hydro Pump|p2b: Oinkologne\n|-damage|p2b: Oinkologne|0 fnt\n|faint|p2b: Oinkologne\n|move|p2a: Umbreon|Thunder Wave|p1b: Manaphy\n|-status|p1b: Manaphy|par\n|cant|p1a: Arcanine|par\n|\n|upkeep\n|inactive|flubberbut has 90 seconds left.\n|\n|t:|1770951877\n|switch|p2b: Sinistcha|Sinistcha, L81|217/248\n|-damage|p2b: Sinistcha|186/248|[from] Stealth Rock\n|-heal|p2a: Umbreon|267/300|[from] ability: Hospitality|[of] p2b: Sinistcha\n|turn|11\n|inactive|flubberbut has 90 seconds left.\n|\n|t:|1770951897\n|-terastallize|p2b: Sinistcha|Fairy\n|move|p2a: Umbreon|Foul Play|p1b: Manaphy\n|-damage|p1b: Manaphy|87/284 par\n|move|p2b: Sinistcha|Matcha Gotcha|p1a: Arcanine|[spread] p1a,p1b\n|-resisted|p1a: Arcanine\n|-supereffective|p1b: Manaphy\n|-damage|p1a: Arcanine|190/282 par\n|-heal|p2b: Sinistcha|206/248|[from] drain|[of] p1a: Arcanine\n|-damage|p1b: Manaphy|0 fnt\n|-heal|p2b: Sinistcha|248/248|[from] drain|[of] p1b: Manaphy\n|faint|p1b: Manaphy\n|move|p1a: Arcanine|Flare Blitz|p2b: Sinistcha\n|-damage|p2b: Sinistcha|82/248\n|-damage|p1a: Arcanine|143/282 par|[from] item: Rocky Helmet|[of] p2b: Sinistcha\n|-damage|p1a: Arcanine|88/282 par|[from] Recoil\n|\n|upkeep\n|\n|t:|1770951906\n|switch|p1b: Sandy Shocks|Sandy Shocks, L79|172/264\n|turn|12\n|\n|t:|1770951923\n|move|p1a: Arcanine|Extreme Speed|p2b: Sinistcha\n|-damage|p2b: Sinistcha|0 fnt\n|-damage|p1a: Arcanine|41/282 par|[from] item: Rocky Helmet|[of] p2b: Sinistcha\n|faint|p2b: Sinistcha\n|move|p1b: Sandy Shocks|Thunderbolt|p2a: Umbreon\n|-damage|p2a: Umbreon|191/300\n|move|p2a: Umbreon|Snarl|p1b: Sandy Shocks|[spread] p1b\n|-miss|p2a: Umbreon|p1a: Arcanine\n|-damage|p1b: Sandy Shocks|135/264\n|-unboost|p1b: Sandy Shocks|spa|1\n|\n|upkeep\n|\n|t:|1770951942\n|switch|p2b: Sylveon|Sylveon, L79, M|221/280\n|-damage|p2b: Sylveon|186/280|[from] Stealth Rock\n|turn|13\n|\n|t:|1770951956\n|move|p2b: Sylveon|Protect|p2b: Sylveon\n|-singleturn|p2b: Sylveon|Protect\n|move|p1b: Sandy Shocks|Earth Power|p2b: Sylveon\n|-activate|p2b: Sylveon|move: Protect\n|move|p2a: Umbreon|Moonlight|p2a: Umbreon\n|-heal|p2a: Umbreon|300/300\n|move|p1a: Arcanine|Morning Sun|p1a: Arcanine\n|-heal|p1a: Arcanine|182/282 par\n|\n|-heal|p2b: Sylveon|203/280|[from] item: Leftovers\n|upkeep\n|turn|14\n|inactive|flubberbut has 120 seconds left.\n|\n|t:|1770951979\n|-end|p1b: Sandy Shocks|Protosynthesis|[silent]\n|switch|p1b: Farigiraf|Farigiraf, L84, F|339/339\n|move|p2a: Umbreon|Snarl|p1b: Farigiraf|[spread] p1a\n|-miss|p2a: Umbreon|p1b: Farigiraf\n|-damage|p1a: Arcanine|149/282 par\n|-unboost|p1a: Arcanine|spa|1\n|move|p2b: Sylveon|Hyper Voice|p1b: Farigiraf|[spread] p1a,p1b\n|-resisted|p1a: Arcanine\n|-damage|p1a: Arcanine|107/282 par\n|-damage|p1b: Farigiraf|243/339\n|move|p1a: Arcanine|Flare Blitz|p2b: Sylveon\n|-crit|p2b: Sylveon\n|-damage|p2b: Sylveon|0 fnt\n|faint|p2b: Sylveon\n|-damage|p1a: Arcanine|40/282 par|[from] Recoil\n|\n|upkeep\n|inactive|flubberbut has 120 seconds left.\n|\n|t:|1770951989\n|switch|p2b: Lugia|Lugia, L71|91/268\n|-damage|p2b: Lugia|24/268|[from] Stealth Rock\n|turn|15\n|\n|t:|1770952006\n|move|p2b: Lugia|Recover|p2b: Lugia\n|-heal|p2b: Lugia|158/268\n|move|p2a: Umbreon|Foul Play|p1a: Arcanine\n|-damage|p1a: Arcanine|0 fnt\n|faint|p1a: Arcanine\n|move|p1b: Farigiraf|Trick Room|p1b: Farigiraf\n|-fieldstart|move: Trick Room|[of] p1b: Farigiraf\n|\n|-heal|p2b: Lugia|174/268|[from] item: Leftovers\n|upkeep\n|\n|t:|1770952009\n|switch|p1a: Sandy Shocks|Sandy Shocks, L79|135/264\n|turn|16\n|\n|t:|1770952030\n|-terastallize|p1b: Farigiraf|Fairy\n|move|p1b: Farigiraf|Hyper Voice|p2b: Lugia|[spread] p2a,p2b\n|-damage|p2a: Umbreon|230/300\n|-damage|p2b: Lugia|99/268\n|-damage|p1b: Farigiraf|210/339|[from] item: Life Orb\n|move|p2a: Umbreon|Snarl|p1b: Farigiraf|[spread] p1a\n|-miss|p2a: Umbreon|p1b: Farigiraf\n|-crit|p1a: Sandy Shocks\n|-damage|p1a: Sandy Shocks|83/264\n|-unboost|p1a: Sandy Shocks|spa|1\n|move|p2b: Lugia|Earth Power|p1a: Sandy Shocks\n|-supereffective|p1a: Sandy Shocks\n|-damage|p1a: Sandy Shocks|0 fnt\n|faint|p1a: Sandy Shocks\n|-end|p1a: Sandy Shocks|Protosynthesis|[silent]\n|\n|-heal|p2b: Lugia|115/268|[from] item: Leftovers\n|upkeep\n|turn|17\n|-message|CyanNaki forfeited.\n|\n|win|flubberbut\n|raw|CyanNaki's rating: 1633 &rarr; <strong>1616</strong><br />(-17 for losing)\n|raw|flubberbut's rating: 1685 &rarr; <strong>1702</strong><br />(+17 for winning)\n|l|☆CyanNaki\n|player|p1|\n", "inputlog": ">version ccdc32dd7cde25fd9e4bed64820e885f66e78a4e\n>start {\"formatid\":\"gen9randomdoublesbattle\",\"seed\":\"sodium,613de3f792613976d3c8576262b06f58\",\"rated\":\"Rated battle\"}\n>player p1 {\"name\":\"CyanNaki\",\"avatar\":\"101\",\"rating\":1633,\"seed\":\"sodium,02dd3316c4747c3020add20e395f5e61\"}\n>player p2 {\"name\":\"flubberbut\",\"avatar\":\"burglar\",\"rating\":1685,\"seed\":\"sodium,f8903fb4a47de68760cf062649b9d1fb\"}\n>p1 move swordsdance, move leechseed +2\n>p2 move willowisp +1, move calmmind\n>p1 move highhorsepower +1, move appleacid +1\n>p2 move fireblast +2, move aeroblast +2\n>p1 move doubleedge +2, move appleacid +1\n>p2 move fireblast +1, move aeroblast +1\n>p1 switch 5, pass\n>p2 switch 6, pass\n>p1 move stealthrock, move appleacid +2\n>p2 move matchagotcha, switch 5\n>p1 switch 4, move leechseed +2\n>p2 move matchagotcha, move protect\n>p1 move flareblitz +1, move leechseed +2\n>p2 switch 4, move hypervoice\n>p1 move flareblitz +1, move protect\n>p2 move snarl, switch 4\n>p1 move morningsun, move leechseed +1\n>p2 move foulplay +2, switch 3\n>p1 pass, switch 6\n>p1 move howl, move tailglow\n>p2 move thunderwave +1, move doubleedge +2\n>p1 move flareblitz +1, move hydropump +2\n>p2 move thunderwave +2, move doubleedge +2\n>p2 pass, switch 3\n>p1 move flareblitz +2, move hydropump +1\n>p2 move foulplay +2, move matchagotcha terastallize\n>p1 pass, switch 4\n>p1 move extremespeed +2, move thunderbolt +2\n>p2 move snarl, move matchagotcha\n>p2 pass, switch 4\n>p1 move morningsun, move earthpower +2\n>p2 move moonlight, move protect\n>p1 move flareblitz +2, switch 3\n>p2 move snarl, move hypervoice\n>p2 pass, switch 5\n>p1 move morningsun, move trickroom\n>p2 move foulplay +1, move recover\n>p1 switch 3, pass\n>p1 move thunderbolt +2, move hypervoice terastallize\n>p2 move snarl, move earthpower +1\n>forcelose p1", "uploadtime": 1770952046, "views": 68, "formatid": "gen9randomdoublesbattle", "rating": 1616, "private": 0, "password": null}