{"id": "gen9randomdoublesbattle-2536533561", "format": "[Gen 9] Random Doubles Battle", "players": ["kalsonofjor", "liykin"], "log": "|j|☆kalsonofjor\n|j|☆liykin\n|t:|1770700855\n|gametype|doubles\n|player|p1|kalsonofjor|2|1901\n|player|p2|liykin|morty|1891\n|gen|9\n|tier|[Gen 9] Random Doubles Battle\n|rated|\n|rule|Species Clause: Limit one of each Pokémon\n|rule|HP Percentage Mod: HP is shown in percentages\n|rule|Illusion Level Mod: Illusion disguises the Pokémon's true level\n|rule|Sleep Clause Mod: Limit one foe put to sleep\n|\n|t:|1770700856\n|teamsize|p1|6\n|teamsize|p2|6\n|start\n|switch|p1a: Gumshoos|Gumshoos, L93, M|315/315\n|switch|p1b: Magnezone|Magnezone, L84|255/255\n|switch|p2a: Slowking|Slowking, L88, F|310/310\n|switch|p2b: Diancie|Diancie, L77|204/204\n|turn|1\n|inactive|Battle timer is ON: inactive players will automatically lose when time's up. (requested by kalsonofjor)\n|inactive|liykin has 120 seconds left.\n|l|☆kalsonofjor\n|inactive|kalsonofjor disconnected and has a minute to reconnect!\n|player|p1|\n|\n|t:|1770700927\n|switch|p2a: Mimikyu|Mimikyu, L82, M|224/224\n|-terastallize|p2b: Diancie|Fighting\n|move|p1b: Magnezone|Flash Cannon|p2b: Diancie\n|-damage|p2b: Diancie|126/204\n|move|p1a: Gumshoos|Double-Edge|p2a: Mimikyu\n|-immune|p2a: Mimikyu\n|move|p2b: Diancie|Body Press|p1b: Magnezone\n|-supereffective|p1b: Magnezone\n|-damage|p1b: Magnezone|79/255\n|-enditem|p1b: Magnezone|Sitrus Berry|[eat]\n|-heal|p1b: Magnezone|142/255|[from] item: Sitrus Berry\n|\n|upkeep\n|turn|2\n|j|☆kalsonofjor\n|inactive|kalsonofjor reconnected and has 150 seconds left.\n|player|p1|kalsonofjor|2|\n|inactive|liykin has 120 seconds left.\n|\n|t:|1770700976\n|switch|p2b: Kricketune|Kricketune, M|316/316\n|move|p2a: Mimikyu|Protect|p2a: Mimikyu\n|-singleturn|p2a: Mimikyu|Protect\n|move|p1b: Magnezone|Electroweb|p2b: Kricketune|[spread] p2b\n|-activate|p2a: Mimikyu|move: Protect\n|-damage|p2b: Kricketune|247/316\n|-unboost|p2b: Kricketune|spe|1\n|move|p1a: Gumshoos|Double-Edge|p2b: Kricketune\n|-damage|p2b: Kricketune|0 fnt\n|faint|p2b: Kricketune\n|-damage|p1a: Gumshoos|233/315|[from] Recoil\n|\n|upkeep\n|inactive|liykin has 90 seconds left.\n|inactive|liykin has 60 seconds left.\n|c|☆liykin|Michelin three stars the way this is cooked\n|\n|t:|1770701040\n|switch|p2b: Slowking|Slowking, L88, F|310/310\n|turn|3\n|\n|t:|1770701048\n|move|p2a: Mimikyu|Swords Dance|p2a: Mimikyu\n|-boost|p2a: Mimikyu|atk|2\n|move|p1b: Magnezone|Electroweb|p2a: Mimikyu|[spread] p2a,p2b\n|-supereffective|p2b: Slowking\n|-activate|p2a: Mimikyu|ability: Disguise\n|-damage|p2a: Mimikyu|224/224\n|-damage|p2b: Slowking|218/310\n|-unboost|p2a: Mimikyu|spe|1\n|-unboost|p2b: Slowking|spe|1\n|detailschange|p2a: Mimikyu|Mimikyu-Busted, L82, M\n|-damage|p2a: Mimikyu|196/224|[from] pokemon: Mimikyu-Busted\n|move|p1a: Gumshoos|Double-Edge|p2b: Slowking\n|-damage|p2b: Slowking|0 fnt\n|faint|p2b: Slowking\n|-damage|p1a: Gumshoos|161/315|[from] Recoil\n|\n|upkeep\n|\n|t:|1770701058\n|switch|p2b: Diancie|Diancie, L77, tera:Fighting|126/204\n|turn|4\n|inactive|liykin has 90 seconds left.\n|inactive|kalsonofjor has 120 seconds left.\n|inactive|kalsonofjor has 90 seconds left.\n|\n|t:|1770701129\n|move|p2b: Diancie|Protect|p2b: Diancie\n|-singleturn|p2b: Diancie|Protect\n|move|p1b: Magnezone|Flash Cannon|p2a: Mimikyu\n|-supereffective|p2a: Mimikyu\n|-damage|p2a: Mimikyu|8/224\n|move|p1a: Gumshoos|Double-Edge|p2b: Diancie\n|-activate|p2b: Diancie|move: Protect\n|move|p2a: Mimikyu|Play Rough|p1a: Gumshoos\n|-damage|p1a: Gumshoos|0 fnt\n|faint|p1a: Gumshoos\n|-damage|p2a: Mimikyu|0 fnt|[from] item: Life Orb\n|faint|p2a: Mimikyu\n|\n|upkeep\n|\n|t:|1770701144\n|switch|p2a: Farigiraf|Farigiraf, L84, M|339/339\n|switch|p1a: Chimecho|Chimecho, L94, M|293/293\n|turn|5\n|inactive|kalsonofjor has 90 seconds left.\n|\n|t:|1770701159\n|switch|p2b: Garganacl|Garganacl, L81, F|295/295\n|move|p1a: Chimecho|Psychic|p2b: Garganacl\n|-damage|p2b: Garganacl|172/295\n|move|p1b: Magnezone|Thunderbolt|p2a: Farigiraf\n|-damage|p2a: Farigiraf|192/339\n|move|p2a: Farigiraf|Trick Room|p2a: Farigiraf\n|-fieldstart|move: Trick Room|[of] p2a: Farigiraf\n|\n|-heal|p2b: Garganacl|190/295|[from] item: Leftovers\n|upkeep\n|turn|6\n|inactive|liykin has 120 seconds left.\n|\n|t:|1770701177\n|switch|p1b: Pachirisu|Pachirisu, L93, M|262/262\n|move|p2b: Garganacl|Salt Cure|p1b: Pachirisu\n|-damage|p1b: Pachirisu|216/262\n|-start|p1b: Pachirisu|Salt Cure\n|move|p2a: Farigiraf|Hyper Voice|p1a: Chimecho|[spread] p1a,p1b\n|-damage|p1a: Chimecho|221/293\n|-damage|p1b: Pachirisu|147/262\n|move|p1a: Chimecho|Psychic|p2b: Garganacl\n|-damage|p2b: Garganacl|78/295\n|\n|-heal|p2b: Garganacl|96/295|[from] item: Leftovers\n|-damage|p1b: Pachirisu|115/262|[from] Salt Cure\n|upkeep\n|-enditem|p1b: Pachirisu|Sitrus Berry|[eat]\n|-heal|p1b: Pachirisu|180/262|[from] item: Sitrus Berry\n|turn|7\n|inactive|kalsonofjor has 90 seconds left.\n|\n|t:|1770701215\n|move|p2b: Garganacl|Recover|p2b: Garganacl\n|-heal|p2b: Garganacl|244/295\n|move|p2a: Farigiraf|Hyper Voice|p1a: Chimecho|[spread] p1a,p1b\n|-damage|p1a: Chimecho|151/293\n|-damage|p1b: Pachirisu|104/262\n|move|p1a: Chimecho|Encore|p2b: Garganacl\n|-start|p2b: Garganacl|Encore\n|move|p1b: Pachirisu|Super Fang|p2a: Farigiraf\n|-damage|p2a: Farigiraf|96/339\n|-enditem|p2a: Farigiraf|Sitrus Berry|[eat]\n|-heal|p2a: Farigiraf|180/339|[from] item: Sitrus Berry\n|\n|-heal|p2b: Garganacl|262/295|[from] item: Leftovers\n|-damage|p1b: Pachirisu|72/262|[from] Salt Cure\n|upkeep\n|turn|8\n|inactive|kalsonofjor has 90 seconds left.\n|\n|t:|1770701238\n|move|p2b: Garganacl|Recover|p2b: Garganacl\n|-heal|p2b: Garganacl|295/295\n|move|p2a: Farigiraf|Nasty Plot|p2a: Farigiraf\n|-boost|p2a: Farigiraf|spa|2\n|move|p1a: Chimecho|Psychic|p2a: Farigiraf\n|-resisted|p2a: Farigiraf\n|-damage|p2a: Farigiraf|117/339\n|move|p1b: Pachirisu|Super Fang|p2a: Farigiraf\n|-damage|p2a: Farigiraf|59/339\n|\n|-damage|p1b: Pachirisu|40/262|[from] Salt Cure\n|upkeep\n|turn|9\n|\n|t:|1770701253\n|move|p1a: Chimecho|Protect|p1a: Chimecho\n|-singleturn|p1a: Chimecho|Protect\n|move|p2b: Garganacl|Recover||[still]\n|-fail|p2b: Garganacl|heal\n|move|p2a: Farigiraf|Hyper Voice|p1b: Pachirisu|[spread] p1b\n|-activate|p1a: Chimecho|move: Protect\n|-damage|p1b: Pachirisu|0 fnt\n|faint|p1b: Pachirisu\n|\n|-fieldend|move: Trick Room\n|upkeep\n|\n|t:|1770701264\n|switch|p1b: Camerupt|Camerupt, L88, F|266/266\n|turn|10\n|\n|t:|1770701279\n|switch|p2b: Diancie|Diancie, L77, tera:Fighting|126/204\n|move|p1a: Chimecho|Psychic|p2b: Diancie\n|-supereffective|p2b: Diancie\n|-damage|p2b: Diancie|0 fnt\n|faint|p2b: Diancie\n|move|p1b: Camerupt|Earth Power|p2a: Farigiraf\n|-damage|p2a: Farigiraf|0 fnt\n|faint|p2a: Farigiraf\n|\n|upkeep\n|\n|t:|1770701283\n|switch|p2b: Garganacl|Garganacl, L81, F|295/295\n|turn|11\n|\n|t:|1770701295\n|move|p1a: Chimecho|Psychic|p2b: Garganacl\n|-damage|p2b: Garganacl|174/295\n|move|p1b: Camerupt|Earth Power|p2b: Garganacl\n|-supereffective|p2b: Garganacl\n|-damage|p2b: Garganacl|0 fnt\n|faint|p2b: Garganacl\n|\n|win|kalsonofjor\n|raw|kalsonofjor's rating: 1901 &rarr; <strong>1920</strong><br />(+19 for winning)\n|raw|liykin's rating: 1891 &rarr; <strong>1872</strong><br />(-19 for losing)\n", "inputlog": ">version ccdc32dd7cde25fd9e4bed64820e885f66e78a4e\n>start {\"formatid\":\"gen9randomdoublesbattle\",\"seed\":\"sodium,d8ef8f790af56d77270f9cf9b8065492\",\"rated\":\"Rated battle\"}\n>player p1 {\"name\":\"kalsonofjor\",\"avatar\":\"2\",\"rating\":1901,\"seed\":\"sodium,29a2e28d1328d7c46da1ad4b54cf13e1\"}\n>player p2 {\"name\":\"liykin\",\"avatar\":\"morty\",\"rating\":1891,\"seed\":\"sodium,0fd78fd345647e81047e94e3463a0c8b\"}\n>p1 move doubleedge +1, move flashcannon +2\n>p2 switch 5, move bodypress +2 terastallize\n>p1 move doubleedge +2, move electroweb\n>p2 move protect, switch 6\n>chat ☆liykin|Michelin three stars the way this is cooked\n>p2 pass, switch 5\n>p1 move doubleedge +2, move electroweb\n>p2 move swordsdance, move trickroom\n>p2 pass, switch 6\n>p1 move doubleedge +2, move flashcannon +1\n>p2 move playrough +1, move protect\n>p1 switch 5, pass\n>p2 switch 3, pass\n>p1 move psychic +2, move thunderbolt +1\n>p2 move trickroom, switch 4\n>p1 move psychic +2, switch 3\n>p2 move hypervoice, move saltcure +2\n>p1 move encore +2, move superfang +1\n>p2 move hypervoice, move recover\n>p1 move psychic +1, move superfang +1\n>p2 move nastyplot, move recover\n>p1 move protect, move thunderbolt +1\n>p2 move hypervoice, move recover\n>p1 pass, switch 4\n>p1 move psychic +2, move earthpower +1\n>p2 move hypervoice, switch 4\n>p2 pass, switch 4\n>p1 move psychic +2, move earthpower +2\n>p2 pass, move saltcure +2", "uploadtime": 1770701300, "views": 65, "formatid": "gen9randomdoublesbattle", "rating": 1872, "private": 0, "password": null}