{"id": "gen9randomdoublesbattle-2536420330", "format": "[Gen 9] Random Doubles Battle", "players": ["waezz", "caoscontrol"], "log": "|j|☆waezz\n|j|☆caoscontrol\n|t:|1770685862\n|gametype|doubles\n|player|p1|waezz|2|1638\n|player|p2|caoscontrol|169|1726\n|gen|9\n|tier|[Gen 9] Random Doubles Battle\n|rated|\n|rule|Species Clause: Limit one of each Pokémon\n|rule|HP Percentage Mod: HP is shown in percentages\n|rule|Illusion Level Mod: Illusion disguises the Pokémon's true level\n|rule|Sleep Clause Mod: Limit one foe put to sleep\n|\n|t:|1770685862\n|teamsize|p1|6\n|teamsize|p2|6\n|start\n|switch|p1a: Iron Moth|Iron Moth, L78|253/253\n|switch|p1b: Reuniclus|Reuniclus, L84, F|322/322\n|switch|p2a: Crawdaunt|Crawdaunt, L87, M|251/251\n|switch|p2b: Ninetales|Ninetales, L79, M|245/245\n|-weather|SunnyDay|[from] ability: Drought|[of] p2b: Ninetales\n|turn|1\n|\n|t:|1770685905\n|switch|p2a: Hariyama|Hariyama, L85, F|384/384\n|switch|p1b: Palkia|Palkia, L74|255/255\n|move|p1a: Iron Moth|Energy Ball|p2a: Hariyama\n|-damage|p2a: Hariyama|302/384\n|-damage|p1a: Iron Moth|228/253|[from] item: Life Orb\n|move|p2b: Ninetales|Fire Blast|p1b: Palkia\n|-resisted|p1b: Palkia\n|-damage|p1b: Palkia|213/255\n|-damage|p2b: Ninetales|221/245|[from] item: Life Orb\n|\n|-weather|SunnyDay|[upkeep]\n|upkeep\n|turn|2\n|inactive|Battle timer is ON: inactive players will automatically lose when time's up. (requested by waezz)\n|\n|t:|1770685945\n|switch|p2b: Cryogonal|Cryogonal, L88|284/284\n|move|p2a: Hariyama|Fake Out|p1a: Iron Moth\n|-damage|p1a: Iron Moth|180/253\n|cant|p1a: Iron Moth|flinch\n|move|p1b: Palkia|Thunder Wave|p2b: Cryogonal\n|-status|p2b: Cryogonal|par\n|\n|-weather|SunnyDay|[upkeep]\n|upkeep\n|turn|3\n|inactive|caoscontrol has 120 seconds left.\n|\n|t:|1770685982\n|move|p1a: Iron Moth|Fiery Dance|p2b: Cryogonal\n|-supereffective|p2b: Cryogonal\n|-damage|p2b: Cryogonal|0 fnt\n|-boost|p1a: Iron Moth|spa|1\n|faint|p2b: Cryogonal\n|-damage|p1a: Iron Moth|155/253|[from] item: Life Orb\n|move|p1b: Palkia|Fire Blast|p2a: Hariyama\n|-damage|p2a: Hariyama|251/384\n|move|p2a: Hariyama|Knock Off|p1a: Iron Moth\n|-damage|p1a: Iron Moth|46/253\n|-enditem|p1a: Iron Moth|Life Orb|[from] move: Knock Off|[of] p2a: Hariyama\n|\n|-weather|SunnyDay|[upkeep]\n|upkeep\n|\n|t:|1770685998\n|switch|p2b: Salazzle|Salazzle, L86, F|257/257\n|turn|4\n|\n|t:|1770686005\n|move|p1a: Iron Moth|Protect|p1a: Iron Moth\n|-singleturn|p1a: Iron Moth|Protect\n|move|p2b: Salazzle|Heat Wave|p1a: Iron Moth|[spread] p1b\n|-activate|p1a: Iron Moth|move: Protect\n|-resisted|p1b: Palkia\n|-damage|p1b: Palkia|173/255\n|-damage|p2b: Salazzle|232/257|[from] item: Life Orb\n|move|p1b: Palkia|Hydro Pump|p2b: Salazzle\n|-supereffective|p2b: Salazzle\n|-damage|p2b: Salazzle|40/257\n|move|p2a: Hariyama|Knock Off|p1b: Palkia\n|-damage|p1b: Palkia|81/255\n|-enditem|p1b: Palkia|Lustrous Orb|[from] move: Knock Off|[of] p2a: Hariyama\n|\n|-weather|SunnyDay|[upkeep]\n|upkeep\n|turn|5\n|inactive|waezz has 120 seconds left.\n|\n|t:|1770686044\n|move|p2b: Salazzle|Sludge Bomb|p1b: Palkia\n|-damage|p1b: Palkia|0 fnt\n|faint|p1b: Palkia\n|-damage|p2b: Salazzle|15/257|[from] item: Life Orb\n|move|p1a: Iron Moth|Fiery Dance|p2a: Hariyama\n|-damage|p2a: Hariyama|155/384\n|-boost|p1a: Iron Moth|spa|1\n|move|p2a: Hariyama|Knock Off|p1a: Iron Moth\n|-damage|p1a: Iron Moth|0 fnt\n|faint|p1a: Iron Moth\n|-end|p1a: Iron Moth|Quark Drive|[silent]\n|\n|-weather|none\n|upkeep\n|\n|t:|1770686066\n|switch|p1a: Zacian|Zacian, L70|245/245\n|switch|p1b: Swanna|Swanna, L87, M|272/272\n|-ability|p1a: Zacian|Intrepid Sword|boost\n|-boost|p1a: Zacian|atk|1\n|turn|6\n|inactive|waezz has 120 seconds left.\n|\n|t:|1770686088\n|-terastallize|p2a: Hariyama|Steel\n|move|p2b: Salazzle|Sludge Bomb|p1b: Swanna\n|-damage|p1b: Swanna|95/272\n|-damage|p2b: Salazzle|0 fnt|[from] item: Life Orb\n|faint|p2b: Salazzle\n|move|p1a: Zacian|Play Rough|p2a: Hariyama\n|-resisted|p2a: Hariyama\n|-damage|p2a: Hariyama|52/384\n|-damage|p1a: Zacian|221/245|[from] item: Life Orb\n|move|p1b: Swanna|Tailwind|p1b: Swanna\n|-sidestart|p1: waezz|move: Tailwind\n|move|p2a: Hariyama|Heavy Slam|p1a: Zacian\n|-supereffective|p1a: Zacian\n|-damage|p1a: Zacian|81/245\n|\n|upkeep\n|\n|t:|1770686107\n|switch|p2b: Ninetales|Ninetales, L79, M|221/245\n|-weather|SunnyDay|[from] ability: Drought|[of] p2b: Ninetales\n|turn|7\n|inactive|waezz has 120 seconds left.\n|\n|t:|1770686139\n|switch|p2a: Regigigas|Regigigas, L86|329/329\n|-start|p2a: Regigigas|ability: Slow Start\n|move|p1a: Zacian|Play Rough|p2a: Regigigas\n|-damage|p2a: Regigigas|199/329\n|-unboost|p2a: Regigigas|atk|1\n|-damage|p1a: Zacian|57/245|[from] item: Life Orb\n|move|p1b: Swanna|Hydro Pump|p2b: Ninetales\n|-supereffective|p2b: Ninetales\n|-damage|p2b: Ninetales|88/245\n|-damage|p1b: Swanna|68/272|[from] item: Life Orb\n|move|p2b: Ninetales|Solar Beam||[still]\n|-prepare|p2b: Ninetales|Solar Beam\n|-anim|p2b: Ninetales|Solar Beam|p1b: Swanna\n|-damage|p1b: Swanna|0 fnt\n|faint|p1b: Swanna\n|-damage|p2b: Ninetales|64/245|[from] item: Life Orb\n|\n|-weather|SunnyDay|[upkeep]\n|-heal|p2a: Regigigas|219/329|[from] item: Leftovers\n|upkeep\n|\n|t:|1770686158\n|switch|p1b: Annihilape|Annihilape, L77, F|296/296\n|turn|8\n|inactive|waezz has 120 seconds left.\n|\n|t:|1770686173\n|move|p2b: Ninetales|Protect|p2b: Ninetales\n|-singleturn|p2b: Ninetales|Protect\n|move|p1b: Annihilape|Rage Fist|p2b: Ninetales\n|-activate|p2b: Ninetales|move: Protect\n|move|p1a: Zacian|Close Combat|p2a: Regigigas\n|-supereffective|p2a: Regigigas\n|-damage|p2a: Regigigas|1/329\n|-unboost|p1a: Zacian|def|1\n|-unboost|p1a: Zacian|spd|1\n|-damage|p1a: Zacian|33/245|[from] item: Life Orb\n|move|p2a: Regigigas|Thunder Wave|p1b: Annihilape\n|-status|p1b: Annihilape|par\n|\n|-weather|SunnyDay|[upkeep]\n|-heal|p2a: Regigigas|21/329|[from] item: Leftovers\n|upkeep\n|turn|9\n|inactive|waezz has 120 seconds left.\n|\n|t:|1770686218\n|move|p2a: Regigigas|Protect|p2a: Regigigas\n|-singleturn|p2a: Regigigas|Protect\n|move|p1a: Zacian|Close Combat|p2a: Regigigas\n|-activate|p2a: Regigigas|move: Protect\n|cant|p1b: Annihilape|par\n|move|p2b: Ninetales|Heat Wave|p1b: Annihilape|[spread] p1a\n|-miss|p2b: Ninetales|p1b: Annihilape\n|-damage|p1a: Zacian|0 fnt\n|faint|p1a: Zacian\n|-damage|p2b: Ninetales|40/245|[from] item: Life Orb\n|\n|-weather|SunnyDay|[upkeep]\n|-heal|p2a: Regigigas|41/329|[from] item: Leftovers\n|-sideend|p1: waezz|move: Tailwind\n|upkeep\n|\n|t:|1770686228\n|switch|p1a: Reuniclus|Reuniclus, L84, F|322/322\n|turn|10\n|\n|t:|1770686242\n|-terastallize|p1a: Reuniclus|Fighting\n|move|p2b: Ninetales|Fire Blast|p1b: Annihilape\n|-damage|p1b: Annihilape|121/296 par\n|-damage|p2b: Ninetales|16/245|[from] item: Life Orb\n|move|p1b: Annihilape|Rage Fist|p2b: Ninetales\n|-damage|p2b: Ninetales|0 fnt\n|faint|p2b: Ninetales\n|move|p2a: Regigigas|Knock Off|p1b: Annihilape\n|-damage|p1b: Annihilape|81/296 par\n|-enditem|p1b: Annihilape|Choice Scarf|[from] move: Knock Off|[of] p2a: Regigigas\n|move|p1a: Reuniclus|Trick Room|p1a: Reuniclus\n|-fieldstart|move: Trick Room|[of] p1a: Reuniclus\n|\n|-weather|SunnyDay|[upkeep]\n|-heal|p2a: Regigigas|61/329|[from] item: Leftovers\n|upkeep\n|inactive|caoscontrol has 120 seconds left.\n|\n|t:|1770686269\n|switch|p2b: Hariyama|Hariyama, L85, F, tera:Steel|52/384\n|turn|11\n|\n|t:|1770686282\n|move|p2b: Hariyama|Fake Out|p1a: Reuniclus\n|-damage|p1a: Reuniclus|280/322\n|cant|p1a: Reuniclus|flinch\n|cant|p1b: Annihilape|par\n|move|p2a: Regigigas|Thunder Wave|p1a: Reuniclus\n|-status|p1a: Reuniclus|par\n|\n|-weather|none\n|-heal|p2a: Regigigas|81/329|[from] item: Leftovers\n|upkeep\n|turn|12\n|\n|t:|1770686312\n|move|p2a: Regigigas|Protect|p2a: Regigigas\n|-singleturn|p2a: Regigigas|Protect\n|move|p1a: Reuniclus|Focus Blast|p2a: Regigigas\n|-activate|p2a: Regigigas|move: Protect\n|move|p1b: Annihilape|Rage Fist|p2b: Hariyama\n|-damage|p2b: Hariyama|0 fnt\n|faint|p2b: Hariyama\n|\n|-heal|p2a: Regigigas|101/329|[from] item: Leftovers\n|-end|p2a: Regigigas|Slow Start\n|upkeep\n|inactive|caoscontrol has 120 seconds left.\n|\n|t:|1770686324\n|switch|p2b: Crawdaunt|Crawdaunt, L87, M|251/251\n|turn|13\n|\n|t:|1770686338\n|move|p2b: Crawdaunt|Aqua Jet|p1b: Annihilape\n|-damage|p1b: Annihilape|0 fnt\n|faint|p1b: Annihilape\n|-damage|p2b: Crawdaunt|226/251|[from] item: Life Orb\n|move|p1a: Reuniclus|Focus Blast|p2a: Regigigas\n|-supereffective|p2a: Regigigas\n|-damage|p2a: Regigigas|0 fnt\n|faint|p2a: Regigigas\n|\n|upkeep\n|turn|14\n|\n|t:|1770686350\n|move|p2b: Crawdaunt|Protect|p2b: Crawdaunt\n|-singleturn|p2b: Crawdaunt|Protect\n|cant|p1a: Reuniclus|par\n|\n|-fieldend|move: Trick Room\n|upkeep\n|turn|15\n|\n|t:|1770686356\n|move|p2b: Crawdaunt|Crabhammer|p1a: Reuniclus|[miss]\n|-miss|p2b: Crawdaunt|p1a: Reuniclus\n|move|p1a: Reuniclus|Focus Blast|p2b: Crawdaunt\n|-supereffective|p2b: Crawdaunt\n|-damage|p2b: Crawdaunt|0 fnt\n|faint|p2b: Crawdaunt\n|\n|win|waezz\n|raw|waezz's rating: 1638 &rarr; <strong>1663</strong><br />(+25 for winning)\n|raw|caoscontrol's rating: 1726 &rarr; <strong>1701</strong><br />(-25 for losing)\n", "inputlog": ">version ccdc32dd7cde25fd9e4bed64820e885f66e78a4e\n>start {\"formatid\":\"gen9randomdoublesbattle\",\"seed\":\"sodium,6cdc968b9d326c48593b10b16d41c8a3\",\"rated\":\"Rated battle\"}\n>player p1 {\"name\":\"waezz\",\"avatar\":\"2\",\"rating\":1638,\"seed\":\"sodium,1ca5f60a131532e38625c361031e30eb\"}\n>player p2 {\"name\":\"caoscontrol\",\"avatar\":\"169\",\"rating\":1726,\"seed\":\"sodium,1c45d99031ebc54cd1bbc16b714c4853\"}\n>p1 move energyball +1, switch 3\n>p2 switch 4, move fireblast +2\n>p1 move fierydance +1, move thunderwave +2\n>p2 move fakeout +1, switch 5\n>p1 move fierydance +2, move fireblast +1\n>p2 move knockoff +1, move freezedry +2\n>p2 pass, switch 6\n>p1 move protect, move hydropump +2\n>p2 move knockoff +2, move heatwave\n>p1 move fierydance +1, move spacialrend +2\n>p2 move knockoff +1, move sludgebomb +2\n>p1 switch 4, switch 6\n>p1 move playrough +1, move tailwind\n>p2 move heavyslam +1 terastallize, move sludgebomb +2\n>p2 pass, switch 5\n>p1 move playrough +1, move hydropump +2\n>p2 switch 3, move solarbeam +2\n>p1 pass, switch 5\n>p1 move closecombat +1, move ragefist +2\n>p2 move thunderwave +2, move protect\n>p1 move closecombat +1, move ragefist +2\n>p2 move protect, move heatwave\n>p1 switch 3, pass\n>p1 move trickroom terastallize, move ragefist +2\n>p2 move knockoff +2, move fireblast +2\n>p2 pass, switch 3\n>p1 move focusblast +1, move ragefist +2\n>p2 move thunderwave +1, move fakeout +1\n>p1 move focusblast +1, move ragefist +2\n>p2 move protect, move heavyslam +2\n>p2 pass, switch 4\n>p1 move focusblast +1, move closecombat +2\n>p2 move doubleedge +1, move aquajet +2\n>p1 move focusblast +2, pass\n>p2 pass, move protect\n>p1 move focusblast +2, pass\n>p2 pass, move crabhammer +1", "uploadtime": 1770686361, "views": 67, "formatid": "gen9randomdoublesbattle", "rating": 1663, "private": 0, "password": null}