{"id": "gen9randomdoublesbattle-2539251665", "format": "[Gen 9] Random Doubles Battle", "players": ["SolaceAnt", "espeon854"], "log": "|j|☆SolaceAnt\n|j|☆espeon854\n|t:|1771028656\n|gametype|doubles\n|player|p1|SolaceAnt|juan|1971\n|player|p2|espeon854|sabrina|1906\n|gen|9\n|tier|[Gen 9] Random Doubles Battle\n|rated|\n|rule|Species Clause: Limit one of each Pokémon\n|rule|HP Percentage Mod: HP is shown in percentages\n|rule|Illusion Level Mod: Illusion disguises the Pokémon's true level\n|rule|Sleep Clause Mod: Limit one foe put to sleep\n|\n|t:|1771028656\n|teamsize|p1|6\n|teamsize|p2|6\n|start\n|switch|p1a: Minior|Minior-Blue, L83|232/232\n|switch|p1b: Abomasnow|Abomasnow, L81, F|278/278\n|switch|p2a: Overqwil|Overqwil, L82, M|274/274\n|switch|p2b: Toxtricity|Toxtricity, L82, F|257/257\n|-ability|p2a: Overqwil|Intimidate|boost\n|-unboost|p1a: Minior|atk|1\n|-unboost|p1b: Abomasnow|atk|1\n|-weather|Snowscape|[from] ability: Snow Warning|[of] p1b: Abomasnow\n|-formechange|p1a: Minior|Minior-Meteor||[from] ability: Shields Down\n|-enditem|p1a: Minior|White Herb\n|-clearnegativeboost|p1a: Minior|[silent]\n|turn|1\n|inactive|Battle timer is ON: inactive players will automatically lose when time's up. (requested by espeon854)\n|inactive|espeon854 has 120 seconds left.\n|c|☆espeon854|glhf\n|c|☆SolaceAnt|Gl hf\n|\n|t:|1771028710\n|switch|p1a: Amoonguss|Amoonguss, L86, F|336/336\n|switch|p1b: Magearna|Magearna-Original, L71|231/231\n|move|p2a: Overqwil|Gunk Shot|p1b: Magearna\n|-immune|p1b: Magearna\n|move|p2b: Toxtricity|Overdrive|p1a: Amoonguss|[spread] p1a,p1b\n|-resisted|p1a: Amoonguss\n|-damage|p1a: Amoonguss|265/336\n|-damage|p1b: Magearna|111/231\n|\n|-weather|Snowscape|[upkeep]\n|upkeep\n|turn|2\n|\n|t:|1771028736\n|move|p2a: Overqwil|Swords Dance|p2a: Overqwil\n|-boost|p2a: Overqwil|atk|2\n|move|p2b: Toxtricity|Overdrive|p1b: Magearna|[spread] p1a,p1b\n|-resisted|p1a: Amoonguss\n|-damage|p1a: Amoonguss|192/336\n|-damage|p1b: Magearna|0 fnt\n|faint|p1b: Magearna\n|move|p1a: Amoonguss|Spore|p2b: Toxtricity\n|-status|p2b: Toxtricity|slp|[from] move: Spore\n|\n|-weather|Snowscape|[upkeep]\n|upkeep\n|\n|t:|1771028747\n|switch|p1b: Manaphy|Manaphy, L78|284/284\n|turn|3\n|\n|t:|1771028767\n|switch|p2b: Shiftry|Shiftry, L84, M|288/288\n|move|p1a: Amoonguss|Rage Powder|p1a: Amoonguss\n|-singleturn|p1a: Amoonguss|move: Rage Powder\n|move|p1b: Manaphy|Scald|p2a: Overqwil\n|-crit|p2a: Overqwil\n|-damage|p2a: Overqwil|117/274\n|-status|p2a: Overqwil|brn\n|move|p2a: Overqwil|Gunk Shot|p1a: Amoonguss\n|-damage|p1a: Amoonguss|0 fnt\n|faint|p1a: Amoonguss\n|-damage|p2a: Overqwil|90/274 brn|[from] item: Life Orb\n|\n|-weather|Snowscape|[upkeep]\n|-damage|p2a: Overqwil|73/274 brn|[from] brn\n|upkeep\n|\n|t:|1771028788\n|switch|p1a: Abomasnow|Abomasnow, L81, F|278/278\n|turn|4\n|\n|t:|1771028795\n|move|p1b: Manaphy|Scald|p2a: Overqwil\n|-damage|p2a: Overqwil|0 fnt\n|faint|p2a: Overqwil\n|move|p2b: Shiftry|Tailwind|p2b: Shiftry\n|-sidestart|p2: espeon854|move: Tailwind\n|-ability|p2b: Shiftry|Wind Rider|boost\n|-boost|p2b: Shiftry|atk|1\n|move|p1a: Abomasnow|Aurora Veil|p1a: Abomasnow\n|-sidestart|p1: SolaceAnt|move: Aurora Veil\n|\n|-weather|Snowscape|[upkeep]\n|upkeep\n|inactive|espeon854 has 120 seconds left.\n|\n|t:|1771028839\n|switch|p2a: Kleavor|Kleavor, L79, M|240/240\n|turn|5\n|\n|t:|1771028853\n|switch|p1a: Porygon2|Porygon2, L82|274/274\n|-ability|p1a: Porygon2|Download|boost\n|-boost|p1a: Porygon2|spa|1\n|move|p2b: Shiftry|Leaf Blade|p1b: Manaphy\n|-supereffective|p1b: Manaphy\n|-damage|p1b: Manaphy|50/284\n|-enditem|p1b: Manaphy|Sitrus Berry|[eat]\n|-heal|p1b: Manaphy|121/284|[from] item: Sitrus Berry\n|-damage|p2b: Shiftry|260/288|[from] item: Life Orb\n|move|p2a: Kleavor|Stone Axe|p1a: Porygon2\n|-damage|p1a: Porygon2|206/274\n|-sidestart|p1: SolaceAnt|move: Stealth Rock\n|-damage|p2a: Kleavor|216/240|[from] item: Life Orb\n|move|p1b: Manaphy|Ice Beam|p2b: Shiftry\n|-supereffective|p2b: Shiftry\n|-damage|p2b: Shiftry|106/288\n|\n|-weather|none\n|upkeep\n|turn|6\n|\n|t:|1771028882\n|switch|p1b: Abomasnow|Abomasnow, L81, F|278/278\n|-damage|p1b: Abomasnow|209/278|[from] Stealth Rock\n|-weather|Snowscape|[from] ability: Snow Warning|[of] p1b: Abomasnow\n|move|p2b: Shiftry|Knock Off|p1a: Porygon2\n|-damage|p1a: Porygon2|112/274\n|-enditem|p1a: Porygon2|Eviolite|[from] move: Knock Off|[of] p2b: Shiftry\n|-damage|p2b: Shiftry|78/288|[from] item: Life Orb\n|move|p2a: Kleavor|X-Scissor|p1b: Abomasnow\n|-supereffective|p1b: Abomasnow\n|-crit|p1b: Abomasnow\n|-damage|p1b: Abomasnow|0 fnt\n|faint|p1b: Abomasnow\n|-damage|p2a: Kleavor|192/240|[from] item: Life Orb\n|move|p1a: Porygon2|Trick Room|p1a: Porygon2\n|-fieldstart|move: Trick Room|[of] p1a: Porygon2\n|\n|-weather|Snowscape|[upkeep]\n|upkeep\n|\n|t:|1771028887\n|switch|p1b: Manaphy|Manaphy, L78|121/284\n|-damage|p1b: Manaphy|86/284|[from] Stealth Rock\n|turn|7\n|\n|t:|1771028905\n|-terastallize|p1b: Manaphy|Grass\n|move|p2a: Kleavor|Protect|p2a: Kleavor\n|-singleturn|p2a: Kleavor|Protect\n|move|p2b: Shiftry|Protect|p2b: Shiftry\n|-singleturn|p2b: Shiftry|Protect\n|move|p1a: Porygon2|Recover|p1a: Porygon2\n|-heal|p1a: Porygon2|249/274\n|move|p1b: Manaphy|Scald|p2a: Kleavor\n|-activate|p2a: Kleavor|move: Protect\n|\n|-weather|Snowscape|[upkeep]\n|-sideend|p2: espeon854|move: Tailwind\n|upkeep\n|turn|8\n|inactive|espeon854 has 120 seconds left.\n|\n|t:|1771028950\n|move|p1a: Porygon2|Tera Blast|p2a: Kleavor\n|-resisted|p2a: Kleavor\n|-damage|p2a: Kleavor|109/240\n|move|p2a: Kleavor|X-Scissor|p1b: Manaphy\n|-supereffective|p1b: Manaphy\n|-damage|p1b: Manaphy|0 fnt\n|faint|p1b: Manaphy\n|-damage|p2a: Kleavor|85/240|[from] item: Life Orb\n|move|p2b: Shiftry|Leaf Blade|p1a: Porygon2\n|-damage|p1a: Porygon2|119/274\n|-damage|p2b: Shiftry|50/288|[from] item: Life Orb\n|\n|-weather|Snowscape|[upkeep]\n|upkeep\n|\n|t:|1771028955\n|switch|p1b: Minior|Minior-Blue, L83|232/232\n|-damage|p1b: Minior|174/232|[from] Stealth Rock\n|-formechange|p1b: Minior|Minior-Meteor||[from] ability: Shields Down\n|turn|9\n|inactive|espeon854 has 120 seconds left.\n|\n|t:|1771028977\n|move|p1a: Porygon2|Recover|p1a: Porygon2\n|-heal|p1a: Porygon2|256/274\n|move|p1b: Minior|Rock Slide|p2a: Kleavor|[spread] p2a,p2b\n|-supereffective|p2a: Kleavor\n|-crit|p2a: Kleavor\n|-damage|p2a: Kleavor|0 fnt\n|-damage|p2b: Shiftry|0 fnt\n|faint|p2a: Kleavor\n|faint|p2b: Shiftry\n|\n|-weather|Snowscape|[upkeep]\n|upkeep\n|inactive|espeon854 has 120 seconds left.\n|inactive|espeon854 has 90 seconds left.\n|\n|t:|1771029021\n|switch|p2a: Politoed|Politoed, L82, F|282/282\n|switch|p2b: Florges|Florges-White, L84, F|268/268\n|-weather|RainDance|[from] ability: Drizzle|[of] p2a: Politoed\n|turn|10\n|\n|t:|1771029036\n|move|p1a: Porygon2|Tera Blast|p2a: Politoed\n|-damage|p2a: Politoed|162/282\n|move|p1b: Minior|Shell Smash|p1b: Minior\n|-unboost|p1b: Minior|def|1\n|-unboost|p1b: Minior|spd|1\n|-boost|p1b: Minior|atk|2\n|-boost|p1b: Minior|spa|2\n|-boost|p1b: Minior|spe|2\n|move|p2b: Florges|Calm Mind|p2b: Florges\n|-boost|p2b: Florges|spa|1\n|-boost|p2b: Florges|spd|1\n|move|p2a: Politoed|Hydro Pump|p1b: Minior\n|-supereffective|p1b: Minior\n|-damage|p1b: Minior|0 fnt\n|faint|p1b: Minior\n|\n|-weather|RainDance|[upkeep]\n|-fieldend|move: Trick Room\n|upkeep\n|turn|11\n|-message|SolaceAnt forfeited.\n|\n|win|espeon854\n|raw|SolaceAnt's rating: 1971 &rarr; <strong>1947</strong><br />(-24 for losing)\n|raw|espeon854's rating: 1906 &rarr; <strong>1930</strong><br />(+24 for winning)\n|l|☆SolaceAnt\n|player|p1|\n", "inputlog": ">version ccdc32dd7cde25fd9e4bed64820e885f66e78a4e\n>start {\"formatid\":\"gen9randomdoublesbattle\",\"seed\":\"sodium,c2f8f0a26d56fd9780a46013c5f6e1d5\",\"rated\":\"Rated battle\"}\n>player p1 {\"name\":\"SolaceAnt\",\"avatar\":\"juan\",\"rating\":1971,\"seed\":\"sodium,c1cfb3ce64f8bb87d21da372eec1bc5c\"}\n>player p2 {\"name\":\"espeon854\",\"avatar\":\"sabrina\",\"rating\":1906,\"seed\":\"sodium,506a5fbad797f13833d0790c92a8dbf3\"}\n>chat ☆espeon854|glhf\n>chat ☆SolaceAnt|Gl hf\n>p1 switch 6, switch 3\n>p2 move gunkshot +2, move overdrive\n>p1 move spore +2, move trickroom\n>p2 move swordsdance, move overdrive\n>p1 pass, switch 4\n>p1 move ragepowder, move scald +1\n>p2 move gunkshot +2, switch 5\n>p1 switch 3, pass\n>p1 move auroraveil, move scald +1\n>p2 move gunkshot +1, move tailwind\n>p2 switch 4, pass\n>p1 switch 5, move icebeam +2\n>p2 move stoneaxe +1, move leafblade +2\n>p1 move trickroom, switch 5\n>p2 move xscissor +2, move knockoff +1\n>p1 pass, switch 5\n>p1 move recover, move scald +1 terastallize\n>p2 move protect, move protect\n>p1 move terablast +1, move icebeam +2\n>p2 move xscissor +2, move leafblade +1\n>p1 pass, switch 6\n>p1 move recover, move rockslide\n>p2 move xscissor +1, move leafblade +1\n>p2 switch 3, switch 6\n>p1 move terablast +1, move shellsmash\n>p2 move hydropump +2, move calmmind\n>forcelose p1", "uploadtime": 1771029055, "views": 80, "formatid": "gen9randomdoublesbattle", "rating": 1930, "private": 0, "password": null}