{"id": "gen9randomdoublesbattle-2536922973", "format": "[Gen 9] Random Doubles Battle", "players": ["NegaiFreak", "Agamuu"], "log": "|j|☆NegaiFreak\n|j|☆Agamuu\n|t:|1770748776\n|gametype|doubles\n|player|p1|NegaiFreak|2|1543\n|player|p2|Agamuu|swimmerf-gen4|1511\n|gen|9\n|tier|[Gen 9] Random Doubles Battle\n|rated|\n|rule|Species Clause: Limit one of each Pokémon\n|rule|HP Percentage Mod: HP is shown in percentages\n|rule|Illusion Level Mod: Illusion disguises the Pokémon's true level\n|rule|Sleep Clause Mod: Limit one foe put to sleep\n|\n|t:|1770748776\n|teamsize|p1|6\n|teamsize|p2|6\n|start\n|switch|p1a: Swampert|Swampert, L82, M|298/298\n|switch|p1b: Klawf|Klawf, L91, F|275/275\n|switch|p2a: Noivern|Noivern, L84, M|280/280\n|switch|p2b: Typhlosion|Typhlosion, L79, M|253/253\n|-item|p1a: Swampert|Assault Vest|[from] ability: Frisk|[of] p2a: Noivern\n|-item|p1b: Klawf|Life Orb|[from] ability: Frisk|[of] p2a: Noivern\n|turn|1\n|inactive|Battle timer is ON: inactive players will automatically lose when time's up. (requested by Agamuu)\n|c|☆NegaiFreak|GLHF\n|inactive|Agamuu has 120 seconds left.\n|\n|t:|1770748814\n|switch|p2b: Tsareena|Tsareena, L85, F|261/261\n|switch|p2a: Tatsugiri|Tatsugiri, L84, M|251/251\n|move|p1b: Klawf|Rock Slide|p2a: Tatsugiri|[spread] p2a\n|-miss|p1b: Klawf|p2b: Tsareena\n|-damage|p2a: Tatsugiri|141/251\n|-damage|p1b: Klawf|248/275|[from] item: Life Orb\n|move|p1a: Swampert|Muddy Water|p2b: Tsareena|[spread] p2b\n|-ability|p2a: Tatsugiri|Storm Drain|boost\n|-boost|p2a: Tatsugiri|spa|1\n|-resisted|p2b: Tsareena\n|-damage|p2b: Tsareena|243/261\n|\n|upkeep\n|turn|2\n|\n|t:|1770748844\n|switch|p1b: Illumise|Illumise, L83, F|244/244\n|-terastallize|p1a: Swampert|Steel\n|move|p2a: Tatsugiri|Muddy Water|p1a: Swampert|[spread] p1a,p1b\n|-damage|p1a: Swampert|199/298\n|-damage|p1b: Illumise|61/244\n|-unboost|p1a: Swampert|accuracy|1\n|-enditem|p1b: Illumise|Sitrus Berry|[eat]\n|-heal|p1b: Illumise|122/244|[from] item: Sitrus Berry\n|-damage|p2a: Tatsugiri|116/251|[from] item: Life Orb\n|move|p2b: Tsareena|Power Whip|p1b: Illumise\n|-resisted|p1b: Illumise\n|-crit|p1b: Illumise\n|-damage|p1b: Illumise|0 fnt\n|faint|p1b: Illumise\n|move|p1a: Swampert|Knock Off|p2a: Tatsugiri\n|-damage|p2a: Tatsugiri|21/251\n|-enditem|p2a: Tatsugiri|Life Orb|[from] move: Knock Off|[of] p1a: Swampert\n|\n|upkeep\n|inactive|NegaiFreak has 120 seconds left.\n|\n|t:|1770748865\n|switch|p1b: Shiftry|Shiftry, L84, F|288/288\n|turn|3\n|\n|t:|1770748882\n|switch|p1a: Klawf|Klawf, L91, F|275/275\n|move|p2a: Tatsugiri|Draco Meteor|p1b: Shiftry\n|-damage|p1b: Shiftry|0 fnt\n|-unboost|p2a: Tatsugiri|spa|2\n|faint|p1b: Shiftry\n|move|p2b: Tsareena|High Jump Kick|p1a: Klawf\n|-supereffective|p1a: Klawf\n|-damage|p1a: Klawf|105/275\n|\n|upkeep\n|\n|t:|1770748894\n|switch|p1b: Venomoth|Venomoth, L90, F|272/272\n|turn|4\n|\n|t:|1770748913\n|move|p1b: Venomoth|Quiver Dance|p1b: Venomoth\n|-boost|p1b: Venomoth|spa|1\n|-boost|p1b: Venomoth|spd|1\n|-boost|p1b: Venomoth|spe|1\n|move|p1a: Klawf|Knock Off|p2b: Tsareena\n|-damage|p2b: Tsareena|151/261\n|-enditem|p2b: Tsareena|Assault Vest|[from] move: Knock Off|[of] p1a: Klawf\n|-damage|p1a: Klawf|78/275|[from] item: Life Orb\n|move|p2a: Tatsugiri|Draco Meteor|p1b: Venomoth\n|-damage|p1b: Venomoth|196/272\n|-unboost|p2a: Tatsugiri|spa|2\n|move|p2b: Tsareena|Knock Off|p1b: Venomoth\n|-damage|p1b: Venomoth|88/272\n|-enditem|p1b: Venomoth|Life Orb|[from] move: Knock Off|[of] p2b: Tsareena\n|\n|upkeep\n|turn|5\n|\n|t:|1770748933\n|move|p1b: Venomoth|Bug Buzz|p2b: Tsareena\n|-supereffective|p2b: Tsareena\n|-damage|p2b: Tsareena|0 fnt\n|faint|p2b: Tsareena\n|move|p1a: Klawf|Rock Slide|p2a: Tatsugiri\n|-damage|p2a: Tatsugiri|0 fnt\n|faint|p2a: Tatsugiri\n|-damage|p1a: Klawf|51/275|[from] item: Life Orb\n|\n|upkeep\n|\n|t:|1770748953\n|switch|p2a: Electivire|Electivire, L86, F|269/269\n|switch|p2b: Noivern|Noivern, L84, M|280/280\n|-item|p1a: Klawf|Life Orb|[from] ability: Frisk|[of] p2b: Noivern\n|turn|6\n|\n|t:|1770748965\n|move|p1b: Venomoth|Bug Buzz|p2a: Electivire\n|-damage|p2a: Electivire|158/269\n|move|p2b: Noivern|Draco Meteor|p1b: Venomoth\n|-damage|p1b: Venomoth|0 fnt\n|-unboost|p2b: Noivern|spa|2\n|faint|p1b: Venomoth\n|move|p2a: Electivire|Cross Chop|p1a: Klawf\n|-supereffective|p1a: Klawf\n|-damage|p1a: Klawf|0 fnt\n|faint|p1a: Klawf\n|\n|upkeep\n|\n|t:|1770748979\n|switch|p1b: Regigigas|Regigigas, L86|329/329\n|switch|p1a: Swampert|Swampert, L82, M, tera:Steel|199/298\n|-start|p1b: Regigigas|ability: Slow Start\n|turn|7\n|\n|t:|1770749002\n|move|p2b: Noivern|Flamethrower|p1a: Swampert\n|-supereffective|p1a: Swampert\n|-damage|p1a: Swampert|153/298\n|move|p2a: Electivire|Cross Chop|p1a: Swampert\n|-supereffective|p1a: Swampert\n|-damage|p1a: Swampert|0 fnt\n|faint|p1a: Swampert\n|move|p1b: Regigigas|Knock Off|p2a: Electivire\n|-damage|p2a: Electivire|93/269\n|-enditem|p2a: Electivire|Assault Vest|[from] move: Knock Off|[of] p1b: Regigigas\n|\n|upkeep\n|turn|8\n|\n|t:|1770749018\n|move|p2b: Noivern|Hurricane|p1b: Regigigas\n|-damage|p1b: Regigigas|280/329\n|move|p2a: Electivire|Cross Chop|p1b: Regigigas\n|-supereffective|p1b: Regigigas\n|-damage|p1b: Regigigas|120/329\n|move|p1b: Regigigas|Thunder Wave|p2b: Noivern\n|-status|p2b: Noivern|par\n|\n|-heal|p1b: Regigigas|140/329|[from] item: Leftovers\n|upkeep\n|turn|9\n|c|☆NegaiFreak|GG, WP\n|\n|t:|1770749037\n|move|p2a: Electivire|Cross Chop|p1b: Regigigas\n|-supereffective|p1b: Regigigas\n|-crit|p1b: Regigigas\n|-damage|p1b: Regigigas|0 fnt\n|faint|p1b: Regigigas\n|\n|win|Agamuu\n|raw|NegaiFreak's rating: 1543 &rarr; <strong>1521</strong><br />(-22 for losing)\n|raw|Agamuu's rating: 1511 &rarr; <strong>1533</strong><br />(+22 for winning)\n|l|☆Agamuu\n|player|p2|\n", "inputlog": ">version ccdc32dd7cde25fd9e4bed64820e885f66e78a4e\n>start {\"formatid\":\"gen9randomdoublesbattle\",\"seed\":\"sodium,0ae3d13f06dc8aa990292f590c254ca4\",\"rated\":\"Rated battle\"}\n>player p1 {\"name\":\"NegaiFreak\",\"avatar\":\"2\",\"rating\":1543,\"seed\":\"sodium,f8862facdaff7775b2b5923db6bdba12\"}\n>player p2 {\"name\":\"Agamuu\",\"avatar\":\"swimmerf-gen4\",\"rating\":1511,\"seed\":\"sodium,8f1114beb3fe6b74d4a41d281af13bd7\"}\n>chat ☆NegaiFreak|GLHF\n>p1 move muddywater, move rockslide\n>p2 switch 6, switch 4\n>p1 move knockoff +1 terastallize, switch 3\n>p2 move muddywater, move powerwhip +2\n>p1 pass, switch 4\n>p1 switch 3, move tailwind\n>p2 move dracometeor +2, move highjumpkick +1\n>p1 pass, switch 6\n>p1 move knockoff +2, move quiverdance\n>p2 move dracometeor +2, move knockoff +2\n>p1 move rockslide, move bugbuzz +2\n>p2 move muddywater, move tripleaxel +2\n>p2 switch 5, switch 6\n>p1 move rockslide, move bugbuzz +1\n>p2 move crosschop +1, move dracometeor +2\n>p1 switch 3, switch 5\n>p1 move icywind, move knockoff +1\n>p2 move crosschop +1, move flamethrower +1\n>p1 pass, move thunderwave +2\n>p2 move crosschop +2, move hurricane +2\n>chat ☆NegaiFreak|GG, WP\n>p1 pass, move doubleedge +1\n>p2 move crosschop +2, move hurricane +2", "uploadtime": 1770749045, "views": 68, "formatid": "gen9randomdoublesbattle", "rating": 1521, "private": 0, "password": null}