{"id": "gen9randomdoublesbattle-2540163652", "format": "[Gen 9] Random Doubles Battle", "players": ["mienfoo619", "marco365"], "log": "|j|☆mienfoo619\n|j|☆marco365\n|t:|1771170576\n|gametype|doubles\n|player|p1|mienfoo619|sage|1648\n|player|p2|marco365|lucian|1774\n|gen|9\n|tier|[Gen 9] Random Doubles Battle\n|rated|\n|rule|Species Clause: Limit one of each Pokémon\n|rule|HP Percentage Mod: HP is shown in percentages\n|rule|Illusion Level Mod: Illusion disguises the Pokémon's true level\n|rule|Sleep Clause Mod: Limit one foe put to sleep\n|\n|t:|1771170576\n|teamsize|p1|6\n|teamsize|p2|6\n|start\n|switch|p1a: Slither Wing|Slither Wing, L83|277/277\n|switch|p1b: Vespiquen|Vespiquen, F|302/302\n|switch|p2a: Serperior|Serperior, L80, M|251/251\n|switch|p2b: Lurantis|Lurantis, L85, F|258/258\n|-ability|p1b: Vespiquen|Unnerve\n|turn|1\n|\n|t:|1771170600\n|switch|p2b: Seviper|Seviper, L96, F|296/296\n|move|p2a: Serperior|Protect|p2a: Serperior\n|-singleturn|p2a: Serperior|Protect\n|move|p1a: Slither Wing|First Impression|p2b: Seviper\n|-resisted|p2b: Seviper\n|-damage|p2b: Seviper|202/296\n|-damage|p1a: Slither Wing|250/277|[from] item: Life Orb\n|move|p1b: Vespiquen|Pollen Puff|p2a: Serperior\n|-activate|p2a: Serperior|move: Protect\n|\n|upkeep\n|turn|2\n|\n|t:|1771170627\n|move|p2a: Serperior|Glare|p1a: Slither Wing\n|-status|p1a: Slither Wing|par\n|move|p2b: Seviper|Glare|p1b: Vespiquen\n|-status|p1b: Vespiquen|par\n|move|p1a: Slither Wing|Flare Blitz|p2a: Serperior\n|-supereffective|p2a: Serperior\n|-damage|p2a: Serperior|0 fnt\n|faint|p2a: Serperior\n|-damage|p1a: Slither Wing|167/277 par|[from] Recoil\n|-damage|p1a: Slither Wing|140/277 par|[from] item: Life Orb\n|move|p1b: Vespiquen|Hurricane|p2b: Seviper\n|-damage|p2b: Seviper|37/296\n|-start|p2b: Seviper|confusion\n|\n|upkeep\n|\n|t:|1771170655\n|switch|p2a: Politoed|Politoed, L82, F|282/282\n|-weather|RainDance|[from] ability: Drizzle|[of] p2a: Politoed\n|turn|3\n|\n|t:|1771170671\n|-end|p1a: Slither Wing|Protosynthesis|[silent]\n|switch|p1a: Raikou|Raikou, L81|278/278\n|-activate|p2b: Seviper|confusion\n|move|p2b: Seviper|Knock Off|p1b: Vespiquen\n|-damage|p1b: Vespiquen|206/302 par\n|-enditem|p1b: Vespiquen|Leftovers|[from] move: Knock Off|[of] p2b: Seviper\n|-damage|p2b: Seviper|8/296|[from] item: Life Orb\n|move|p2a: Politoed|Muddy Water|p1b: Vespiquen|[spread] p1a,p1b\n|-damage|p1a: Raikou|179/278\n|-damage|p1b: Vespiquen|137/302 par\n|move|p1b: Vespiquen|Hurricane|p2a: Politoed\n|-damage|p2a: Politoed|146/282\n|-start|p2a: Politoed|confusion\n|\n|-weather|RainDance|[upkeep]\n|upkeep\n|turn|4\n|\n|t:|1771170693\n|switch|p2a: Lurantis|Lurantis, L85, F|258/258\n|move|p1a: Raikou|Thunderbolt|p2a: Lurantis\n|-resisted|p2a: Lurantis\n|-damage|p2a: Lurantis|211/258\n|-damage|p1a: Raikou|152/278|[from] item: Life Orb\n|-activate|p2b: Seviper|confusion\n|move|p2b: Seviper|Knock Off|p1a: Raikou\n|-damage|p1a: Raikou|21/278\n|-enditem|p1a: Raikou|Life Orb|[from] move: Knock Off|[of] p2b: Seviper\n|-damage|p2b: Seviper|0 fnt|[from] item: Life Orb\n|faint|p2b: Seviper\n|move|p1b: Vespiquen|Roost|p1b: Vespiquen\n|-heal|p1b: Vespiquen|288/302 par\n|-singleturn|p1b: Vespiquen|move: Roost\n|\n|-weather|RainDance|[upkeep]\n|upkeep\n|\n|t:|1771170716\n|switch|p2b: Tyranitar|Tyranitar, L81, F|295/295\n|-weather|Sandstorm|[from] ability: Sand Stream|[of] p2b: Tyranitar\n|turn|5\n|inactive|Battle timer is ON: inactive players will automatically lose when time's up. (requested by marco365)\n|\n|t:|1771170753\n|move|p1a: Raikou|Scald|p2b: Tyranitar\n|-supereffective|p2b: Tyranitar\n|-damage|p2b: Tyranitar|243/295\n|move|p2b: Tyranitar|Stone Edge|p1b: Vespiquen|[miss]\n|-miss|p2b: Tyranitar|p1b: Vespiquen\n|move|p2a: Lurantis|Superpower|p1a: Raikou\n|-damage|p1a: Raikou|0 fnt\n|-boost|p2a: Lurantis|atk|1\n|-boost|p2a: Lurantis|def|1\n|faint|p1a: Raikou\n|cant|p1b: Vespiquen|par\n|\n|-weather|Sandstorm|[upkeep]\n|-damage|p2a: Lurantis|195/258|[from] Sandstorm\n|-damage|p1b: Vespiquen|270/302 par|[from] Sandstorm\n|upkeep\n|\n|t:|1771170783\n|switch|p1a: Slither Wing|Slither Wing, L83|140/277 par\n|turn|6\n|\n|t:|1771170796\n|switch|p1b: Decidueye|Decidueye, L89, M|284/284\n|cant|p1a: Slither Wing|par\n|move|p2b: Tyranitar|Stone Edge|p1b: Decidueye\n|-damage|p1b: Decidueye|136/284\n|-enditem|p1b: Decidueye|Sitrus Berry|[eat]\n|-heal|p1b: Decidueye|207/284|[from] item: Sitrus Berry\n|move|p2a: Lurantis|Superpower|p1a: Slither Wing\n|-resisted|p1a: Slither Wing\n|-damage|p1a: Slither Wing|66/277 par\n|-boost|p2a: Lurantis|atk|1\n|-boost|p2a: Lurantis|def|1\n|\n|-weather|Sandstorm|[upkeep]\n|-damage|p1b: Decidueye|190/284|[from] Sandstorm\n|-damage|p2a: Lurantis|179/258|[from] Sandstorm\n|-damage|p1a: Slither Wing|49/277 par|[from] Sandstorm\n|upkeep\n|turn|7\n|inactive|marco365 has 120 seconds left.\n|\n|t:|1771170827\n|-end|p1a: Slither Wing|Protosynthesis|[silent]\n|switch|p1a: Mismagius|Mismagius, L88, M|249/249\n|move|p1b: Decidueye|Leaf Storm|p2b: Tyranitar\n|-supereffective|p2b: Tyranitar\n|-damage|p2b: Tyranitar|115/295\n|-unboost|p1b: Decidueye|spa|2\n|move|p2b: Tyranitar|Knock Off|p1a: Mismagius\n|-supereffective|p1a: Mismagius\n|-crit|p1a: Mismagius\n|-damage|p1a: Mismagius|0 fnt\n|-enditem|p1a: Mismagius|Life Orb|[from] move: Knock Off|[of] p2b: Tyranitar\n|faint|p1a: Mismagius\n|move|p2a: Lurantis|Knock Off|p1b: Decidueye\n|-supereffective|p1b: Decidueye\n|-damage|p1b: Decidueye|0 fnt\n|faint|p1b: Decidueye\n|\n|-weather|Sandstorm|[upkeep]\n|-damage|p2a: Lurantis|163/258|[from] Sandstorm\n|upkeep\n|inactive|mienfoo619 has 120 seconds left.\n|\n|t:|1771170845\n|switch|p1a: Slither Wing|Slither Wing, L83|49/277 par\n|switch|p1b: Mewtwo|Mewtwo, L73|275/275\n|-ability|p1b: Mewtwo|Unnerve\n|turn|8\n|\n|t:|1771170856\n|move|p1a: Slither Wing|First Impression|p2a: Lurantis\n|-supereffective|p2a: Lurantis\n|-damage|p2a: Lurantis|7/258\n|-damage|p1a: Slither Wing|22/277 par|[from] item: Life Orb\n|move|p1b: Mewtwo|Aura Sphere|p2b: Tyranitar\n|-supereffective|p2b: Tyranitar\n|-damage|p2b: Tyranitar|11/295\n|move|p2b: Tyranitar|Knock Off|p1b: Mewtwo\n|-supereffective|p1b: Mewtwo\n|-damage|p1b: Mewtwo|0 fnt\n|-enditem|p1b: Mewtwo|Leftovers|[from] move: Knock Off|[of] p2b: Tyranitar\n|faint|p1b: Mewtwo\n|move|p2a: Lurantis|Knock Off|p1a: Slither Wing\n|-resisted|p1a: Slither Wing\n|-damage|p1a: Slither Wing|0 fnt\n|-enditem|p1a: Slither Wing|Life Orb|[from] move: Knock Off|[of] p2a: Lurantis\n|faint|p1a: Slither Wing\n|-end|p1a: Slither Wing|Protosynthesis|[silent]\n|\n|-weather|Sandstorm|[upkeep]\n|-damage|p2a: Lurantis|0 fnt|[from] Sandstorm\n|faint|p2a: Lurantis\n|upkeep\n|\n|t:|1771170880\n|switch|p1b: Vespiquen|Vespiquen, F|270/302 par\n|switch|p2a: Politoed|Politoed, L82, F|146/282\n|-ability|p1b: Vespiquen|Unnerve\n|-weather|RainDance|[from] ability: Drizzle|[of] p2a: Politoed\n|turn|9\n|\n|t:|1771170897\n|-terastallize|p1b: Vespiquen|Steel\n|move|p2a: Politoed|Icy Wind|p1b: Vespiquen\n|-resisted|p1b: Vespiquen\n|-damage|p1b: Vespiquen|257/302 par\n|-unboost|p1b: Vespiquen|spe|1\n|move|p2b: Tyranitar|Stone Edge|p1b: Vespiquen\n|-resisted|p1b: Vespiquen\n|-damage|p1b: Vespiquen|206/302 par\n|move|p1b: Vespiquen|Hurricane|p2b: Tyranitar\n|-resisted|p2b: Tyranitar\n|-damage|p2b: Tyranitar|0 fnt\n|faint|p2b: Tyranitar\n|\n|-weather|RainDance|[upkeep]\n|upkeep\n|\n|t:|1771170909\n|switch|p2b: Cobalion|Cobalion, L79|273/273\n|turn|10\n|\n|t:|1771170920\n|move|p2a: Politoed|Helping Hand|p2b: Cobalion\n|-singleturn|p2b: Cobalion|Helping Hand|[of] p2a: Politoed\n|move|p2b: Cobalion|Body Press|p1b: Vespiquen\n|-supereffective|p1b: Vespiquen\n|-damage|p1b: Vespiquen|2/302 par\n|move|p1b: Vespiquen|Hurricane|p2b: Cobalion\n|-damage|p2b: Cobalion|108/273\n|\n|-weather|RainDance|[upkeep]\n|upkeep\n|turn|11\n|c|☆mienfoo619|gg\n|\n|t:|1771170933\n|move|p2a: Politoed|Helping Hand|p2b: Cobalion\n|-singleturn|p2b: Cobalion|Helping Hand|[of] p2a: Politoed\n|move|p2b: Cobalion|Body Press|p1b: Vespiquen\n|-supereffective|p1b: Vespiquen\n|-damage|p1b: Vespiquen|0 fnt\n|-enditem|p2b: Cobalion|Sitrus Berry|[eat]\n|-heal|p2b: Cobalion|176/273|[from] item: Sitrus Berry\n|faint|p1b: Vespiquen\n|\n|win|marco365\n|raw|mienfoo619's rating: 1648 &rarr; <strong>1635</strong><br />(-13 for losing)\n|raw|marco365's rating: 1774 &rarr; <strong>1787</strong><br />(+13 for winning)\n|c|☆marco365|Gg\n", "inputlog": ">version 686819e5e19f8a7fd2345cfc5a08a5085efa2cc3\n>start {\"formatid\":\"gen9randomdoublesbattle\",\"seed\":\"sodium,eca88b31f0762540f4871d851c3bea6b\",\"rated\":\"Rated battle\"}\n>player p1 {\"name\":\"mienfoo619\",\"avatar\":\"sage\",\"rating\":1648,\"seed\":\"sodium,52f5ae3018c07c3d9773558f3e3e6b47\"}\n>player p2 {\"name\":\"marco365\",\"avatar\":\"lucian\",\"rating\":1774,\"seed\":\"sodium,f58f3e3d5129684ea98c5c56f38568cc\"}\n>p1 move firstimpression +2, move pollenpuff +1\n>p2 move protect, switch 5\n>p1 move flareblitz +1, move hurricane +2\n>p2 move glare +1, move glare +2\n>p2 switch 3, pass\n>p1 switch 3, move hurricane +1\n>p2 move muddywater, move knockoff +2\n>p1 move thunderbolt +1, move roost\n>p2 switch 5, move knockoff +1\n>p2 pass, switch 4\n>p1 move scald +2, move pollenpuff +1\n>p2 move superpower +1, move stoneedge +2\n>p1 switch 3, pass\n>p1 move firstimpression +1, switch 5\n>p2 move superpower +1, move stoneedge +2\n>p1 switch 4, move leafstorm +2\n>p2 move knockoff +2, move knockoff +1\n>p1 switch 4, switch 6\n>p1 move firstimpression +1, move aurasphere +2\n>p2 move knockoff +2, move knockoff +2\n>p1 pass, switch 5\n>p2 switch 5, pass\n>p1 pass, move hurricane +2 terastallize\n>p2 move icywind, move stoneedge +2\n>p2 pass, switch 6\n>p1 pass, move hurricane +2\n>p2 move helpinghand -2, move bodypress +2\n>chat ☆mienfoo619|gg\n>p1 pass, move roost\n>p2 move helpinghand -2, move bodypress +2", "uploadtime": 1771170945, "views": 62, "formatid": "gen9randomdoublesbattle", "rating": 1635, "private": 0, "password": null}