{"id": "gen9randomdoublesbattle-2534348537", "format": "[Gen 9] Random Doubles Battle", "players": ["Realnickiminaj", "TheMadslide"], "log": "|j|☆Realnickiminaj\n|j|☆TheMadslide\n|t:|1770411256\n|gametype|doubles\n|player|p1|Realnickiminaj|pokemonrangerf|1864\n|player|p2|TheMadslide|shadowtriad|1754\n|gen|9\n|tier|[Gen 9] Random Doubles Battle\n|rated|\n|rule|Species Clause: Limit one of each Pokémon\n|rule|HP Percentage Mod: HP is shown in percentages\n|rule|Illusion Level Mod: Illusion disguises the Pokémon's true level\n|rule|Sleep Clause Mod: Limit one foe put to sleep\n|\n|t:|1770411256\n|teamsize|p1|6\n|teamsize|p2|6\n|start\n|switch|p1a: Suicune|Suicune, L79|288/288\n|switch|p1b: Clodsire|Clodsire, L87, M|368/368\n|switch|p2a: Armarouge|Armarouge, L80, M|267/267\n|switch|p2b: Feraligatr|Feraligatr, L82, M|274/274\n|turn|1\n|inactive|Battle timer is ON: inactive players will automatically lose when time's up. (requested by TheMadslide)\n|\n|t:|1770411284\n|switch|p2b: Morpeko|Morpeko, L88, F|245/245\n|move|p1a: Suicune|Tailwind|p1a: Suicune\n|-sidestart|p1: Realnickiminaj|move: Tailwind\n|move|p1b: Clodsire|Toxic Spikes|p2b: Morpeko\n|-sidestart|p2: TheMadslide|move: Toxic Spikes\n|move|p2a: Armarouge|Psychic|p1b: Clodsire\n|-supereffective|p1b: Clodsire\n|-damage|p1b: Clodsire|118/368\n|-unboost|p1b: Clodsire|spd|1\n|-damage|p2a: Armarouge|241/267|[from] item: Life Orb\n|\n|-heal|p1b: Clodsire|141/368|[from] item: Leftovers\n|-formechange|p2b: Morpeko|Morpeko-Hangry||[from] ability: Hunger Switch\n|upkeep\n|turn|2\n|\n|t:|1770411309\n|move|p2b: Morpeko|Protect|p2b: Morpeko\n|-singleturn|p2b: Morpeko|Protect\n|move|p1a: Suicune|Scald|p2a: Armarouge\n|-supereffective|p2a: Armarouge\n|-damage|p2a: Armarouge|71/267\n|move|p1b: Clodsire|High Horsepower|p2b: Morpeko\n|-activate|p2b: Morpeko|move: Protect\n|move|p2a: Armarouge|Psychic|p1b: Clodsire\n|-supereffective|p1b: Clodsire\n|-damage|p1b: Clodsire|0 fnt\n|faint|p1b: Clodsire\n|-damage|p2a: Armarouge|45/267|[from] item: Life Orb\n|\n|-formechange|p2b: Morpeko|Morpeko||[from] ability: Hunger Switch\n|upkeep\n|\n|t:|1770411326\n|switch|p1b: Crabominable|Crabominable, L89, F|317/317\n|turn|3\n|\n|t:|1770411333\n|move|p1a: Suicune|Scald|p2a: Armarouge\n|-supereffective|p2a: Armarouge\n|-damage|p2a: Armarouge|0 fnt\n|faint|p2a: Armarouge\n|move|p1b: Crabominable|Ice Hammer|p2b: Morpeko|[miss]\n|-miss|p1b: Crabominable|p2b: Morpeko\n|move|p2b: Morpeko|Aura Wheel|p1a: Suicune\n|-supereffective|p1a: Suicune\n|-damage|p1a: Suicune|76/288\n|-boost|p2b: Morpeko|spe|1\n|-enditem|p1a: Suicune|Sitrus Berry|[eat]\n|-heal|p1a: Suicune|148/288|[from] item: Sitrus Berry\n|\n|-formechange|p2b: Morpeko|Morpeko-Hangry||[from] ability: Hunger Switch\n|upkeep\n|\n|t:|1770411354\n|switch|p2a: Granbull|Granbull, L88, M|302/302\n|-status|p2a: Granbull|psn\n|-ability|p2a: Granbull|Intimidate|boost\n|-fail|p1a: Suicune|unboost|Attack|[from] ability: Inner Focus|[of] p1a: Suicune\n|-unboost|p1b: Crabominable|atk|1\n|turn|4\n|\n|t:|1770411368\n|switch|p1a: Skarmory|Skarmory, L85, M|249/249\n|move|p2b: Morpeko|Protect|p2b: Morpeko\n|-singleturn|p2b: Morpeko|Protect\n|move|p1b: Crabominable|Drain Punch|p2b: Morpeko\n|-activate|p2b: Morpeko|move: Protect\n|move|p2a: Granbull|Play Rough|p1b: Crabominable\n|-supereffective|p1b: Crabominable\n|-damage|p1b: Crabominable|65/317\n|\n|-damage|p2a: Granbull|265/302 psn|[from] psn\n|-sideend|p1: Realnickiminaj|move: Tailwind\n|-formechange|p2b: Morpeko|Morpeko||[from] ability: Hunger Switch\n|upkeep\n|turn|5\n|\n|t:|1770411393\n|switch|p1b: Clefable|Clefable, L87, F|307/307\n|move|p2b: Morpeko|Aura Wheel|p1a: Skarmory\n|-supereffective|p1a: Skarmory\n|-damage|p1a: Skarmory|87/249\n|-boost|p2b: Morpeko|spe|1\n|move|p1a: Skarmory|Iron Defense|p1a: Skarmory\n|-boost|p1a: Skarmory|def|2\n|move|p2a: Granbull|Stomping Tantrum|p1b: Clefable\n|-damage|p1b: Clefable|236/307\n|-damage|p2a: Granbull|215/302 psn|[from] item: Rocky Helmet|[of] p1b: Clefable\n|\n|-heal|p1a: Skarmory|102/249|[from] item: Leftovers\n|-damage|p2a: Granbull|178/302 psn|[from] psn\n|-formechange|p2b: Morpeko|Morpeko-Hangry||[from] ability: Hunger Switch\n|upkeep\n|turn|6\n|\n|t:|1770411417\n|move|p2b: Morpeko|Protect|p2b: Morpeko\n|-singleturn|p2b: Morpeko|Protect\n|move|p1a: Skarmory|Roost|p1a: Skarmory\n|-heal|p1a: Skarmory|227/249\n|-singleturn|p1a: Skarmory|move: Roost\n|move|p1b: Clefable|Moonblast|p2b: Morpeko\n|-activate|p2b: Morpeko|move: Protect\n|move|p2a: Granbull|Super Fang|p1b: Clefable\n|-damage|p1b: Clefable|118/307\n|-damage|p2a: Granbull|128/302 psn|[from] item: Rocky Helmet|[of] p1b: Clefable\n|\n|-heal|p1a: Skarmory|242/249|[from] item: Leftovers\n|-damage|p2a: Granbull|91/302 psn|[from] psn\n|-formechange|p2b: Morpeko|Morpeko||[from] ability: Hunger Switch\n|upkeep\n|turn|7\n|\n|t:|1770411443\n|move|p1b: Clefable|Follow Me|p1b: Clefable\n|-singleturn|p1b: Clefable|move: Follow Me\n|move|p2b: Morpeko|Aura Wheel|p1b: Clefable\n|-damage|p1b: Clefable|0 fnt\n|-boost|p2b: Morpeko|spe|1\n|faint|p1b: Clefable\n|move|p1a: Skarmory|Body Press|p2b: Morpeko\n|-supereffective|p2b: Morpeko\n|-damage|p2b: Morpeko|0 fnt\n|faint|p2b: Morpeko\n|move|p2a: Granbull|Play Rough|p1a: Skarmory\n|-resisted|p1a: Skarmory\n|-damage|p1a: Skarmory|220/249\n|\n|-heal|p1a: Skarmory|235/249|[from] item: Leftovers\n|-damage|p2a: Granbull|54/302 psn|[from] psn\n|upkeep\n|inactive|TheMadslide has 120 seconds left.\n|\n|t:|1770411481\n|switch|p2b: Feraligatr|Feraligatr, L82, M|274/274\n|switch|p1b: Meowscarada|Meowscarada, L79, M|250/250\n|-status|p2b: Feraligatr|psn\n|turn|8\n|\n|t:|1770411492\n|switch|p2b: Toucannon|Toucannon, L87, M|281/281\n|move|p1b: Meowscarada|Flower Trick|p2b: Toucannon\n|-start|p1b: Meowscarada|typechange|Grass|[from] ability: Protean\n|-resisted|p2b: Toucannon\n|-crit|p2b: Toucannon\n|-damage|p2b: Toucannon|185/281\n|move|p1a: Skarmory|Brave Bird|p2a: Granbull\n|-damage|p2a: Granbull|0 fnt\n|faint|p2a: Granbull\n|-damage|p1a: Skarmory|217/249|[from] Recoil\n|\n|-heal|p1a: Skarmory|232/249|[from] item: Leftovers\n|upkeep\n|\n|t:|1770411504\n|switch|p2a: Avalugg|Avalugg, L92, F|324/324\n|-status|p2a: Avalugg|psn\n|turn|9\n|\n|t:|1770411523\n|switch|p1b: Crabominable|Crabominable, L89, F|65/317\n|move|p1a: Skarmory|Body Press|p2a: Avalugg\n|-supereffective|p2a: Avalugg\n|-damage|p2a: Avalugg|166/324 psn\n|move|p2b: Toucannon|Tailwind|p2b: Toucannon\n|-sidestart|p2: TheMadslide|move: Tailwind\n|move|p2a: Avalugg|Avalanche|p1b: Crabominable\n|-resisted|p1b: Crabominable\n|-damage|p1b: Crabominable|23/317\n|\n|-heal|p2a: Avalugg|186/324 psn|[from] item: Leftovers\n|-heal|p1a: Skarmory|247/249|[from] item: Leftovers\n|-damage|p2a: Avalugg|146/324 psn|[from] psn\n|upkeep\n|turn|10\n|\n|t:|1770411545\n|move|p2b: Toucannon|Bullet Seed|p1b: Crabominable\n|-damage|p1b: Crabominable|0 fnt\n|faint|p1b: Crabominable\n|-hitcount|p1: Crabominable|1\n|-damage|p2b: Toucannon|157/281|[from] item: Life Orb\n|move|p2a: Avalugg|Body Press|p1a: Skarmory\n|-damage|p1a: Skarmory|208/249\n|move|p1a: Skarmory|Body Press|p2a: Avalugg\n|-supereffective|p2a: Avalugg\n|-damage|p2a: Avalugg|0 fnt\n|faint|p2a: Avalugg\n|\n|-heal|p1a: Skarmory|223/249|[from] item: Leftovers\n|upkeep\n|inactive|Realnickiminaj has 120 seconds left.\n|\n|t:|1770411562\n|switch|p1b: Suicune|Suicune, L79|148/288\n|switch|p2a: Feraligatr|Feraligatr, L82, M|274/274 psn\n|turn|11\n|\n|t:|1770411576\n|move|p1b: Suicune|Protect|p1b: Suicune\n|-singleturn|p1b: Suicune|Protect\n|move|p2a: Feraligatr|Dragon Dance|p2a: Feraligatr\n|-boost|p2a: Feraligatr|atk|1\n|-boost|p2a: Feraligatr|spe|1\n|move|p2b: Toucannon|Bullet Seed|p1b: Suicune\n|-activate|p1b: Suicune|move: Protect\n|move|p1a: Skarmory|Body Press|p2b: Toucannon\n|-damage|p2b: Toucannon|0 fnt\n|faint|p2b: Toucannon\n|\n|-heal|p1a: Skarmory|238/249|[from] item: Leftovers\n|-damage|p2a: Feraligatr|240/274 psn|[from] psn\n|upkeep\n|turn|12\n|\n|t:|1770411590\n|-terastallize|p2a: Feraligatr|Water\n|move|p2a: Feraligatr|Liquidation|p1b: Suicune\n|-resisted|p1b: Suicune\n|-damage|p1b: Suicune|26/288\n|move|p1b: Suicune|Tailwind|p1b: Suicune\n|-sidestart|p1: Realnickiminaj|move: Tailwind\n|move|p1a: Skarmory|Iron Defense|p1a: Skarmory\n|-boost|p1a: Skarmory|def|2\n|\n|-heal|p1a: Skarmory|249/249|[from] item: Leftovers\n|-damage|p2a: Feraligatr|206/274 psn|[from] psn\n|-sideend|p2: TheMadslide|move: Tailwind\n|upkeep\n|turn|13\n|\n|t:|1770411604\n|-terastallize|p1a: Skarmory|Fighting\n|move|p1b: Suicune|Scald|p2a: Feraligatr\n|-resisted|p2a: Feraligatr\n|-damage|p2a: Feraligatr|167/274 psn\n|move|p1a: Skarmory|Body Press|p2a: Feraligatr\n|-damage|p2a: Feraligatr|0 fnt\n|faint|p2a: Feraligatr\n|\n|win|Realnickiminaj\n|raw|Realnickiminaj's rating: 1864 &rarr; <strong>1878</strong><br />(+14 for winning)\n|raw|TheMadslide's rating: 1754 &rarr; <strong>1740</strong><br />(-14 for losing)\n|l|☆TheMadslide\n|player|p2|\n", "inputlog": ">version ccdc32dd7cde25fd9e4bed64820e885f66e78a4e\n>start {\"formatid\":\"gen9randomdoublesbattle\",\"seed\":\"sodium,6ee4fcea2a0005b77ecaa08e5706cd61\",\"rated\":\"Rated battle\"}\n>player p1 {\"name\":\"Realnickiminaj\",\"avatar\":\"pokemonrangerf\",\"rating\":1864,\"seed\":\"sodium,70931b42449f14e4930f083d4c74f3b5\"}\n>player p2 {\"name\":\"TheMadslide\",\"avatar\":\"shadowtriad\",\"rating\":1754,\"seed\":\"sodium,c9467e68e91b184ae9bdb597f0d9e432\"}\n>p1 move tailwind, move toxicspikes\n>p2 move psychic +2, switch 4\n>p1 move scald +1, move highhorsepower +2\n>p2 move psychic +2, move protect\n>p1 pass, switch 6\n>p1 move scald +1, move icehammer +2\n>p2 move psychic +2, move aurawheel +1\n>p2 switch 3, pass\n>p1 switch 3, move drainpunch +2\n>p2 move playrough +2, move protect\n>p1 move irondefense, switch 4\n>p2 move stompingtantrum +2, move aurawheel +1\n>p1 move roost, move moonblast +2\n>p2 move superfang +2, move protect\n>p1 move bodypress +2, move followme\n>p2 move playrough +2, move aurawheel +1\n>p1 pass, switch 5\n>p2 pass, switch 4\n>p1 move bravebird +1, move flowertrick +2\n>p2 move playrough +2, switch 5\n>p2 switch 6, pass\n>p1 move bodypress +1, switch 4\n>p2 move avalanche +2, move tailwind\n>p1 move bodypress +1, move drainpunch +2\n>p2 move bodypress +1, move bulletseed +2\n>p1 pass, switch 3\n>p2 switch 5, pass\n>p1 move bodypress +2, move protect\n>p2 move dragondance, move bulletseed +2\n>p1 move irondefense, move tailwind\n>p2 move liquidation +2 terastallize, pass\n>p1 move bodypress +1 terastallize, move scald +1\n>p2 move liquidation +2, pass", "uploadtime": 1770411626, "views": 99, "formatid": "gen9randomdoublesbattle", "rating": 1740, "private": 0, "password": null}