{"id": "gen9randomdoublesbattle-2538798304", "format": "[Gen 9] Random Doubles Battle", "players": ["hongbin1", "khan arif"], "log": "|j|☆hongbin1\n|j|☆khan arif\n|t:|1770976621\n|gametype|doubles\n|player|p1|hongbin1|101|1877\n|player|p2|khan arif|101|1827\n|gen|9\n|tier|[Gen 9] Random Doubles Battle\n|rated|\n|rule|Species Clause: Limit one of each Pokémon\n|rule|HP Percentage Mod: HP is shown in percentages\n|rule|Illusion Level Mod: Illusion disguises the Pokémon's true level\n|rule|Sleep Clause Mod: Limit one foe put to sleep\n|\n|t:|1770976621\n|teamsize|p1|6\n|teamsize|p2|6\n|start\n|switch|p1a: Banette|Banette, L94, M|273/273\n|switch|p1b: Drifblim|Drifblim, L85, F|394/394\n|switch|p2a: Trevenant|Trevenant, L88, F|293/293\n|switch|p2b: Mamoswine|Mamoswine, L82, F|315/315\n|-item|p2a: Trevenant|Sitrus Berry|[from] ability: Frisk|[of] p1a: Banette\n|-item|p2b: Mamoswine|Life Orb|[from] ability: Frisk|[of] p1a: Banette\n|turn|1\n|inactive|Battle timer is ON: inactive players will automatically lose when time's up. (requested by khan arif)\n|inactive|hongbin1 has 120 seconds left.\n|inactive|hongbin1 has 90 seconds left.\n|inactive|hongbin1 has 60 seconds left.\n|inactive|hongbin1 has 30 seconds left.\n|\n|t:|1770976743\n|switch|p1b: Granbull|Granbull, L88, M|302/302\n|-ability|p1b: Granbull|Intimidate|boost\n|-unboost|p2a: Trevenant|atk|1\n|-unboost|p2b: Mamoswine|atk|1\n|-terastallize|p2a: Trevenant|Water\n|move|p2b: Mamoswine|Icicle Crash|p1a: Banette|[miss]\n|-miss|p2b: Mamoswine|p1a: Banette\n|move|p1a: Banette|Poltergeist|p2b: Mamoswine|[miss]\n|-miss|p1a: Banette|p2b: Mamoswine\n|move|p2a: Trevenant|Trick Room|p2a: Trevenant\n|-fieldstart|move: Trick Room|[of] p2a: Trevenant\n|\n|upkeep\n|turn|2\n|\n|t:|1770976768\n|switch|p2a: Clefairy|Clefairy, L98, F|296/296\n|switch|p2b: Rhyperior|Rhyperior, L82, F|323/323\n|move|p1b: Granbull|Play Rough|p2a: Clefairy\n|-damage|p2a: Clefairy|194/296\n|move|p1a: Banette|Poltergeist|p2a: Clefairy\n|-activate|p2a: Clefairy|move: Poltergeist|Eviolite\n|-damage|p2a: Clefairy|0 fnt\n|faint|p2a: Clefairy\n|-damage|p1a: Banette|246/273|[from] item: Life Orb\n|\n|upkeep\n|inactive|khan arif has 120 seconds left.\n|\n|t:|1770976786\n|switch|p2a: Trevenant|Trevenant, L88, F, tera:Water|293/293\n|turn|3\n|inactive|hongbin1 has 120 seconds left.\n|\n|t:|1770976799\n|switch|p1b: Slowbro|Slowbro, L88, M|310/310\n|switch|p1a: Dialga|Dialga-Origin, L74|270/270\n|move|p2a: Trevenant|Poltergeist|p1a: Dialga\n|-activate|p1a: Dialga|move: Poltergeist|Adamant Crystal\n|-damage|p1a: Dialga|153/270\n|move|p2b: Rhyperior|High Horsepower|p1b: Slowbro\n|-damage|p1b: Slowbro|148/310\n|\n|upkeep\n|turn|4\n|\n|t:|1770976817\n|switch|p1b: Granbull|Granbull, L88, M|302/302\n|-ability|p1b: Granbull|Intimidate|boost\n|-unboost|p2a: Trevenant|atk|1\n|-unboost|p2b: Rhyperior|atk|1\n|move|p2a: Trevenant|Wood Hammer|p1b: Granbull\n|-damage|p1b: Granbull|194/302\n|-damage|p2a: Trevenant|257/293|[from] Recoil\n|move|p2b: Rhyperior|High Horsepower|p1a: Dialga\n|-supereffective|p1a: Dialga\n|-damage|p1a: Dialga|0 fnt\n|faint|p1a: Dialga\n|\n|upkeep\n|\n|t:|1770976825\n|switch|p1a: Slowbro|Slowbro, L88, M|251/310\n|turn|5\n|\n|t:|1770976839\n|switch|p1b: Drifblim|Drifblim, L85, F|394/394\n|move|p1a: Slowbro|Scald|p2b: Rhyperior\n|-supereffective|p2b: Rhyperior\n|-damage|p2b: Rhyperior|0 fnt\n|faint|p2b: Rhyperior\n|-damage|p1a: Slowbro|220/310|[from] item: Life Orb\n|move|p2a: Trevenant|Poltergeist|p1a: Slowbro\n|-activate|p1a: Slowbro|move: Poltergeist|Life Orb\n|-supereffective|p1a: Slowbro\n|-damage|p1a: Slowbro|74/310\n|\n|-fieldend|move: Trick Room\n|upkeep\n|\n|t:|1770976858\n|switch|p2b: Mamoswine|Mamoswine, L82, F|315/315\n|turn|6\n|\n|t:|1770976867\n|switch|p1a: Granbull|Granbull, L88, M|194/302\n|-ability|p1a: Granbull|Intimidate|boost\n|-unboost|p2a: Trevenant|atk|1\n|-unboost|p2b: Mamoswine|atk|1\n|move|p1b: Drifblim|Will-O-Wisp|p2a: Trevenant\n|-status|p2a: Trevenant|brn\n|move|p2b: Mamoswine|Icicle Crash|p1b: Drifblim\n|-supereffective|p1b: Drifblim\n|-damage|p1b: Drifblim|103/394\n|-enditem|p1b: Drifblim|Sitrus Berry|[eat]\n|-heal|p1b: Drifblim|201/394|[from] item: Sitrus Berry\n|-damage|p2b: Mamoswine|284/315|[from] item: Life Orb\n|move|p2a: Trevenant|Wood Hammer|p1a: Granbull\n|-damage|p1a: Granbull|152/302\n|-damage|p2a: Trevenant|243/293 brn|[from] Recoil\n|\n|-damage|p2a: Trevenant|225/293 brn|[from] brn\n|upkeep\n|turn|7\n|\n|t:|1770976889\n|switch|p1a: Slowbro|Slowbro, L88, M|177/310\n|move|p2b: Mamoswine|Protect|p2b: Mamoswine\n|-singleturn|p2b: Mamoswine|Protect\n|move|p1b: Drifblim|Will-O-Wisp|p2b: Mamoswine\n|-activate|p2b: Mamoswine|move: Protect\n|move|p2a: Trevenant|Trick Room|p2a: Trevenant\n|-fieldstart|move: Trick Room|[of] p2a: Trevenant\n|\n|-damage|p2a: Trevenant|207/293 brn|[from] brn\n|upkeep\n|turn|8\n|\n|t:|1770976914\n|switch|p2a: Oricorio|Oricorio-Sensu, L87, F|272/272\n|switch|p2b: Rabsca|Rabsca, L87, M|272/272\n|move|p1a: Slowbro|Scald|p2b: Rabsca\n|-damage|p2b: Rabsca|163/272\n|-status|p2b: Rabsca|brn\n|-activate|p2b: Rabsca|ability: Synchronize\n|-status|p1a: Slowbro|brn\n|-damage|p1a: Slowbro|146/310 brn|[from] item: Life Orb\n|move|p1b: Drifblim|Shadow Ball|p2b: Rabsca\n|-supereffective|p2b: Rabsca\n|-damage|p2b: Rabsca|13/272 brn\n|-enditem|p2b: Rabsca|Sitrus Berry|[eat]\n|-heal|p2b: Rabsca|81/272 brn|[from] item: Sitrus Berry\n|\n|-damage|p1a: Slowbro|127/310 brn|[from] brn\n|-damage|p2b: Rabsca|64/272 brn|[from] brn\n|upkeep\n|turn|9\n|inactive|hongbin1 has 120 seconds left.\n|inactive|hongbin1 has 90 seconds left.\n|j| Do_Give_up\n|\n|t:|1770976989\n|-terastallize|p1b: Drifblim|Fairy\n|move|p1a: Slowbro|Scald|p2b: Rabsca\n|-damage|p2b: Rabsca|0 fnt\n|faint|p2b: Rabsca\n|-damage|p1a: Slowbro|96/310 brn|[from] item: Life Orb\n|move|p2a: Oricorio|Revelation Dance|p1b: Drifblim\n|-damage|p1b: Drifblim|68/394\n|move|p1b: Drifblim|Shadow Ball|p2a: Oricorio\n|-supereffective|p2a: Oricorio\n|-damage|p2a: Oricorio|84/272\n|-unboost|p2a: Oricorio|spd|1\n|-enditem|p2a: Oricorio|Sitrus Berry|[eat]\n|-heal|p2a: Oricorio|152/272|[from] item: Sitrus Berry\n|\n|-damage|p1a: Slowbro|77/310 brn|[from] brn\n|upkeep\n|inactive|khan arif has 120 seconds left.\n|\n|t:|1770977011\n|switch|p2b: Trevenant|Trevenant, L88, F, tera:Water|207/293 brn\n|turn|10\n|\n|t:|1770977025\n|switch|p1a: Granbull|Granbull, L88, M|152/302\n|-ability|p1a: Granbull|Intimidate|boost\n|-unboost|p2a: Oricorio|atk|1\n|-unboost|p2b: Trevenant|atk|1\n|move|p2b: Trevenant|Poltergeist|p1a: Granbull\n|-activate|p1a: Granbull|move: Poltergeist|Assault Vest\n|-damage|p1a: Granbull|101/302\n|move|p2a: Oricorio|Revelation Dance|p1b: Drifblim\n|-damage|p1b: Drifblim|0 fnt\n|faint|p1b: Drifblim\n|\n|-damage|p2b: Trevenant|189/293 brn|[from] brn\n|upkeep\n|c| Do_Give_up|hongbin, are you korean?\n|\n|t:|1770977028\n|switch|p1b: Slowbro|Slowbro, L88, M|180/310 brn\n|turn|11\n|inactive|hongbin1 has 120 seconds left.\n|inactive|khan arif has 120 seconds left.\n|\n|t:|1770977064\n|switch|p1a: Iron Moth|Iron Moth, L78|253/253\n|-enditem|p1a: Iron Moth|Booster Energy\n|-activate|p1a: Iron Moth|ability: Quark Drive|[fromitem]\n|-start|p1a: Iron Moth|quarkdrivespa\n|move|p1b: Slowbro|Scald|p2a: Oricorio\n|-damage|p2a: Oricorio|0 fnt\n|faint|p2a: Oricorio\n|-damage|p1b: Slowbro|149/310 brn|[from] item: Life Orb\n|move|p2b: Trevenant|Wood Hammer|p1a: Iron Moth\n|-resisted|p1a: Iron Moth\n|-damage|p1a: Iron Moth|236/253\n|-damage|p2b: Trevenant|183/293 brn|[from] Recoil\n|\n|-damage|p1b: Slowbro|130/310 brn|[from] brn\n|-damage|p2b: Trevenant|165/293 brn|[from] brn\n|-fieldend|move: Trick Room\n|upkeep\n|-message|khan arif forfeited.\n|\n|win|hongbin1\n|raw|hongbin1's rating: 1877 &rarr; <strong>1894</strong><br />(+17 for winning)\n|raw|khan arif's rating: 1827 &rarr; <strong>1810</strong><br />(-17 for losing)\n|l|☆khan arif\n|player|p2|\n", "inputlog": ">version ccdc32dd7cde25fd9e4bed64820e885f66e78a4e\n>start {\"formatid\":\"gen9randomdoublesbattle\",\"seed\":\"sodium,65fd9ffe8121ec5c93749a1ca98c5284\",\"rated\":\"Rated battle\"}\n>player p1 {\"name\":\"hongbin1\",\"avatar\":\"101\",\"rating\":1877,\"seed\":\"sodium,2b1b89e1bbd6784a3838700e7d8a7f6b\"}\n>player p2 {\"name\":\"khan arif\",\"avatar\":\"101\",\"rating\":1827,\"seed\":\"sodium,7b9ce74c8fdd861bb992bdd593fcbd07\"}\n>p1 move poltergeist +2, switch 3\n>p2 move trickroom terastallize, move iciclecrash +1\n>p1 move poltergeist +1, move playrough +1\n>p2 switch 6, switch 3\n>p2 switch 6, pass\n>p1 switch 6, switch 5\n>p2 move poltergeist +1, move highhorsepower +2\n>p1 move flashcannon +2, switch 5\n>p2 move woodhammer +2, move highhorsepower +1\n>p1 switch 5, pass\n>p1 move scald +2, switch 3\n>p2 move poltergeist +1, move highhorsepower +2\n>p2 pass, switch 3\n>p1 switch 3, move willowisp +1\n>p2 move woodhammer +1, move iciclecrash +2\n>p1 switch 3, move willowisp +2\n>p2 move trickroom, move protect\n>p1 move scald +2, move shadowball +2\n>p2 switch 5, switch 4\n>p1 move scald +2, move shadowball +1 terastallize\n>p2 move revelationdance +2, move bugbuzz +1\n>p2 pass, switch 5\n>p1 switch 3, move strengthsap +2\n>p2 move revelationdance +2, move poltergeist +1\n>chat  Do_Give_up|hongbin, are you korean?\n>p1 pass, switch 3\n>p1 switch 4, move scald +1\n>p2 move revelationdance +2, move woodhammer +1\n>forcelose p2", "uploadtime": 1770977106, "views": 69, "formatid": "gen9randomdoublesbattle", "rating": 1810, "private": 0, "password": null}