{"id": "gen9randomdoublesbattle-2537285538", "format": "[Gen 9] Random Doubles Battle", "players": ["kalsonofjor", "quizon"], "log": "|j|☆kalsonofjor\n|j|☆quizon\n|t:|1770790844\n|gametype|doubles\n|player|p1|kalsonofjor|1|1787\n|player|p2|quizon|clair|1760\n|gen|9\n|tier|[Gen 9] Random Doubles Battle\n|rated|\n|rule|Species Clause: Limit one of each Pokémon\n|rule|HP Percentage Mod: HP is shown in percentages\n|rule|Illusion Level Mod: Illusion disguises the Pokémon's true level\n|rule|Sleep Clause Mod: Limit one foe put to sleep\n|\n|t:|1770790844\n|teamsize|p1|6\n|teamsize|p2|6\n|start\n|switch|p1a: Milotic|Milotic, L81, F|287/287\n|switch|p1b: Tatsugiri|Tatsugiri, L84, F|251/251\n|switch|p2a: Ninetales|Ninetales, L79, F|245/245\n|switch|p2b: Pecharunt|Pecharunt, L78|265/265\n|-weather|SunnyDay|[from] ability: Drought|[of] p2a: Ninetales\n|turn|1\n|inactive|Battle timer is ON: inactive players will automatically lose when time's up. (requested by quizon)\n|inactive|kalsonofjor has 120 seconds left.\n|inactive|quizon has 120 seconds left.\n|\n|t:|1770790890\n|switch|p2a: Kingdra|Kingdra, L85, F|266/266\n|move|p1b: Tatsugiri|Nasty Plot|p1b: Tatsugiri\n|-boost|p1b: Tatsugiri|spa|2\n|move|p2b: Pecharunt|Poison Gas|p1b: Tatsugiri|[spread] p1a\n|-miss|p2b: Pecharunt|p1b: Tatsugiri\n|-status|p1a: Milotic|psn\n|-start|p1a: Milotic|confusion|[from] ability: Poison Puppeteer|[of] p2b: Pecharunt\n|-activate|p1a: Milotic|confusion\n|move|p1a: Milotic|Icy Wind|p2b: Pecharunt|[spread] p2a,p2b\n|-damage|p2a: Kingdra|238/266\n|-damage|p2b: Pecharunt|234/265\n|-unboost|p2a: Kingdra|spe|1\n|-unboost|p2b: Pecharunt|spe|1\n|\n|-weather|SunnyDay|[upkeep]\n|-damage|p1a: Milotic|252/287 psn|[from] psn\n|upkeep\n|turn|2\n|inactive|kalsonofjor has 120 seconds left.\n|\n|t:|1770790937\n|switch|p1a: Honchkrow|Honchkrow, L85, M|309/309\n|move|p2a: Kingdra|Protect|p2a: Kingdra\n|-singleturn|p2a: Kingdra|Protect\n|move|p1b: Tatsugiri|Draco Meteor|p2b: Pecharunt\n|-damage|p2b: Pecharunt|0 fnt\n|-unboost|p1b: Tatsugiri|spa|2\n|faint|p2b: Pecharunt\n|-damage|p1b: Tatsugiri|226/251|[from] item: Life Orb\n|\n|-weather|SunnyDay|[upkeep]\n|upkeep\n|inactive|quizon has 120 seconds left.\n|\n|t:|1770790949\n|switch|p2b: Ninetales|Ninetales, L79, F|245/245\n|turn|3\n|\n|t:|1770790964\n|switch|p2a: Hatterene|Hatterene, L84, F|233/233\n|move|p2b: Ninetales|Weather Ball|p1a: Honchkrow\n|-damage|p1a: Honchkrow|51/309\n|move|p1b: Tatsugiri|Draco Meteor|p2a: Hatterene\n|-immune|p2a: Hatterene\n|move|p1a: Honchkrow|Brave Bird|p2b: Ninetales\n|-damage|p2b: Ninetales|0 fnt\n|faint|p2b: Ninetales\n|-ability|p1a: Honchkrow|Moxie|boost\n|-boost|p1a: Honchkrow|atk|1\n|-damage|p1a: Honchkrow|0 fnt|[from] Recoil\n|faint|p1a: Honchkrow\n|\n|-weather|SunnyDay|[upkeep]\n|upkeep\n|inactive|kalsonofjor has 120 seconds left.\n|\n|t:|1770790984\n|switch|p2b: Kingdra|Kingdra, L85, F|238/266\n|switch|p1a: Spiritomb|Spiritomb, L89, M|219/219\n|turn|4\n|\n|t:|1770790993\n|switch|p1b: Milotic|Milotic, L81, F|252/287 psn\n|move|p1a: Spiritomb|Bitter Malice|p2a: Hatterene\n|-supereffective|p2a: Hatterene\n|-damage|p2a: Hatterene|7/233\n|-unboost|p2a: Hatterene|atk|1\n|-damage|p1a: Spiritomb|198/219|[from] item: Life Orb\n|move|p2b: Kingdra|Draco Meteor|p1b: Milotic\n|-damage|p1b: Milotic|119/287 psn\n|-unboost|p2b: Kingdra|spa|2\n|-enditem|p1b: Milotic|Sitrus Berry|[eat]\n|-heal|p1b: Milotic|190/287 psn|[from] item: Sitrus Berry\n|-damage|p2b: Kingdra|212/266|[from] item: Life Orb\n|move|p2a: Hatterene|Dazzling Gleam|p1a: Spiritomb|[spread] p1a,p1b\n|-damage|p1a: Spiritomb|60/219\n|-damage|p1b: Milotic|108/287 psn\n|replace|p1a: Zoroark|Zoroark-Hisui, L80, M\n|-end|p1a: Zoroark|Illusion\n|-hint|Illusion Level Mod is active, so this Pokémon's true level was hidden.\n|-damage|p2a: Hatterene|0 fnt|[from] item: Life Orb\n|faint|p2a: Hatterene\n|\n|-weather|SunnyDay|[upkeep]\n|-damage|p1b: Milotic|73/287 psn|[from] psn\n|upkeep\n|\n|t:|1770791017\n|switch|p2a: Appletun|Appletun, L92, F|352/352\n|turn|5\n|\n|t:|1770791028\n|switch|p2b: Blaziken|Blaziken, L79, M|256/256\n|move|p1a: Zoroark|Hyper Voice|p2a: Appletun|[spread] p2a,p2b\n|-damage|p2a: Appletun|255/352\n|-damage|p2b: Blaziken|131/256\n|-damage|p1a: Zoroark|39/219|[from] item: Life Orb\n|move|p1b: Milotic|Icy Wind|p2b: Blaziken|[spread] p2a,p2b\n|-supereffective|p2a: Appletun\n|-crit|p2a: Appletun\n|-resisted|p2b: Blaziken\n|-damage|p2a: Appletun|83/352\n|-damage|p2b: Blaziken|115/256\n|-unboost|p2a: Appletun|spe|1\n|-unboost|p2b: Blaziken|spe|1\n|-activate|p2a: Appletun|ability: Ripen\n|-enditem|p2a: Appletun|Sitrus Berry|[eat]\n|-heal|p2a: Appletun|259/352|[from] item: Sitrus Berry\n|move|p2a: Appletun|Apple Acid|p1b: Milotic\n|-supereffective|p1b: Milotic\n|-damage|p1b: Milotic|0 fnt\n|faint|p1b: Milotic\n|\n|-weather|none\n|upkeep\n|-message|quizon forfeited.\n|\n|win|kalsonofjor\n|raw|kalsonofjor's rating: 1787 &rarr; <strong>1805</strong><br />(+18 for winning)\n|raw|quizon's rating: 1760 &rarr; <strong>1742</strong><br />(-18 for losing)\n|l|☆quizon\n|player|p2|\n", "inputlog": ">version ccdc32dd7cde25fd9e4bed64820e885f66e78a4e\n>start {\"formatid\":\"gen9randomdoublesbattle\",\"seed\":\"sodium,493bd72ba32a43c230b5fda13ee717ba\",\"rated\":\"Rated battle\"}\n>player p1 {\"name\":\"kalsonofjor\",\"avatar\":\"1\",\"rating\":1787,\"seed\":\"sodium,141d851a91b38ca449e48a21d632d814\"}\n>player p2 {\"name\":\"quizon\",\"avatar\":\"clair\",\"rating\":1760,\"seed\":\"sodium,0f37a594948fc15e56588cecdf209baa\"}\n>p1 move icywind, move nastyplot\n>p2 switch 3, move poisongas\n>p1 switch 4, move dracometeor +2\n>p2 move protect, move poisongas\n>p2 pass, switch 3\n>p1 move bravebird +2, move dracometeor +1\n>p2 switch 5, move weatherball +1\n>p1 switch 5, pass\n>p2 pass, switch 5\n>p1 move bittermalice +1, switch 4\n>p2 move dazzlinggleam, move dracometeor +2\n>p2 switch 6, pass\n>p1 move hypervoice, move icywind\n>p2 move appleacid +2, switch 4\n>forcelose p2", "uploadtime": 1770791051, "views": 70, "formatid": "gen9randomdoublesbattle", "rating": 1742, "private": 0, "password": null}