{"id": "gen9randomdoublesbattle-2537547678", "format": "[Gen 9] Random Doubles Battle", "players": ["JD989", "billberto123"], "log": "|j|☆JD989\n|j|☆billberto123\n|t:|1770826232\n|gametype|doubles\n|player|p1|JD989|rocketgrunt|1726\n|player|p2|billberto123|102|1657\n|gen|9\n|tier|[Gen 9] Random Doubles Battle\n|rated|\n|rule|Species Clause: Limit one of each Pokémon\n|rule|HP Percentage Mod: HP is shown in percentages\n|rule|Illusion Level Mod: Illusion disguises the Pokémon's true level\n|rule|Sleep Clause Mod: Limit one foe put to sleep\n|\n|t:|1770826232\n|teamsize|p1|6\n|teamsize|p2|6\n|start\n|switch|p1a: Trevenant|Trevenant, L88, M|293/293\n|switch|p1b: Murkrow|Murkrow, L90, F|254/254\n|switch|p2a: Scream Tail|Scream Tail, L82|323/323\n|switch|p2b: Hitmonchan|Hitmonchan, L90, M|236/236\n|turn|1\n|inactive|Battle timer is ON: inactive players will automatically lose when time's up. (requested by billberto123)\n|inactive|JD989 has 120 seconds left.\n|inactive|billberto123 has 120 seconds left.\n|\n|t:|1770826275\n|-terastallize|p2a: Scream Tail|Steel\n|move|p1b: Murkrow|Protect|p1b: Murkrow\n|-singleturn|p1b: Murkrow|Protect\n|move|p1a: Trevenant|Protect|p1a: Trevenant\n|-singleturn|p1a: Trevenant|Protect\n|move|p2a: Scream Tail|Encore|p1b: Murkrow\n|-activate|p1b: Murkrow|move: Protect\n|move|p2b: Hitmonchan|Coaching|p2a: Scream Tail\n|-boost|p2a: Scream Tail|atk|1\n|-boost|p2a: Scream Tail|def|1\n|\n|upkeep\n|turn|2\n|\n|t:|1770826299\n|-terastallize|p1b: Murkrow|Steel\n|move|p1b: Murkrow|Haze|p1b: Murkrow\n|-clearallboost\n|move|p2a: Scream Tail|Play Rough|p1b: Murkrow|[miss]\n|-miss|p2a: Scream Tail|p1b: Murkrow\n|move|p2b: Hitmonchan|Knock Off|p1a: Trevenant\n|-supereffective|p1a: Trevenant\n|-damage|p1a: Trevenant|107/293\n|-enditem|p1a: Trevenant|Sitrus Berry|[from] move: Knock Off|[of] p2b: Hitmonchan\n|move|p1a: Trevenant|Poltergeist|p2a: Scream Tail\n|-activate|p2a: Scream Tail|move: Poltergeist|Sitrus Berry\n|-damage|p2a: Scream Tail|196/323\n|\n|upkeep\n|turn|3\n|inactive|JD989 has 120 seconds left.\n|inactive|billberto123 has 120 seconds left.\n|\n|t:|1770826355\n|move|p2a: Scream Tail|Helping Hand|p2b: Hitmonchan\n|-singleturn|p2b: Hitmonchan|Helping Hand|[of] p2a: Scream Tail\n|move|p1b: Murkrow|Brave Bird|p2b: Hitmonchan\n|-supereffective|p2b: Hitmonchan\n|-damage|p2b: Hitmonchan|0 fnt\n|faint|p2b: Hitmonchan\n|-damage|p1b: Murkrow|176/254|[from] Recoil\n|move|p1a: Trevenant|Poltergeist|p2a: Scream Tail|[miss]\n|-miss|p1a: Trevenant|p2a: Scream Tail\n|\n|upkeep\n|\n|t:|1770826374\n|switch|p2b: Coalossal|Coalossal, L90, F|344/344\n|turn|4\n|inactive|JD989 has 120 seconds left.\n|inactive|JD989 has 90 seconds left.\n|\n|t:|1770826415\n|switch|p1b: Regigigas|Regigigas, L86|329/329\n|-start|p1b: Regigigas|ability: Slow Start\n|move|p2a: Scream Tail|Helping Hand|p2b: Coalossal\n|-singleturn|p2b: Coalossal|Helping Hand|[of] p2a: Scream Tail\n|move|p2b: Coalossal|Heat Wave|p1a: Trevenant|[spread] p1a,p1b\n|-supereffective|p1a: Trevenant\n|-damage|p1a: Trevenant|0 fnt\n|-damage|p1b: Regigigas|233/329\n|-status|p1b: Regigigas|brn\n|faint|p1a: Trevenant\n|\n|-heal|p1b: Regigigas|253/329 brn|[from] item: Leftovers\n|-damage|p1b: Regigigas|233/329 brn|[from] brn\n|upkeep\n|\n|t:|1770826430\n|switch|p1a: Revavroom|Revavroom, L84, F|272/272\n|turn|5\n|\n|t:|1770826440\n|move|p1a: Revavroom|Protect|p1a: Revavroom\n|-singleturn|p1a: Revavroom|Protect\n|move|p2b: Coalossal|Protect|p2b: Coalossal\n|-singleturn|p2b: Coalossal|Protect\n|move|p2a: Scream Tail|Thunder Wave|p1a: Revavroom\n|-activate|p1a: Revavroom|move: Protect\n|move|p1b: Regigigas|Thunder Wave|p2a: Scream Tail\n|-status|p2a: Scream Tail|par\n|\n|-heal|p1b: Regigigas|253/329 brn|[from] item: Leftovers\n|-damage|p1b: Regigigas|233/329 brn|[from] brn\n|upkeep\n|turn|6\n|inactive|billberto123 has 120 seconds left.\n|\n|t:|1770826473\n|move|p1a: Revavroom|Parting Shot|p2b: Coalossal\n|-unboost|p2b: Coalossal|atk|1\n|-unboost|p2b: Coalossal|spa|1\n|\n|t:|1770826484\n|switch|p1a: Lugia|Lugia, L71|268/268|[from] Parting Shot\n|move|p2a: Scream Tail|Thunder Wave|p1a: Lugia\n|-status|p1a: Lugia|par\n|move|p1b: Regigigas|Thunder Wave|p2b: Coalossal\n|-status|p2b: Coalossal|par\n|cant|p2b: Coalossal|par\n|\n|-heal|p1b: Regigigas|253/329 brn|[from] item: Leftovers\n|-damage|p1b: Regigigas|233/329 brn|[from] brn\n|upkeep\n|turn|7\n|inactive|JD989 has 120 seconds left.\n|\n|t:|1770826528\n|switch|p2b: Skeledirge|Skeledirge, L80, F|298/298\n|move|p2a: Scream Tail|Play Rough|p1a: Lugia\n|-damage|p1a: Lugia|238/268 par\n|move|p1b: Regigigas|Knock Off|p2a: Scream Tail\n|-damage|p2a: Scream Tail|171/323 par\n|-enditem|p2a: Scream Tail|Sitrus Berry|[from] move: Knock Off|[of] p1b: Regigigas\n|cant|p1a: Lugia|par\n|\n|-heal|p1b: Regigigas|253/329 brn|[from] item: Leftovers\n|-heal|p1a: Lugia|254/268 par|[from] item: Leftovers\n|-damage|p1b: Regigigas|233/329 brn|[from] brn\n|upkeep\n|turn|8\n|inactive|JD989 has 120 seconds left.\n|\n|t:|1770826546\n|switch|p2b: Coalossal|Coalossal, L90, F|344/344 par\n|move|p2a: Scream Tail|Encore|p1b: Regigigas\n|-start|p1b: Regigigas|Encore\n|move|p1b: Regigigas|Knock Off|p2a: Scream Tail\n|-damage|p2a: Scream Tail|154/323 par\n|move|p1a: Lugia|Recover|p1a: Lugia\n|-heal|p1a: Lugia|268/268 par\n|\n|-heal|p1b: Regigigas|253/329 brn|[from] item: Leftovers\n|-damage|p1b: Regigigas|233/329 brn|[from] brn\n|upkeep\n|turn|9\n|\n|t:|1770826562\n|move|p2a: Scream Tail|Encore|p1a: Lugia\n|-start|p1a: Lugia|Encore\n|move|p1b: Regigigas|Knock Off|p2b: Coalossal\n|-damage|p2b: Coalossal|325/344 par\n|-enditem|p2b: Coalossal|Sitrus Berry|[from] move: Knock Off|[of] p1b: Regigigas\n|move|p1a: Lugia|Recover||[still]\n|-fail|p1a: Lugia|heal\n|move|p2b: Coalossal|Heat Wave|p1a: Lugia|[spread] p1a,p1b\n|-damage|p1a: Lugia|239/268 par\n|-damage|p1b: Regigigas|169/329 brn\n|\n|-heal|p1b: Regigigas|189/329 brn|[from] item: Leftovers\n|-heal|p1a: Lugia|255/268 par|[from] item: Leftovers\n|-damage|p1b: Regigigas|169/329 brn|[from] brn\n|-end|p1b: Regigigas|Slow Start\n|upkeep\n|turn|10\n|inactive|JD989 has 120 seconds left.\n|\n|t:|1770826593\n|switch|p1a: Espathra|Espathra, L83, M|293/293\n|move|p1b: Regigigas|Knock Off|p2a: Scream Tail\n|-damage|p2a: Scream Tail|121/323 par\n|move|p2a: Scream Tail|Play Rough|p1b: Regigigas\n|-damage|p1b: Regigigas|117/329 brn\n|cant|p2b: Coalossal|par\n|\n|-heal|p1b: Regigigas|137/329 brn|[from] item: Leftovers\n|-damage|p1b: Regigigas|117/329 brn|[from] brn\n|-end|p1b: Regigigas|Encore\n|upkeep\n|turn|11\n|l|☆JD989\n|inactive|JD989 disconnected and has a minute to reconnect!\n|player|p1|\n|j|☆JD989\n|inactive|JD989 reconnected and has 125 seconds left.\n|player|p1|JD989|rocketgrunt|\n|inactive|JD989 has 120 seconds left.\n|\n|t:|1770826628\n|move|p1a: Espathra|Protect|p1a: Espathra\n|-singleturn|p1a: Espathra|Protect\n|move|p1b: Regigigas|Double-Edge|p2a: Scream Tail\n|-resisted|p2a: Scream Tail\n|-damage|p2a: Scream Tail|73/323 par\n|-damage|p1b: Regigigas|101/329 brn|[from] Recoil\n|move|p2a: Scream Tail|Encore|p1a: Espathra\n|-activate|p1a: Espathra|move: Protect\n|move|p2b: Coalossal|Heat Wave|p1a: Espathra|[spread] p1b\n|-activate|p1a: Espathra|move: Protect\n|-damage|p1b: Regigigas|38/329 brn\n|\n|-heal|p1b: Regigigas|58/329 brn|[from] item: Leftovers\n|-damage|p1b: Regigigas|38/329 brn|[from] brn\n|-ability|p1a: Espathra|Speed Boost|boost\n|-boost|p1a: Espathra|spe|1\n|upkeep\n|turn|12\n|inactive|JD989 has 120 seconds left.\n|\n|t:|1770826649\n|move|p1a: Espathra|Lumina Crash|p2a: Scream Tail\n|-resisted|p2a: Scream Tail\n|-damage|p2a: Scream Tail|22/323 par\n|-unboost|p2a: Scream Tail|spd|2\n|-damage|p1a: Espathra|264/293|[from] item: Life Orb\n|move|p1b: Regigigas|Double-Edge|p2a: Scream Tail\n|-resisted|p2a: Scream Tail\n|-damage|p2a: Scream Tail|0 fnt\n|faint|p2a: Scream Tail\n|-end|p2a: Scream Tail|Protosynthesis|[silent]\n|-damage|p1b: Regigigas|31/329 brn|[from] Recoil\n|move|p2b: Coalossal|Stone Edge|p1a: Espathra\n|-damage|p1a: Espathra|123/293\n|\n|-heal|p1b: Regigigas|51/329 brn|[from] item: Leftovers\n|-damage|p1b: Regigigas|31/329 brn|[from] brn\n|-ability|p1a: Espathra|Speed Boost|boost\n|-boost|p1a: Espathra|spe|1\n|upkeep\n|inactive|billberto123 has 120 seconds left.\n|\n|t:|1770826677\n|switch|p2a: Azumarill|Azumarill, L83, F|302/302\n|turn|13\n|\n|t:|1770826699\n|switch|p1a: Lugia|Lugia, L71|255/268 par\n|move|p2a: Azumarill|Aqua Jet|p1b: Regigigas\n|-damage|p1b: Regigigas|0 fnt\n|faint|p1b: Regigigas\n|cant|p2b: Coalossal|par\n|\n|-heal|p1a: Lugia|268/268 par|[from] item: Leftovers\n|upkeep\n|\n|t:|1770826710\n|switch|p1b: Revavroom|Revavroom, L84, F|272/272\n|turn|14\n|\n|t:|1770826724\n|switch|p2a: Skeledirge|Skeledirge, L80, F|298/298\n|move|p1b: Revavroom|Protect|p1b: Revavroom\n|-singleturn|p1b: Revavroom|Protect\n|move|p1a: Lugia|Calm Mind|p1a: Lugia\n|-boost|p1a: Lugia|spa|1\n|-boost|p1a: Lugia|spd|1\n|move|p2b: Coalossal|Heat Wave|p1b: Revavroom|[spread] p1a\n|-activate|p1b: Revavroom|move: Protect\n|-damage|p1a: Lugia|249/268 par\n|\n|-heal|p1a: Lugia|265/268 par|[from] item: Leftovers\n|upkeep\n|turn|15\n|\n|t:|1770826738\n|move|p1b: Revavroom|Parting Shot|p2a: Skeledirge\n|-unboost|p2a: Skeledirge|atk|1\n|-unboost|p2a: Skeledirge|spa|1\n|\n|t:|1770826744\n|switch|p1b: Murkrow|Murkrow, L90, F, tera:Steel|176/254|[from] Parting Shot\n|move|p2a: Skeledirge|Shadow Ball|p1a: Lugia\n|-supereffective|p1a: Lugia\n|-damage|p1a: Lugia|169/268 par\n|move|p1a: Lugia|Earth Power|p2b: Coalossal\n|-supereffective|p2b: Coalossal\n|-damage|p2b: Coalossal|97/344 par\n|move|p2b: Coalossal|Heat Wave|p1a: Lugia|[spread] p1a,p1b\n|-supereffective|p1b: Murkrow\n|-damage|p1a: Lugia|132/268 par\n|-damage|p1b: Murkrow|26/254\n|\n|-heal|p1a: Lugia|148/268 par|[from] item: Leftovers\n|upkeep\n|turn|16\n|\n|t:|1770826771\n|move|p1b: Murkrow|Tailwind|p1b: Murkrow\n|-sidestart|p1: JD989|move: Tailwind\n|move|p1a: Lugia|Recover|p1a: Lugia\n|-heal|p1a: Lugia|268/268 par\n|move|p2a: Skeledirge|Torch Song|p1b: Murkrow\n|-supereffective|p1b: Murkrow\n|-damage|p1b: Murkrow|0 fnt\n|-boost|p2a: Skeledirge|spa|1\n|faint|p1b: Murkrow\n|move|p2b: Coalossal|Stone Edge|p1a: Lugia|[miss]\n|-miss|p2b: Coalossal|p1a: Lugia\n|\n|upkeep\n|\n|t:|1770826780\n|switch|p1b: Espathra|Espathra, L83, M|123/293\n|turn|17\n|\n|t:|1770826803\n|move|p1b: Espathra|Lumina Crash|p2a: Skeledirge\n|-damage|p2a: Skeledirge|156/298\n|-unboost|p2a: Skeledirge|spd|2\n|-damage|p1b: Espathra|94/293|[from] item: Life Orb\n|move|p1a: Lugia|Earth Power|p2b: Coalossal\n|-supereffective|p2b: Coalossal\n|-damage|p2b: Coalossal|0 fnt\n|faint|p2b: Coalossal\n|move|p2a: Skeledirge|Torch Song|p1a: Lugia\n|-damage|p1a: Lugia|237/268 par\n|-boost|p2a: Skeledirge|spa|1\n|\n|-heal|p1a: Lugia|253/268 par|[from] item: Leftovers\n|-heal|p2a: Skeledirge|174/298|[from] item: Leftovers\n|-ability|p1b: Espathra|Speed Boost|boost\n|-boost|p1b: Espathra|spe|1\n|upkeep\n|\n|t:|1770826817\n|switch|p2b: Azumarill|Azumarill, L83, F|302/302\n|turn|18\n|\n|t:|1770826834\n|move|p1b: Espathra|Protect|p1b: Espathra\n|-singleturn|p1b: Espathra|Protect\n|move|p2b: Azumarill|Aqua Jet|p1b: Espathra\n|-activate|p1b: Espathra|move: Protect\n|move|p1a: Lugia|Earth Power|p2a: Skeledirge\n|-supereffective|p2a: Skeledirge\n|-damage|p2a: Skeledirge|0 fnt\n|faint|p2a: Skeledirge\n|\n|-heal|p1a: Lugia|268/268 par|[from] item: Leftovers\n|-ability|p1b: Espathra|Speed Boost|boost\n|-boost|p1b: Espathra|spe|1\n|upkeep\n|\n|t:|1770826840\n|switch|p2a: Houndstone|Houndstone, L73, M|226/226\n|turn|19\n|\n|t:|1770826857\n|move|p2b: Azumarill|Aqua Jet|p1b: Espathra\n|-crit|p1b: Espathra\n|-damage|p1b: Espathra|0 fnt\n|faint|p1b: Espathra\n|move|p2a: Houndstone|Trick|p1a: Lugia\n|-activate|p2a: Houndstone|move: Trick|[of] p1a: Lugia\n|-item|p1a: Lugia|Choice Scarf|[from] move: Trick\n|-item|p2a: Houndstone|Leftovers|[from] move: Trick\n|move|p1a: Lugia|Aeroblast|p2a: Houndstone\n|-crit|p2a: Houndstone\n|-damage|p2a: Houndstone|63/226\n|\n|-heal|p2a: Houndstone|77/226|[from] item: Leftovers\n|-sideend|p1: JD989|move: Tailwind\n|upkeep\n|\n|t:|1770826866\n|switch|p1b: Revavroom|Revavroom, L84, F|272/272\n|turn|20\n|inactive|billberto123 has 120 seconds left.\n|\n|t:|1770826901\n|move|p2b: Azumarill|Aqua Jet|p1a: Lugia\n|-damage|p1a: Lugia|233/268 par\n|move|p1b: Revavroom|Iron Head|p2a: Houndstone\n|-damage|p2a: Houndstone|7/226\n|-damage|p1b: Revavroom|245/272|[from] item: Life Orb\n|move|p1a: Lugia|Aeroblast|p2a: Houndstone\n|-damage|p2a: Houndstone|0 fnt\n|faint|p2a: Houndstone\n|\n|upkeep\n|turn|21\n|\n|t:|1770826915\n|move|p2b: Azumarill|Aqua Jet|p1a: Lugia\n|-damage|p1a: Lugia|169/268 par\n|move|p1b: Revavroom|Gunk Shot|p2b: Azumarill\n|-supereffective|p2b: Azumarill\n|-damage|p2b: Azumarill|0 fnt\n|faint|p2b: Azumarill\n|-damage|p1b: Revavroom|218/272|[from] item: Life Orb\n|\n|win|JD989\n|raw|JD989's rating: 1726 &rarr; <strong>1742</strong><br />(+16 for winning)\n|raw|billberto123's rating: 1657 &rarr; <strong>1641</strong><br />(-16 for losing)\n|l|☆billberto123\n|player|p2|\n", "inputlog": ">version ccdc32dd7cde25fd9e4bed64820e885f66e78a4e\n>start {\"formatid\":\"gen9randomdoublesbattle\",\"seed\":\"sodium,59e4002f09a1821c132e11596a257f4b\",\"rated\":\"Rated battle\"}\n>player p1 {\"name\":\"JD989\",\"avatar\":\"rocketgrunt\",\"rating\":1726,\"seed\":\"sodium,72bbc035a7b516bcd85a84b1df2117d9\"}\n>player p2 {\"name\":\"billberto123\",\"avatar\":\"102\",\"rating\":1657,\"seed\":\"sodium,5da1f76647f0ed845693b7f1cb117fb1\"}\n>p1 move protect, move protect\n>p2 move encore +2 terastallize, move coaching -1\n>p1 move poltergeist +1, move haze terastallize\n>p2 move playrough +2, move knockoff +1\n>p1 move poltergeist +1, move bravebird +2\n>p2 move helpinghand -2, move closecombat +2\n>p2 pass, switch 6\n>p1 move poltergeist +1, switch 4\n>p2 move helpinghand -2, move heatwave\n>p1 switch 5, pass\n>p1 move protect, move thunderwave +1\n>p2 move thunderwave +1, move protect\n>p1 move partingshot +2, move thunderwave +2\n>p2 move thunderwave +1, move stealthrock\n>p1 switch 3, pass\n>p1 move earthpower +1, move knockoff +1\n>p2 move playrough +1, switch 5\n>p1 move recover, move thunderwave +2\n>p2 move encore +2, switch 5\n>p1 move earthpower +2, move knockoff +2\n>p2 move encore +1, move heatwave\n>p1 switch 6, move knockoff +1\n>p2 move playrough +2, move stoneedge +2\n>p1 move protect, move doubleedge +1\n>p2 move encore +1, move heatwave\n>p1 move luminacrash +1, move doubleedge +1\n>p2 move playrough +1, move stoneedge +1\n>p2 switch 4, pass\n>p1 switch 6, move thunderwave +1\n>p2 move aquajet +2, move stoneedge +1\n>p1 pass, switch 3\n>p1 move calmmind, move protect\n>p2 switch 5, move heatwave\n>p1 move earthpower +2, move partingshot +1\n>p2 move shadowball +1, move heatwave\n>p1 pass, switch 4\n>p1 move recover, move tailwind\n>p2 move torchsong +2, move stoneedge +1\n>p1 pass, switch 6\n>p1 move earthpower +2, move luminacrash +1\n>p2 move torchsong +1, move stoneedge +2\n>p2 pass, switch 5\n>p1 move earthpower +1, move protect\n>p2 move shadowball +1, move aquajet +2\n>p2 switch 3, pass\n>p1 move aeroblast +1, move luminacrash +1\n>p2 move trick +1, move aquajet +2\n>p1 pass, switch 4\n>p1 move aeroblast +1, move ironhead +1\n>p2 move lastrespects +1, move aquajet +1\n>p1 move aeroblast +2, move gunkshot +2\n>p2 pass, move aquajet +1", "uploadtime": 1770826922, "views": 67, "formatid": "gen9randomdoublesbattle", "rating": 1641, "private": 0, "password": null}