{"id": "gen9randomdoublesbattle-2537958318", "format": "[Gen 9] Random Doubles Battle", "players": ["AceOfSpades99", "themismatcher"], "log": "|j|☆AceOfSpades99\n|j|☆themismatcher\n|t:|1770868817\n|gametype|doubles\n|player|p1|AceOfSpades99|169|1534\n|player|p2|themismatcher|benga|1600\n|gen|9\n|tier|[Gen 9] Random Doubles Battle\n|rated|\n|rule|Species Clause: Limit one of each Pokémon\n|rule|HP Percentage Mod: HP is shown in percentages\n|rule|Illusion Level Mod: Illusion disguises the Pokémon's true level\n|rule|Sleep Clause Mod: Limit one foe put to sleep\n|\n|t:|1770868817\n|teamsize|p1|6\n|teamsize|p2|6\n|start\n|switch|p1a: Comfey|Comfey, L88, F|233/233\n|switch|p1b: Moltres|Moltres, L79|272/272\n|switch|p2a: Regigigas|Regigigas, L86|329/329\n|switch|p2b: Ambipom|Ambipom, L87, M|272/272\n|-start|p2a: Regigigas|ability: Slow Start\n|turn|1\n|\n|t:|1770868840\n|move|p2b: Ambipom|Fake Out|p1b: Moltres\n|-damage|p1b: Moltres|182/272\n|-status|p2b: Ambipom|brn|[from] ability: Flame Body|[of] p1b: Moltres\n|move|p1a: Comfey|Tailwind|p1a: Comfey\n|-sidestart|p1: AceOfSpades99|move: Tailwind\n|cant|p1b: Moltres|flinch\n|move|p2a: Regigigas|Substitute|p2a: Regigigas\n|-start|p2a: Regigigas|Substitute\n|-damage|p2a: Regigigas|247/329\n|\n|-heal|p2a: Regigigas|267/329|[from] item: Leftovers\n|-damage|p2b: Ambipom|255/272 brn|[from] brn\n|upkeep\n|turn|2\n|\n|t:|1770868861\n|move|p1a: Comfey|Helping Hand|p1b: Moltres\n|-singleturn|p1b: Moltres|Helping Hand|[of] p1a: Comfey\n|move|p2a: Regigigas|Protect|p2a: Regigigas\n|-singleturn|p2a: Regigigas|Protect\n|move|p1b: Moltres|Heat Wave|p2a: Regigigas|[spread] p2b\n|-activate|p2a: Regigigas|move: Protect\n|-damage|p2b: Ambipom|104/272 brn\n|move|p2b: Ambipom|Double-Edge|p1b: Moltres\n|-damage|p1b: Moltres|96/272\n|-enditem|p1b: Moltres|Sitrus Berry|[eat]\n|-heal|p1b: Moltres|164/272|[from] item: Sitrus Berry\n|-damage|p2b: Ambipom|76/272 brn|[from] Recoil\n|\n|-heal|p2a: Regigigas|287/329|[from] item: Leftovers\n|-damage|p2b: Ambipom|59/272 brn|[from] brn\n|upkeep\n|turn|3\n|\n|t:|1770868885\n|move|p1a: Comfey|Helping Hand|p1b: Moltres\n|-singleturn|p1b: Moltres|Helping Hand|[of] p1a: Comfey\n|move|p1b: Moltres|Heat Wave|p2b: Ambipom|[spread] p2a,p2b\n|-end|p2a: Regigigas|Substitute\n|-damage|p2b: Ambipom|0 fnt\n|faint|p2b: Ambipom\n|move|p2a: Regigigas|Substitute|p2a: Regigigas\n|-start|p2a: Regigigas|Substitute\n|-damage|p2a: Regigigas|205/329\n|\n|-heal|p2a: Regigigas|225/329|[from] item: Leftovers\n|upkeep\n|inactive|Battle timer is ON: inactive players will automatically lose when time's up. (requested by AceOfSpades99)\n|\n|t:|1770868915\n|switch|p2b: Latias|Latias, L80, F|259/259\n|turn|4\n|\n|t:|1770868928\n|move|p1b: Moltres|Protect|p1b: Moltres\n|-singleturn|p1b: Moltres|Protect\n|move|p2a: Regigigas|Protect|p2a: Regigigas\n|-singleturn|p2a: Regigigas|Protect\n|move|p1a: Comfey|Draining Kiss|p2b: Latias\n|-supereffective|p2b: Latias\n|-damage|p2b: Latias|185/259\n|move|p2b: Latias|Tailwind|p2b: Latias\n|-sidestart|p2: themismatcher|move: Tailwind\n|\n|-heal|p2a: Regigigas|245/329|[from] item: Leftovers\n|-sideend|p1: AceOfSpades99|move: Tailwind\n|upkeep\n|turn|5\n|\n|t:|1770868950\n|switch|p1b: Phione|Phione, L90|290/290\n|-terastallize|p2b: Latias|Steel\n|move|p2b: Latias|Draco Meteor|p1b: Phione\n|-damage|p1b: Phione|113/290\n|-unboost|p2b: Latias|spa|2\n|move|p1a: Comfey|Tailwind|p1a: Comfey\n|-sidestart|p1: AceOfSpades99|move: Tailwind\n|move|p2a: Regigigas|Body Slam|p1a: Comfey\n|-damage|p1a: Comfey|166/233\n|-status|p1a: Comfey|par\n|\n|-heal|p1b: Phione|131/290|[from] item: Leftovers\n|-heal|p2a: Regigigas|265/329|[from] item: Leftovers\n|-end|p2a: Regigigas|Slow Start\n|upkeep\n|turn|6\n|inactive|themismatcher has 120 seconds left.\n|inactive|AceOfSpades99 has 120 seconds left.\n|\n|t:|1770869005\n|switch|p2b: Flutter Mane|Flutter Mane, L73|201/201\n|cant|p1a: Comfey|par\n|move|p2a: Regigigas|Body Slam|p1b: Phione\n|-damage|p1b: Phione|0 fnt\n|faint|p1b: Phione\n|\n|-heal|p2a: Regigigas|285/329|[from] item: Leftovers\n|upkeep\n|inactive|AceOfSpades99 has 90 seconds left.\n|\n|t:|1770869042\n|switch|p1b: Zamazenta|Zamazenta-Crowned, L67|235/235\n|-ability|p1b: Zamazenta|Dauntless Shield|boost\n|-boost|p1b: Zamazenta|def|1\n|turn|7\n|\n|t:|1770869065\n|move|p1a: Comfey|Helping Hand|p1b: Zamazenta\n|-singleturn|p1b: Zamazenta|Helping Hand|[of] p1a: Comfey\n|move|p2b: Flutter Mane|Dazzling Gleam|p1a: Comfey|[spread] p1a,p1b\n|-damage|p1a: Comfey|87/233 par\n|-damage|p1b: Zamazenta|157/235\n|-enditem|p1a: Comfey|Sitrus Berry|[eat]\n|-heal|p1a: Comfey|145/233 par|[from] item: Sitrus Berry\n|move|p2a: Regigigas|Body Slam|p1a: Comfey\n|-damage|p1a: Comfey|6/233 par\n|move|p1b: Zamazenta|Heavy Slam|p2b: Flutter Mane\n|-supereffective|p2b: Flutter Mane\n|-damage|p2b: Flutter Mane|0 fnt\n|faint|p2b: Flutter Mane\n|-end|p2b: Flutter Mane|Protosynthesis|[silent]\n|\n|-heal|p2a: Regigigas|305/329|[from] item: Leftovers\n|-sideend|p2: themismatcher|move: Tailwind\n|upkeep\n|inactive|themismatcher has 120 seconds left.\n|inactive|themismatcher has 90 seconds left.\n|\n|t:|1770869109\n|switch|p2b: Hitmonchan|Hitmonchan, L90, M|236/236\n|turn|8\n|inactive|AceOfSpades99 has 120 seconds left.\n|\n|t:|1770869118\n|move|p1b: Zamazenta|Protect|p1b: Zamazenta\n|-singleturn|p1b: Zamazenta|Protect\n|move|p1a: Comfey|Draining Kiss|p2b: Hitmonchan\n|-supereffective|p2b: Hitmonchan\n|-crit|p2b: Hitmonchan\n|-damage|p2b: Hitmonchan|110/236\n|-heal|p1a: Comfey|101/233 par|[from] drain|[of] p2b: Hitmonchan\n|-enditem|p2b: Hitmonchan|Sitrus Berry|[eat]\n|-heal|p2b: Hitmonchan|169/236|[from] item: Sitrus Berry\n|move|p2b: Hitmonchan|Fake Out|p1a: Comfey\n|-damage|p1a: Comfey|68/233 par\n|move|p2a: Regigigas|Body Slam|p1b: Zamazenta\n|-activate|p1b: Zamazenta|move: Protect\n|\n|-heal|p2a: Regigigas|325/329|[from] item: Leftovers\n|-sideend|p1: AceOfSpades99|move: Tailwind\n|upkeep\n|turn|9\n|inactive|AceOfSpades99 has 120 seconds left.\n|inactive|themismatcher has 120 seconds left.\n|\n|t:|1770869167\n|move|p2a: Regigigas|Body Slam|p1a: Comfey\n|-damage|p1a: Comfey|0 fnt\n|faint|p1a: Comfey\n|move|p1b: Zamazenta|Heavy Slam|p2b: Hitmonchan\n|-damage|p2b: Hitmonchan|70/236\n|move|p2b: Hitmonchan|Coaching|p2a: Regigigas\n|-boost|p2a: Regigigas|atk|1\n|-boost|p2a: Regigigas|def|1\n|\n|-heal|p2a: Regigigas|329/329|[from] item: Leftovers\n|upkeep\n|\n|t:|1770869184\n|switch|p1a: Moltres|Moltres, L79|164/272\n|turn|10\n|\n|t:|1770869198\n|move|p1b: Zamazenta|Protect|p1b: Zamazenta\n|-singleturn|p1b: Zamazenta|Protect\n|move|p2a: Regigigas|Body Slam|p1a: Moltres\n|-damage|p1a: Moltres|0 fnt\n|faint|p1a: Moltres\n|move|p2b: Hitmonchan|Close Combat|p1b: Zamazenta\n|-activate|p1b: Zamazenta|move: Protect\n|\n|upkeep\n|\n|t:|1770869207\n|switch|p1a: Great Tusk|Great Tusk, L81|319/319\n|turn|11\n|\n|t:|1770869239\n|move|p2a: Regigigas|Protect|p2a: Regigigas\n|-singleturn|p2a: Regigigas|Protect\n|move|p1b: Zamazenta|Heavy Slam|p2b: Hitmonchan\n|-damage|p2b: Hitmonchan|0 fnt\n|faint|p2b: Hitmonchan\n|move|p1a: Great Tusk|Close Combat|p2a: Regigigas\n|-activate|p2a: Regigigas|move: Protect\n|\n|upkeep\n|\n|t:|1770869254\n|switch|p2b: Latias|Latias, L80, F, tera:Steel|185/259\n|turn|12\n|\n|t:|1770869267\n|-terastallize|p1a: Great Tusk|Fire\n|move|p2b: Latias|Mist Ball|p1a: Great Tusk\n|-damage|p1a: Great Tusk|142/319\n|-unboost|p1a: Great Tusk|spa|1\n|-enditem|p1a: Great Tusk|Sitrus Berry|[eat]\n|-heal|p1a: Great Tusk|221/319|[from] item: Sitrus Berry\n|move|p2a: Regigigas|Body Slam|p1a: Great Tusk\n|-damage|p1a: Great Tusk|50/319\n|move|p1b: Zamazenta|Body Press|p2b: Latias\n|-supereffective|p2b: Latias\n|-damage|p2b: Latias|0 fnt\n|faint|p2b: Latias\n|move|p1a: Great Tusk|Close Combat|p2a: Regigigas\n|-supereffective|p2a: Regigigas\n|-end|p2a: Regigigas|Substitute\n|-unboost|p1a: Great Tusk|def|1\n|-unboost|p1a: Great Tusk|spd|1\n|\n|upkeep\n|\n|t:|1770869285\n|switch|p2b: Spidops|Spidops, F|282/282\n|turn|13\n|\n|t:|1770869301\n|move|p1a: Great Tusk|Protect|p1a: Great Tusk\n|-singleturn|p1a: Great Tusk|Protect\n|move|p2a: Regigigas|Body Slam|p1a: Great Tusk\n|-activate|p1a: Great Tusk|move: Protect\n|move|p1b: Zamazenta|Body Press|p2a: Regigigas\n|-supereffective|p2a: Regigigas\n|-damage|p2a: Regigigas|207/329\n|move|p2b: Spidops|String Shot|p1b: Zamazenta|[spread] p1b\n|-activate|p1a: Great Tusk|move: Protect\n|-unboost|p1b: Zamazenta|spe|2\n|\n|-heal|p2a: Regigigas|227/329|[from] item: Leftovers\n|upkeep\n|turn|14\n|\n|t:|1770869324\n|move|p2a: Regigigas|Body Slam|p1a: Great Tusk\n|-damage|p1a: Great Tusk|0 fnt\n|faint|p1a: Great Tusk\n|-end|p1a: Great Tusk|Protosynthesis|[silent]\n|move|p1b: Zamazenta|Heavy Slam|p2b: Spidops\n|-damage|p2b: Spidops|209/282\n|move|p2b: Spidops|Circle Throw|p1b: Zamazenta\n|-supereffective|p1b: Zamazenta\n|-damage|p1b: Zamazenta|91/235\n|drag|p1b: Typhlosion|Typhlosion, L79, F|253/253\n|\n|-heal|p2a: Regigigas|247/329|[from] item: Leftovers\n|upkeep\n|\n|t:|1770869332\n|switch|p1a: Zamazenta|Zamazenta-Crowned, L67|91/235\n|turn|15\n|\n|t:|1770869351\n|move|p2a: Regigigas|Body Slam|p1b: Typhlosion\n|-damage|p1b: Typhlosion|0 fnt\n|faint|p1b: Typhlosion\n|move|p1a: Zamazenta|Iron Defense|p1a: Zamazenta\n|-boost|p1a: Zamazenta|def|2\n|move|p2b: Spidops|Circle Throw|p1a: Zamazenta\n|-supereffective|p1a: Zamazenta\n|-damage|p1a: Zamazenta|47/235\n|\n|-heal|p2a: Regigigas|267/329|[from] item: Leftovers\n|upkeep\n|turn|16\n|-message|AceOfSpades99 forfeited.\n|\n|win|themismatcher\n|raw|AceOfSpades99's rating: 1534 &rarr; <strong>1518</strong><br />(-16 for losing)\n|raw|themismatcher's rating: 1600 &rarr; <strong>1616</strong><br />(+16 for winning)\n|l|☆AceOfSpades99\n|player|p1|\n", "inputlog": ">version ccdc32dd7cde25fd9e4bed64820e885f66e78a4e\n>start {\"formatid\":\"gen9randomdoublesbattle\",\"seed\":\"sodium,9c5888c47aa9a92c0dfac2696c547e0a\",\"rated\":\"Rated battle\"}\n>player p1 {\"name\":\"AceOfSpades99\",\"avatar\":\"169\",\"rating\":1534,\"seed\":\"sodium,2658113c7e2acbfec67797ebf8ac0860\"}\n>player p2 {\"name\":\"themismatcher\",\"avatar\":\"benga\",\"rating\":1600,\"seed\":\"sodium,5841a36538198e0953cafe2b2b940343\"}\n>p1 move tailwind, move tailwind\n>p2 move substitute, move fakeout +2\n>p1 move helpinghand -2, move heatwave\n>p2 move protect, move doubleedge +2\n>p1 move helpinghand -2, move heatwave\n>p2 move substitute, move doubleedge +2\n>p2 pass, switch 3\n>p1 move drainingkiss +2, move protect\n>p2 move protect, move tailwind\n>p1 move tailwind, switch 5\n>p2 move bodyslam +1, move dracometeor +2 terastallize\n>p1 move floralhealing -2, move scald +1\n>p2 move bodyslam +2, switch 5\n>p1 pass, switch 3\n>p1 move helpinghand -2, move heavyslam +2\n>p2 move bodyslam +1, move dazzlinggleam\n>p2 pass, switch 4\n>p1 move drainingkiss +2, move protect\n>p2 move bodyslam +2, move fakeout +1\n>p1 move tailwind, move heavyslam +2\n>p2 move bodyslam +1, move coaching -1\n>p1 switch 5, pass\n>p1 move heatwave, move protect\n>p2 move bodyslam +1, move closecombat +2\n>p1 switch 4, pass\n>p1 move closecombat +1, move heavyslam +2\n>p2 move protect, move coaching -1\n>p2 pass, switch 5\n>p1 move closecombat +1 terastallize, move bodypress +2\n>p2 move bodyslam +1, move mistball +1\n>p2 pass, switch 6\n>p1 move protect, move bodypress +1\n>p2 move bodyslam +1, move stringshot\n>p1 move knockoff +2, move heavyslam +2\n>p2 move bodyslam +1, move circlethrow +2\n>p1 switch 6, pass\n>p1 move irondefense, move eruption\n>p2 move bodyslam +2, move circlethrow +1\n>forcelose p1", "uploadtime": 1770869367, "views": 77, "formatid": "gen9randomdoublesbattle", "rating": 1518, "private": 0, "password": null}