{"id": "gen9randomdoublesbattle-2536341553", "format": "[Gen 9] Random Doubles Battle", "players": ["herodragunov", "snitker"], "log": "|j|☆herodragunov\n|j|☆snitker\n|t:|1770676666\n|gametype|doubles\n|player|p1|herodragunov|alec-anime|1565\n|player|p2|snitker|pokefan-gen4|1528\n|gen|9\n|tier|[Gen 9] Random Doubles Battle\n|rated|\n|rule|Species Clause: Limit one of each Pokémon\n|rule|HP Percentage Mod: HP is shown in percentages\n|rule|Illusion Level Mod: Illusion disguises the Pokémon's true level\n|rule|Sleep Clause Mod: Limit one foe put to sleep\n|\n|t:|1770676666\n|teamsize|p1|6\n|teamsize|p2|6\n|start\n|switch|p1a: Iron Jugulis|Iron Jugulis, L79|278/278\n|switch|p1b: Rabsca|Rabsca, L87, F|272/272\n|switch|p2a: Farigiraf|Farigiraf, L84, M|339/339\n|switch|p2b: Hitmonlee|Hitmonlee, L86, M|226/226\n|turn|1\n|inactive|Battle timer is ON: inactive players will automatically lose when time's up. (requested by snitker)\n|\n|t:|1770676692\n|move|p2b: Hitmonlee|Fake Out|p1a: Iron Jugulis\n|-damage|p1a: Iron Jugulis|239/278\n|cant|p1a: Iron Jugulis|flinch\n|move|p2a: Farigiraf|Hyper Voice|p1a: Iron Jugulis|[spread] p1a,p1b\n|-damage|p1a: Iron Jugulis|154/278\n|-damage|p1b: Rabsca|197/272\n|move|p1b: Rabsca|Psychic|p2b: Hitmonlee\n|-supereffective|p2b: Hitmonlee\n|-damage|p2b: Hitmonlee|50/226\n|\n|upkeep\n|turn|2\n|\n|t:|1770676707\n|move|p1a: Iron Jugulis|Dark Pulse|p2a: Farigiraf\n|-supereffective|p2a: Farigiraf\n|-damage|p2a: Farigiraf|48/339\n|-enditem|p2a: Farigiraf|Sitrus Berry|[eat]\n|-heal|p2a: Farigiraf|132/339|[from] item: Sitrus Berry\n|-damage|p1a: Iron Jugulis|127/278|[from] item: Life Orb\n|move|p2b: Hitmonlee|Close Combat|p1a: Iron Jugulis\n|-damage|p1a: Iron Jugulis|0 fnt\n|-unboost|p2b: Hitmonlee|def|1\n|-unboost|p2b: Hitmonlee|spd|1\n|faint|p1a: Iron Jugulis\n|-end|p1a: Iron Jugulis|Quark Drive|[silent]\n|-enditem|p2b: Hitmonlee|White Herb\n|-clearnegativeboost|p2b: Hitmonlee|[silent]\n|move|p1b: Rabsca|Psychic|p2b: Hitmonlee\n|-supereffective|p2b: Hitmonlee\n|-damage|p2b: Hitmonlee|0 fnt\n|faint|p2b: Hitmonlee\n|move|p2a: Farigiraf|Trick Room|p2a: Farigiraf\n|-fieldstart|move: Trick Room|[of] p2a: Farigiraf\n|\n|upkeep\n|inactive|herodragunov has 120 seconds left.\n|\n|t:|1770676736\n|switch|p2b: Brute Bonnet|Brute Bonnet, L80|309/309\n|switch|p1a: Reuniclus|Reuniclus, L84, M|322/322\n|turn|3\n|\n|t:|1770676752\n|move|p1a: Reuniclus|Focus Blast|p2b: Brute Bonnet\n|-supereffective|p2b: Brute Bonnet\n|-damage|p2b: Brute Bonnet|57/309\n|move|p1b: Rabsca|Struggle Bug|p2a: Farigiraf|[spread] p2a,p2b\n|-supereffective|p2a: Farigiraf\n|-supereffective|p2b: Brute Bonnet\n|-damage|p2a: Farigiraf|6/339\n|-damage|p2b: Brute Bonnet|0 fnt\n|-unboost|p2a: Farigiraf|spa|1\n|faint|p2b: Brute Bonnet\n|-end|p2b: Brute Bonnet|Protosynthesis|[silent]\n|move|p2a: Farigiraf|Hyper Voice|p1b: Rabsca|[spread] p1a,p1b\n|-damage|p1a: Reuniclus|267/322\n|-damage|p1b: Rabsca|146/272\n|\n|upkeep\n|\n|t:|1770676772\n|switch|p2b: Skuntank|Skuntank, L85, M|314/314\n|turn|4\n|\n|t:|1770676784\n|move|p2b: Skuntank|Sucker Punch|p1a: Reuniclus\n|-supereffective|p1a: Reuniclus\n|-damage|p1a: Reuniclus|30/322\n|-damage|p2b: Skuntank|283/314|[from] item: Life Orb\n|move|p1a: Reuniclus|Focus Blast|p2b: Skuntank|[miss]\n|-miss|p1a: Reuniclus|p2b: Skuntank\n|move|p1b: Rabsca|Struggle Bug|p2b: Skuntank|[spread] p2a,p2b\n|-supereffective|p2a: Farigiraf\n|-damage|p2a: Farigiraf|0 fnt\n|-damage|p2b: Skuntank|222/314\n|-unboost|p2b: Skuntank|spa|1\n|faint|p2a: Farigiraf\n|\n|upkeep\n|\n|t:|1770676806\n|switch|p2a: Tauros|Tauros-Paldea-Blaze, L79, M|248/248\n|-ability|p2a: Tauros|Intimidate|boost\n|-unboost|p1a: Reuniclus|atk|1\n|-unboost|p1b: Rabsca|atk|1\n|turn|5\n|\n|t:|1770676822\n|-terastallize|p2a: Tauros|Fire\n|move|p1a: Reuniclus|Psychic|p2a: Tauros\n|-damage|p2a: Tauros|71/248\n|-enditem|p2a: Tauros|Sitrus Berry|[eat]\n|-heal|p2a: Tauros|133/248|[from] item: Sitrus Berry\n|move|p1b: Rabsca|Revival Blessing|p1b: Rabsca\n|\n|t:|1770676830\n|-heal|p1: Iron Jugulis|139/278|[from] move: Revival Blessing\n|move|p2b: Skuntank|Knock Off|p1b: Rabsca\n|-supereffective|p1b: Rabsca\n|-damage|p1b: Rabsca|0 fnt\n|-enditem|p1b: Rabsca|Sitrus Berry|[from] move: Knock Off|[of] p2b: Skuntank\n|faint|p1b: Rabsca\n|-damage|p2b: Skuntank|191/314|[from] item: Life Orb\n|move|p2a: Tauros|Raging Bull|p1a: Reuniclus\n|-damage|p1a: Reuniclus|0 fnt\n|faint|p1a: Reuniclus\n|\n|upkeep\n|inactive|herodragunov has 120 seconds left.\n|\n|t:|1770676858\n|switch|p1a: Salamence|Salamence, L80, M|283/283\n|switch|p1b: Whiscash|Whiscash, L88, F|337/337\n|-ability|p1a: Salamence|Intimidate|boost\n|-unboost|p2a: Tauros|atk|1\n|-unboost|p2b: Skuntank|atk|1\n|turn|6\n|\n|t:|1770676875\n|switch|p2a: Mewtwo|Mewtwo, L73|275/275\n|-ability|p2a: Mewtwo|Unnerve\n|move|p1b: Whiscash|Muddy Water|p2a: Mewtwo|[spread] p2a,p2b\n|-damage|p2a: Mewtwo|199/275\n|-damage|p2b: Skuntank|103/314\n|-unboost|p2a: Mewtwo|accuracy|1\n|move|p2b: Skuntank|Knock Off|p1a: Salamence\n|-damage|p1a: Salamence|180/283\n|-enditem|p1a: Salamence|Life Orb|[from] move: Knock Off|[of] p2b: Skuntank\n|-damage|p2b: Skuntank|72/314|[from] item: Life Orb\n|move|p1a: Salamence|Tailwind|p1a: Salamence\n|-sidestart|p1: herodragunov|move: Tailwind\n|\n|-heal|p2a: Mewtwo|216/275|[from] item: Leftovers\n|-fieldend|move: Trick Room\n|upkeep\n|turn|7\n|\n|t:|1770676894\n|switch|p2a: Tauros|Tauros-Paldea-Blaze, L79, M, tera:Fire|133/248\n|-ability|p2a: Tauros|Intimidate|boost\n|-unboost|p1a: Salamence|atk|1\n|-fail|p1b: Whiscash|unboost|Attack|[from] ability: Oblivious|[of] p1b: Whiscash\n|move|p1a: Salamence|Draco Meteor|p2a: Tauros|[miss]\n|-miss|p1a: Salamence|p2a: Tauros\n|move|p1b: Whiscash|Muddy Water|p2a: Tauros|[spread] p2a,p2b\n|-supereffective|p2a: Tauros\n|-damage|p2a: Tauros|0 fnt\n|-damage|p2b: Skuntank|0 fnt\n|faint|p2a: Tauros\n|faint|p2b: Skuntank\n|\n|upkeep\n|\n|t:|1770676906\n|switch|p2b: Mewtwo|Mewtwo, L73|216/275\n|-ability|p2b: Mewtwo|Unnerve\n|turn|8\n|c|☆herodragunov|Gg fam\n|\n|t:|1770676918\n|move|p1a: Salamence|Dual Wingbeat|p2b: Mewtwo\n|-damage|p2b: Mewtwo|174/275\n|-damage|p2b: Mewtwo|135/275\n|-hitcount|p2b: Mewtwo|2\n|move|p1b: Whiscash|Icy Wind|p2b: Mewtwo\n|-damage|p2b: Mewtwo|93/275\n|-unboost|p2b: Mewtwo|spe|1\n|move|p2b: Mewtwo|Psystrike|p1a: Salamence\n|-damage|p1a: Salamence|39/283\n|\n|-heal|p2b: Mewtwo|110/275|[from] item: Leftovers\n|upkeep\n|turn|9\n|\n|t:|1770676941\n|switch|p1a: Magnezone|Magnezone, L84|255/255\n|move|p1b: Whiscash|High Horsepower|p2b: Mewtwo\n|-damage|p2b: Mewtwo|2/275\n|move|p2b: Mewtwo|Psystrike|p1a: Magnezone\n|-resisted|p1a: Magnezone\n|-damage|p1a: Magnezone|203/255\n|\n|-heal|p2b: Mewtwo|19/275|[from] item: Leftovers\n|-sideend|p1: herodragunov|move: Tailwind\n|upkeep\n|turn|10\n|\n|t:|1770676951\n|move|p1b: Whiscash|Icy Wind|p2b: Mewtwo\n|-damage|p2b: Mewtwo|0 fnt\n|faint|p2b: Mewtwo\n|\n|win|herodragunov\n|raw|herodragunov's rating: 1565 &rarr; <strong>1583</strong><br />(+18 for winning)\n|raw|snitker's rating: 1528 &rarr; <strong>1510</strong><br />(-18 for losing)\n", "inputlog": ">version ccdc32dd7cde25fd9e4bed64820e885f66e78a4e\n>start {\"formatid\":\"gen9randomdoublesbattle\",\"seed\":\"sodium,613eb9d5fe7b75122ff873ed7440849c\",\"rated\":\"Rated battle\"}\n>player p1 {\"name\":\"herodragunov\",\"avatar\":\"alec-anime\",\"rating\":1565,\"seed\":\"sodium,a66d2d0944fcc05d8ad313f02f5efeba\"}\n>player p2 {\"name\":\"snitker\",\"avatar\":\"pokefan-gen4\",\"rating\":1528,\"seed\":\"sodium,130011c35e64f18b201f3f57534af844\"}\n>p1 move darkpulse +1, move psychic +2\n>p2 move hypervoice, move fakeout +1\n>p1 move darkpulse +1, move psychic +2\n>p2 move trickroom, move closecombat +1\n>p1 switch 3, pass\n>p2 pass, switch 4\n>p1 move focusblast +2, move strugglebug\n>p2 move hypervoice, move spore +1\n>p2 pass, switch 6\n>p1 move focusblast +2, move strugglebug\n>p2 move hypervoice, move suckerpunch +1\n>p2 switch 5, pass\n>p1 move psychic +1, move revivalblessing\n>p2 move ragingbull +1 terastallize, move knockoff +2\n>p1 pass, switch 3\n>p1 switch 4, switch 5\n>p1 move tailwind, move muddywater\n>p2 switch 3, move knockoff +1\n>p1 move dracometeor +1, move muddywater\n>p2 switch 3, move gunkshot +1\n>p2 pass, switch 3\n>chat ☆herodragunov|Gg fam\n>p1 move dualwingbeat +2, move icywind\n>p2 pass, move psystrike +1\n>p1 switch 6, move highhorsepower +2\n>p2 pass, move psystrike +1\n>p1 move electroweb, move icywind\n>p2 pass, move aurasphere +1", "uploadtime": 1770676963, "views": 65, "formatid": "gen9randomdoublesbattle", "rating": 1510, "private": 0, "password": null}