{"id": "gen9randomdoublesbattle-2536419707", "format": "[Gen 9] Random Doubles Battle", "players": ["mashing a", "billy1209"], "log": "|j|☆mashing a\n|j|☆billy1209\n|t:|1770685783\n|gametype|doubles\n|player|p1|mashing a|101|1683\n|player|p2|billy1209|acetrainer-gen4dp|1681\n|gen|9\n|tier|[Gen 9] Random Doubles Battle\n|rated|\n|rule|Species Clause: Limit one of each Pokémon\n|rule|HP Percentage Mod: HP is shown in percentages\n|rule|Illusion Level Mod: Illusion disguises the Pokémon's true level\n|rule|Sleep Clause Mod: Limit one foe put to sleep\n|\n|t:|1770685783\n|teamsize|p1|6\n|teamsize|p2|6\n|start\n|switch|p1a: Illumise|Illumise, L83, F|244/244\n|switch|p1b: Skuntank|Skuntank, L85, F|314/314\n|switch|p2a: Blastoise|Blastoise, L83, F|267/267\n|switch|p2b: Kleavor|Kleavor, L79, M|240/240\n|turn|1\n|inactive|Battle timer is ON: inactive players will automatically lose when time's up. (requested by billy1209)\n|inactive|mashing a also wants the timer to be on.\n|\n|t:|1770685793\n|move|p2a: Blastoise|Fake Out|p1a: Illumise\n|-damage|p1a: Illumise|215/244\n|cant|p1a: Illumise|flinch\n|move|p1b: Skuntank|Taunt|p2a: Blastoise\n|-start|p2a: Blastoise|move: Taunt\n|move|p2b: Kleavor|Stone Axe|p1a: Illumise\n|-supereffective|p1a: Illumise\n|-damage|p1a: Illumise|0 fnt\n|-sidestart|p1: mashing a|move: Stealth Rock\n|faint|p1a: Illumise\n|-damage|p2b: Kleavor|216/240|[from] item: Life Orb\n|\n|upkeep\n|\n|t:|1770685809\n|switch|p1a: Fezandipiti|Fezandipiti, L81, M|275/275\n|-damage|p1a: Fezandipiti|241/275|[from] Stealth Rock\n|turn|2\n|inactive|billy1209 has 120 seconds left.\n|\n|t:|1770685852\n|move|p1a: Fezandipiti|Icy Wind|p2b: Kleavor|[spread] p2a,p2b\n|-resisted|p2a: Blastoise\n|-damage|p2a: Blastoise|258/267\n|-damage|p2b: Kleavor|188/240\n|-unboost|p2a: Blastoise|spe|1\n|-unboost|p2b: Kleavor|spe|1\n|-status|p2b: Kleavor|tox|[from] ability: Toxic Chain|[of] p1a: Fezandipiti\n|move|p1b: Skuntank|Knock Off|p2b: Kleavor\n|-damage|p2b: Kleavor|63/240 tox\n|-enditem|p2b: Kleavor|Life Orb|[from] move: Knock Off|[of] p1b: Skuntank\n|-damage|p1b: Skuntank|283/314|[from] item: Life Orb\n|move|p2b: Kleavor|Close Combat|p1b: Skuntank\n|-damage|p1b: Skuntank|167/314\n|-unboost|p2b: Kleavor|def|1\n|-unboost|p2b: Kleavor|spd|1\n|move|p2a: Blastoise|Icy Wind|p1b: Skuntank|[spread] p1a,p1b\n|-damage|p1a: Fezandipiti|221/275\n|-damage|p1b: Skuntank|132/314\n|-unboost|p1a: Fezandipiti|spe|1\n|-unboost|p1b: Skuntank|spe|1\n|\n|-damage|p2b: Kleavor|48/240 tox|[from] psn\n|upkeep\n|turn|3\n|inactive|billy1209 has 120 seconds left.\n|\n|t:|1770685888\n|move|p1a: Fezandipiti|Icy Wind|p2a: Blastoise|[spread] p2a,p2b\n|-resisted|p2a: Blastoise\n|-damage|p2a: Blastoise|249/267\n|-damage|p2b: Kleavor|6/240 tox\n|-unboost|p2a: Blastoise|spe|1\n|-unboost|p2b: Kleavor|spe|1\n|move|p1b: Skuntank|Knock Off|p2a: Blastoise\n|-damage|p2a: Blastoise|127/267\n|-enditem|p2a: Blastoise|Sitrus Berry|[from] move: Knock Off|[of] p1b: Skuntank\n|-damage|p1b: Skuntank|101/314|[from] item: Life Orb\n|move|p2b: Kleavor|Close Combat|p1b: Skuntank\n|-damage|p1b: Skuntank|0 fnt\n|-unboost|p2b: Kleavor|def|1\n|-unboost|p2b: Kleavor|spd|1\n|-damage|p2b: Kleavor|0 fnt|[from] ability: Aftermath|[of] p1b: Skuntank\n|faint|p1b: Skuntank\n|faint|p2b: Kleavor\n|move|p2a: Blastoise|Wave Crash|p1a: Fezandipiti\n|-damage|p1a: Fezandipiti|95/275\n|-enditem|p1a: Fezandipiti|Sitrus Berry|[eat]\n|-heal|p1a: Fezandipiti|163/275|[from] item: Sitrus Berry\n|-damage|p2a: Blastoise|85/267|[from] Recoil\n|\n|upkeep\n|inactive|mashing a has 120 seconds left.\n|\n|t:|1770685908\n|switch|p1b: Sinistcha|Sinistcha-Masterpiece, L81|248/248\n|switch|p2b: Magcargo|Magcargo, L93, F|262/262\n|-damage|p1b: Sinistcha|217/248|[from] Stealth Rock\n|-heal|p1a: Fezandipiti|231/275|[from] ability: Hospitality|[of] p1b: Sinistcha\n|turn|4\n|inactive|mashing a has 120 seconds left.\n|\n|t:|1770685943\n|switch|p1a: Reuniclus|Reuniclus, L84, F|322/322\n|-terastallize|p1b: Sinistcha|Fairy\n|move|p2b: Magcargo|Shell Smash|p2b: Magcargo\n|-unboost|p2b: Magcargo|def|1\n|-unboost|p2b: Magcargo|spd|1\n|-boost|p2b: Magcargo|atk|2\n|-boost|p2b: Magcargo|spa|2\n|-boost|p2b: Magcargo|spe|2\n|move|p2a: Blastoise|Icy Wind|p1a: Reuniclus|[spread] p1a,p1b\n|-damage|p1a: Reuniclus|292/322\n|-damage|p1b: Sinistcha|186/248\n|-unboost|p1a: Reuniclus|spe|1\n|-unboost|p1b: Sinistcha|spe|1\n|move|p1b: Sinistcha|Trick Room|p1b: Sinistcha\n|-fieldstart|move: Trick Room|[of] p1b: Sinistcha\n|\n|-end|p2a: Blastoise|move: Taunt\n|upkeep\n|turn|5\n|inactive|billy1209 has 120 seconds left.\n|\n|t:|1770685963\n|-terastallize|p2b: Magcargo|Fire\n|move|p1a: Reuniclus|Psychic|p2b: Magcargo\n|-damage|p2b: Magcargo|59/262\n|move|p1b: Sinistcha|Matcha Gotcha|p2a: Blastoise|[spread] p2b\n|-miss|p1b: Sinistcha|p2a: Blastoise\n|-resisted|p2b: Magcargo\n|-damage|p2b: Magcargo|5/262\n|-heal|p1b: Sinistcha|213/248|[from] drain|[of] p2b: Magcargo\n|move|p2a: Blastoise|Life Dew|p2a: Blastoise|[spread] p2a,p2b\n|-heal|p2a: Blastoise|152/267\n|-heal|p2b: Magcargo|71/262\n|move|p2b: Magcargo|Heat Wave|p1b: Sinistcha|[spread] p1a,p1b\n|-crit|p1b: Sinistcha\n|-damage|p1a: Reuniclus|0 fnt\n|-damage|p1b: Sinistcha|0 fnt\n|faint|p1a: Reuniclus\n|faint|p1b: Sinistcha\n|-damage|p2b: Magcargo|45/262|[from] item: Life Orb\n|\n|upkeep\n|inactive|mashing a has 120 seconds left.\n|\n|t:|1770685977\n|switch|p1a: Fezandipiti|Fezandipiti, L81, M|231/275\n|switch|p1b: Gouging Fire|Gouging Fire, L75|281/281\n|-damage|p1b: Gouging Fire|211/281|[from] Stealth Rock\n|-damage|p1a: Fezandipiti|197/275|[from] Stealth Rock\n|turn|6\n|\n|t:|1770685988\n|move|p1b: Gouging Fire|Burning Bulwark|p1b: Gouging Fire\n|-singleturn|p1b: Gouging Fire|move: Protect\n|move|p2a: Blastoise|Wave Crash|p1b: Gouging Fire\n|-activate|p1b: Gouging Fire|move: Protect\n|-status|p2a: Blastoise|brn\n|move|p1a: Fezandipiti|Moonblast|p2b: Magcargo\n|-resisted|p2b: Magcargo\n|-damage|p2b: Magcargo|0 fnt\n|faint|p2b: Magcargo\n|\n|-damage|p2a: Blastoise|136/267 brn|[from] brn\n|upkeep\n|inactive|billy1209 has 120 seconds left.\n|\n|t:|1770686032\n|switch|p2b: Mismagius|Mismagius, L88, F|249/249\n|turn|7\n|\n|t:|1770686041\n|move|p2b: Mismagius|Protect|p2b: Mismagius\n|-singleturn|p2b: Mismagius|Protect\n|move|p2a: Blastoise|Icy Wind|p1a: Fezandipiti|[spread] p1a,p1b\n|-crit|p1b: Gouging Fire\n|-damage|p1a: Fezandipiti|174/275\n|-damage|p1b: Gouging Fire|166/281\n|-unboost|p1a: Fezandipiti|spe|1\n|move|p1a: Fezandipiti|Roost|p1a: Fezandipiti\n|-heal|p1a: Fezandipiti|275/275\n|-singleturn|p1a: Fezandipiti|move: Roost\n|move|p1b: Gouging Fire|Dragon Dance|p1b: Gouging Fire\n|-boost|p1b: Gouging Fire|atk|1\n|-boost|p1b: Gouging Fire|spe|1\n|\n|-damage|p2a: Blastoise|120/267 brn|[from] brn\n|upkeep\n|turn|8\n|inactive|billy1209 has 120 seconds left.\n|\n|t:|1770686094\n|move|p1b: Gouging Fire|Burning Bulwark|p1b: Gouging Fire\n|-singleturn|p1b: Gouging Fire|move: Protect\n|move|p2a: Blastoise|Icy Wind|p1b: Gouging Fire|[spread] \n|-activate|p1b: Gouging Fire|move: Protect\n|-miss|p2a: Blastoise|p1a: Fezandipiti\n|move|p1a: Fezandipiti|Moonblast|p2b: Mismagius\n|-damage|p2b: Mismagius|182/249\n|-status|p2b: Mismagius|tox|[from] ability: Toxic Chain|[of] p1a: Fezandipiti\n|move|p2b: Mismagius|Shadow Ball|p1b: Gouging Fire\n|-activate|p1b: Gouging Fire|move: Protect\n|\n|-damage|p2b: Mismagius|167/249 tox|[from] psn\n|-damage|p2a: Blastoise|104/267 brn|[from] brn\n|-fieldend|move: Trick Room\n|upkeep\n|turn|9\n|inactive|billy1209 has 120 seconds left.\n|inactive|mashing a has 120 seconds left.\n|\n|t:|1770686124\n|move|p1b: Gouging Fire|Heat Crash|p2b: Mismagius\n|-damage|p2b: Mismagius|0 fnt\n|faint|p2b: Mismagius\n|move|p1a: Fezandipiti|Moonblast|p2a: Blastoise\n|-damage|p2a: Blastoise|34/267 brn\n|move|p2a: Blastoise|Life Dew|p2a: Blastoise\n|-heal|p2a: Blastoise|101/267 brn\n|\n|-damage|p2a: Blastoise|85/267 brn|[from] brn\n|upkeep\n|inactive|billy1209 has 90 seconds left.\n|\n|t:|1770686157\n|switch|p2b: Mightyena|Mightyena, L95, F|287/287\n|-ability|p2b: Mightyena|Intimidate|boost\n|-unboost|p1a: Fezandipiti|atk|1\n|-fail|p1b: Gouging Fire|unboost|[from] item: Clear Amulet|[of] p1b: Gouging Fire\n|turn|10\n|\n|t:|1770686171\n|move|p1b: Gouging Fire|Burning Bulwark|p1b: Gouging Fire\n|-singleturn|p1b: Gouging Fire|move: Protect\n|move|p2b: Mightyena|Crunch|p1b: Gouging Fire\n|-activate|p1b: Gouging Fire|move: Protect\n|-status|p2b: Mightyena|brn\n|move|p1a: Fezandipiti|Moonblast|p2b: Mightyena\n|-supereffective|p2b: Mightyena\n|-damage|p2b: Mightyena|99/287 brn\n|move|p2a: Blastoise|Wave Crash|p1a: Fezandipiti\n|-damage|p1a: Fezandipiti|182/275\n|-damage|p2a: Blastoise|54/267 brn|[from] Recoil\n|\n|-damage|p2b: Mightyena|82/287 brn|[from] brn\n|-damage|p2a: Blastoise|38/267 brn|[from] brn\n|upkeep\n|turn|11\n|inactive|billy1209 has 120 seconds left.\n|\n|t:|1770686192\n|move|p1b: Gouging Fire|Dragon Claw|p2b: Mightyena\n|-damage|p2b: Mightyena|0 fnt\n|faint|p2b: Mightyena\n|move|p1a: Fezandipiti|Moonblast|p2a: Blastoise\n|-damage|p2a: Blastoise|0 fnt\n|faint|p2a: Blastoise\n|\n|upkeep\n|inactive|billy1209 has 120 seconds left.\n|\n|t:|1770686202\n|switch|p2a: Tatsugiri|Tatsugiri, L84, M|251/251\n|turn|12\n|\n|t:|1770686211\n|move|p1b: Gouging Fire|Burning Bulwark|p1b: Gouging Fire\n|-singleturn|p1b: Gouging Fire|move: Protect\n|move|p2a: Tatsugiri|Draco Meteor|p1b: Gouging Fire\n|-activate|p1b: Gouging Fire|move: Protect\n|move|p1a: Fezandipiti|Icy Wind|p2a: Tatsugiri\n|-crit|p2a: Tatsugiri\n|-damage|p2a: Tatsugiri|224/251\n|-unboost|p2a: Tatsugiri|spe|1\n|\n|upkeep\n|turn|13\n|\n|t:|1770686230\n|move|p1b: Gouging Fire|Dragon Claw|p2a: Tatsugiri\n|-supereffective|p2a: Tatsugiri\n|-damage|p2a: Tatsugiri|0 fnt\n|faint|p2a: Tatsugiri\n|\n|win|mashing a\n|raw|mashing a's rating: 1683 &rarr; <strong>1703</strong><br />(+20 for winning)\n|raw|billy1209's rating: 1681 &rarr; <strong>1661</strong><br />(-20 for losing)\n|l|☆billy1209\n|player|p2|\n", "inputlog": ">version ccdc32dd7cde25fd9e4bed64820e885f66e78a4e\n>start {\"formatid\":\"gen9randomdoublesbattle\",\"seed\":\"sodium,4e67abf7ccd1fe9d15af11193c9e16a7\",\"rated\":\"Rated battle\"}\n>player p1 {\"name\":\"mashing a\",\"avatar\":\"101\",\"rating\":1683,\"seed\":\"sodium,e2d2ef7199643a0d74cd9ad2a7f1540d\"}\n>player p2 {\"name\":\"billy1209\",\"avatar\":\"acetrainer-gen4dp\",\"rating\":1681,\"seed\":\"sodium,50a156e8a9e50cf4a4cd2f2869a192bc\"}\n>p1 move tailwind, move taunt +1\n>p2 move fakeout +1, move stoneaxe +1\n>p1 switch 3, pass\n>p1 move icywind, move knockoff +2\n>p2 move icywind, move closecombat +2\n>p1 move icywind, move knockoff +1\n>p2 move wavecrash +1, move closecombat +2\n>p1 pass, switch 5\n>p2 pass, switch 3\n>p1 switch 6, move trickroom terastallize\n>p2 move icywind, move shellsmash\n>p1 move psychic +2, move matchagotcha\n>p2 move lifedew, move heatwave terastallize\n>p1 switch 6, switch 4\n>p1 move moonblast +2, move burningbulwark\n>p2 move wavecrash +2, move heatwave\n>p2 pass, switch 5\n>p1 move roost, move dragondance\n>p2 move icywind, move protect\n>p1 move moonblast +2, move burningbulwark\n>p2 move icywind, move shadowball +2\n>p1 move moonblast +1, move heatcrash +2\n>p2 move lifedew, move shadowball +2\n>p2 pass, switch 4\n>p1 move moonblast +2, move burningbulwark\n>p2 move wavecrash +1, move crunch +2\n>p1 move moonblast +1, move dragonclaw +2\n>p2 move wavecrash +1, move crunch +2\n>p2 switch 6, pass\n>p1 move icywind, move burningbulwark\n>p2 move dracometeor +2, pass\n>p1 move moonblast +1, move dragonclaw +1\n>p2 move dracometeor +2, pass", "uploadtime": 1770686238, "views": 67, "formatid": "gen9randomdoublesbattle", "rating": 1661, "private": 0, "password": null}