{"id": "gen9randomdoublesbattle-2536293872", "format": "[Gen 9] Random Doubles Battle", "players": ["mienfoo619", "megalokoi"], "log": "|j|☆mienfoo619\n|j|☆megalokoi\n|t:|1770671948\n|gametype|doubles\n|player|p1|mienfoo619|sage|1630\n|player|p2|megalokoi|backpacker|1549\n|gen|9\n|tier|[Gen 9] Random Doubles Battle\n|rated|\n|rule|Species Clause: Limit one of each Pokémon\n|rule|HP Percentage Mod: HP is shown in percentages\n|rule|Illusion Level Mod: Illusion disguises the Pokémon's true level\n|rule|Sleep Clause Mod: Limit one foe put to sleep\n|\n|t:|1770671948\n|teamsize|p1|6\n|teamsize|p2|6\n|start\n|switch|p1a: Iron Boulder|Iron Boulder, L77|265/265\n|switch|p1b: Tornadus|Tornadus-Therian, L77, M|248/248\n|switch|p2a: Entei|Entei, L77|304/304\n|switch|p2b: Wyrdeer|Wyrdeer, L85, F|314/314\n|-ability|p2b: Wyrdeer|Intimidate|boost\n|-unboost|p1a: Iron Boulder|atk|1\n|-unboost|p1b: Tornadus|atk|1\n|turn|1\n|inactive|Battle timer is ON: inactive players will automatically lose when time's up. (requested by megalokoi)\n|\n|t:|1770671975\n|switch|p2a: Dusknoir|Dusknoir, L89, F|225/225\n|-item|p1a: Iron Boulder|Life Orb|[from] ability: Frisk|[of] p2a: Dusknoir\n|-item|p1b: Tornadus|Choice Specs|[from] ability: Frisk|[of] p2a: Dusknoir\n|move|p1a: Iron Boulder|Mighty Cleave|p2a: Dusknoir\n|-damage|p2a: Dusknoir|169/225\n|-damage|p1a: Iron Boulder|239/265|[from] item: Life Orb\n|move|p1b: Tornadus|Bleakwind Storm|p2a: Dusknoir|[spread] p2a,p2b\n|-damage|p2a: Dusknoir|99/225\n|-damage|p2b: Wyrdeer|182/314\n|move|p2b: Wyrdeer|Trick Room|p2b: Wyrdeer\n|-fieldstart|move: Trick Room|[of] p2b: Wyrdeer\n|\n|upkeep\n|turn|2\n|\n|t:|1770671996\n|-end|p1a: Iron Boulder|Quark Drive|[silent]\n|switch|p1a: Scrafty|Scrafty, L83, F|244/244\n|-ability|p1a: Scrafty|Intimidate|boost\n|-unboost|p2a: Dusknoir|atk|1\n|-unboost|p2b: Wyrdeer|atk|1\n|move|p2b: Wyrdeer|Psychic|p1b: Tornadus\n|-damage|p1b: Tornadus|110/248\n|-damage|p2b: Wyrdeer|151/314|[from] item: Life Orb\n|move|p2a: Dusknoir|Will-O-Wisp|p1a: Scrafty\n|-status|p1a: Scrafty|brn\n|move|p1b: Tornadus|Bleakwind Storm|p2b: Wyrdeer|[spread] p2a,p2b\n|-damage|p2a: Dusknoir|27/225\n|-damage|p2b: Wyrdeer|39/314\n|-unboost|p2b: Wyrdeer|spe|1\n|\n|-damage|p1a: Scrafty|229/244 brn|[from] brn\n|upkeep\n|turn|3\n|inactive|mienfoo619 has 120 seconds left.\n|\n|t:|1770672029\n|switch|p2a: Alcremie|Alcremie-Mint-Cream, L90, F|263/263\n|switch|p1b: Klawf|Klawf, L91, M|275/275\n|move|p1a: Scrafty|Fake Out|p2b: Wyrdeer\n|-damage|p2b: Wyrdeer|23/314\n|cant|p2b: Wyrdeer|flinch\n|\n|-damage|p1a: Scrafty|214/244 brn|[from] brn\n|upkeep\n|turn|4\n|inactive|mienfoo619 has 120 seconds left.\n|\n|t:|1770672056\n|switch|p1a: Mismagius|Mismagius, L88, F|249/249\n|move|p2b: Wyrdeer|Earth Power|p1b: Klawf\n|-supereffective|p1b: Klawf\n|-damage|p1b: Klawf|25/275\n|-damage|p2b: Wyrdeer|0 fnt|[from] item: Life Orb\n|faint|p2b: Wyrdeer\n|move|p2a: Alcremie|Dazzling Gleam|p1a: Mismagius|[spread] p1a,p1b\n|-damage|p1a: Mismagius|186/249\n|-damage|p1b: Klawf|0 fnt\n|faint|p1b: Klawf\n|\n|upkeep\n|inactive|mienfoo619 has 120 seconds left.\n|inactive|megalokoi has 120 seconds left.\n|\n|t:|1770672070\n|switch|p2b: Dusknoir|Dusknoir, L89, F|27/225\n|switch|p1b: Scrafty|Scrafty, L83, F|214/244 brn\n|-item|p1a: Mismagius|Life Orb|[from] ability: Frisk|[of] p2b: Dusknoir\n|-item|p1b: Scrafty|Sitrus Berry|[from] ability: Frisk|[of] p2b: Dusknoir\n|-ability|p1b: Scrafty|Intimidate|boost\n|-unboost|p2a: Alcremie|atk|1\n|-unboost|p2b: Dusknoir|atk|1\n|turn|5\n|\n|t:|1770672089\n|switch|p1a: Tornadus|Tornadus-Therian, L77, M|192/248\n|move|p2b: Dusknoir|Poltergeist|p1a: Tornadus\n|-activate|p1a: Tornadus|move: Poltergeist|Choice Specs\n|-damage|p1a: Tornadus|67/248\n|-damage|p2b: Dusknoir|5/225|[from] item: Life Orb\n|move|p1b: Scrafty|Knock Off|p2a: Alcremie\n|-resisted|p2a: Alcremie\n|-damage|p2a: Alcremie|240/263\n|-enditem|p2a: Alcremie|Sitrus Berry|[from] move: Knock Off|[of] p1b: Scrafty\n|move|p2a: Alcremie|Encore|p1b: Scrafty\n|-start|p1b: Scrafty|Encore\n|\n|-damage|p1b: Scrafty|199/244 brn|[from] brn\n|-fieldend|move: Trick Room\n|upkeep\n|turn|6\n|\n|t:|1770672120\n|switch|p1b: Mismagius|Mismagius, L88, F|186/249\n|move|p2b: Dusknoir|Shadow Sneak|p1a: Tornadus\n|-damage|p1a: Tornadus|20/248\n|-damage|p2b: Dusknoir|0 fnt|[from] item: Life Orb\n|faint|p2b: Dusknoir\n|move|p1a: Tornadus|Bleakwind Storm|p2a: Alcremie\n|-damage|p2a: Alcremie|140/263\n|move|p2a: Alcremie|Dazzling Gleam|p1a: Tornadus|[spread] p1a,p1b\n|-damage|p1a: Tornadus|0 fnt\n|-damage|p1b: Mismagius|114/249\n|faint|p1a: Tornadus\n|\n|upkeep\n|inactive|mienfoo619 has 120 seconds left.\n|inactive|megalokoi has 120 seconds left.\n|\n|t:|1770672139\n|switch|p1a: Iron Boulder|Iron Boulder, L77|239/265\n|switch|p2b: Dugtrio|Dugtrio, L91, F|212/212\n|turn|7\n|\n|t:|1770672162\n|move|p2b: Dugtrio|Stomping Tantrum|p1a: Iron Boulder\n|-supereffective|p1a: Iron Boulder\n|-damage|p1a: Iron Boulder|0 fnt\n|faint|p1a: Iron Boulder\n|-end|p1a: Iron Boulder|Quark Drive|[silent]\n|-damage|p2b: Dugtrio|191/212|[from] item: Life Orb\n|move|p1b: Mismagius|Will-O-Wisp|p2b: Dugtrio\n|-status|p2b: Dugtrio|brn\n|move|p2a: Alcremie|Dazzling Gleam|p1b: Mismagius\n|-damage|p1b: Mismagius|20/249\n|\n|-damage|p2b: Dugtrio|178/212 brn|[from] brn\n|upkeep\n|\n|t:|1770672174\n|switch|p1a: Scrafty|Scrafty, L83, F|199/244 brn\n|-ability|p1a: Scrafty|Intimidate|boost\n|-unboost|p2a: Alcremie|atk|1\n|-unboost|p2b: Dugtrio|atk|1\n|turn|8\n|\n|t:|1770672183\n|move|p2b: Dugtrio|Protect|p2b: Dugtrio\n|-singleturn|p2b: Dugtrio|Protect\n|move|p2a: Alcremie|Protect|p2a: Alcremie\n|-singleturn|p2a: Alcremie|Protect\n|move|p1a: Scrafty|Fake Out|p2b: Dugtrio\n|-activate|p2b: Dugtrio|move: Protect\n|move|p1b: Mismagius|Shadow Ball|p2a: Alcremie\n|-activate|p2a: Alcremie|move: Protect\n|\n|-damage|p2b: Dugtrio|165/212 brn|[from] brn\n|-damage|p1a: Scrafty|184/244 brn|[from] brn\n|upkeep\n|turn|9\n|\n|t:|1770672205\n|move|p2b: Dugtrio|Rock Slide|p1a: Scrafty|[spread] p1a,p1b\n|-resisted|p1a: Scrafty\n|-damage|p1a: Scrafty|176/244 brn\n|-damage|p1b: Mismagius|0 fnt\n|faint|p1b: Mismagius\n|-damage|p2b: Dugtrio|144/212 brn|[from] item: Life Orb\n|move|p2a: Alcremie|Encore|p1a: Scrafty\n|-start|p1a: Scrafty|Encore\n|cant|p1a: Scrafty|flinch\n|\n|-damage|p2b: Dugtrio|131/212 brn|[from] brn\n|-damage|p1a: Scrafty|161/244 brn|[from] brn\n|upkeep\n|c|☆mienfoo619|gg\n|-message|mienfoo619 forfeited.\n|\n|win|megalokoi\n|raw|mienfoo619's rating: 1630 &rarr; <strong>1605</strong><br />(-25 for losing)\n|raw|megalokoi's rating: 1549 &rarr; <strong>1574</strong><br />(+25 for winning)\n", "inputlog": ">version ccdc32dd7cde25fd9e4bed64820e885f66e78a4e\n>start {\"formatid\":\"gen9randomdoublesbattle\",\"seed\":\"sodium,5e7a6ddad542d978e48a9ffa589582d7\",\"rated\":\"Rated battle\"}\n>player p1 {\"name\":\"mienfoo619\",\"avatar\":\"sage\",\"rating\":1630,\"seed\":\"sodium,5cb8d15f08ca7f24f6ee2fe6793cea3f\"}\n>player p2 {\"name\":\"megalokoi\",\"avatar\":\"backpacker\",\"rating\":1549,\"seed\":\"sodium,e8077ee8406cc57b0ac502755de96306\"}\n>p1 move mightycleave +1, move bleakwindstorm\n>p2 switch 5, move trickroom\n>p1 switch 5, move bleakwindstorm\n>p2 move willowisp +1, move psychic +2\n>p1 move fakeout +2, switch 6\n>p2 switch 4, move psychic +2\n>p1 switch 4, move rockslide\n>p2 move dazzlinggleam, move earthpower +2\n>p1 pass, switch 4\n>p2 pass, switch 4\n>p1 switch 6, move knockoff +1\n>p2 move encore +2, move poltergeist +1\n>p1 move bleakwindstorm, switch 6\n>p2 move dazzlinggleam, move shadowsneak +1\n>p1 switch 5, pass\n>p2 pass, switch 6\n>p1 move mightycleave +1, move willowisp +2\n>p2 move dazzlinggleam, move stompingtantrum +1\n>p1 switch 6, pass\n>p1 move fakeout +2, move shadowball +1\n>p2 move protect, move protect\n>p1 move closecombat +2, move shadowball +1\n>p2 move encore +1, move rockslide\n>chat ☆mienfoo619|gg\n>forcelose p1", "uploadtime": 1770672222, "views": 66, "formatid": "gen9randomdoublesbattle", "rating": 1574, "private": 0, "password": null}