{"id": "gen9randomdoublesbattle-2539159549", "format": "[Gen 9] Random Doubles Battle", "players": ["Tosukana", "Acohthree"], "log": "|j|☆Tosukana\n|j|☆Acohthree\n|t:|1771017652\n|gametype|doubles\n|player|p1|Tosukana|ghetsis-gen5bw|1570\n|player|p2|Acohthree|pokemaniac|1613\n|gen|9\n|tier|[Gen 9] Random Doubles Battle\n|rated|\n|rule|Species Clause: Limit one of each Pokémon\n|rule|HP Percentage Mod: HP is shown in percentages\n|rule|Illusion Level Mod: Illusion disguises the Pokémon's true level\n|rule|Sleep Clause Mod: Limit one foe put to sleep\n|\n|t:|1771017652\n|teamsize|p1|6\n|teamsize|p2|6\n|start\n|switch|p1a: Mandibuzz|Mandibuzz, L85, F|326/326\n|switch|p1b: Mightyena|Mightyena, L95, M|287/287\n|switch|p2a: Flygon|Flygon, L83, M|268/268\n|switch|p2b: Darkrai|Darkrai, L80|243/243\n|-ability|p1b: Mightyena|Intimidate|boost\n|-unboost|p2a: Flygon|atk|1\n|-unboost|p2b: Darkrai|atk|1\n|turn|1\n|\n|t:|1771017699\n|move|p2b: Darkrai|Sludge Bomb|p1b: Mightyena\n|-damage|p1b: Mightyena|165/287\n|-status|p1b: Mightyena|psn\n|-damage|p2b: Darkrai|219/243|[from] item: Life Orb\n|move|p2a: Flygon|Tailwind|p2a: Flygon\n|-sidestart|p2: Acohthree|move: Tailwind\n|move|p1b: Mightyena|Howl|p1b: Mightyena|[spread] p1a,p1b\n|-boost|p1a: Mandibuzz|atk|1\n|-boost|p1b: Mightyena|atk|1\n|move|p1a: Mandibuzz|Tailwind|p1a: Mandibuzz\n|-sidestart|p1: Tosukana|move: Tailwind\n|\n|-damage|p1b: Mightyena|130/287 psn|[from] psn\n|upkeep\n|turn|2\n|\n|t:|1771017714\n|move|p1b: Mightyena|Sucker Punch|p2a: Flygon\n|-damage|p2a: Flygon|93/268\n|-enditem|p2a: Flygon|Sitrus Berry|[eat]\n|-heal|p2a: Flygon|160/268|[from] item: Sitrus Berry\n|-damage|p1b: Mightyena|102/287 psn|[from] item: Life Orb\n|move|p2b: Darkrai|Sludge Bomb|p1a: Mandibuzz\n|-damage|p1a: Mandibuzz|239/326\n|-damage|p2b: Darkrai|195/243|[from] item: Life Orb\n|move|p2a: Flygon|Breaking Swipe|p1a: Mandibuzz|[spread] p1a,p1b\n|-damage|p1a: Mandibuzz|212/326\n|-damage|p1b: Mightyena|66/287 psn\n|-unboost|p1a: Mandibuzz|atk|1\n|-unboost|p1b: Mightyena|atk|1\n|move|p1a: Mandibuzz|Brave Bird|p2b: Darkrai\n|-damage|p2b: Darkrai|90/243\n|-damage|p1a: Mandibuzz|177/326|[from] Recoil\n|\n|-damage|p1b: Mightyena|31/287 psn|[from] psn\n|upkeep\n|turn|3\n|\n|t:|1771017733\n|move|p1b: Mightyena|Sucker Punch|p2a: Flygon\n|-damage|p2a: Flygon|34/268\n|-damage|p1b: Mightyena|3/287 psn|[from] item: Life Orb\n|move|p2b: Darkrai|Substitute|p2b: Darkrai\n|-start|p2b: Darkrai|Substitute\n|-damage|p2b: Darkrai|30/243\n|move|p2a: Flygon|Breaking Swipe|p1a: Mandibuzz|[spread] p1a,p1b\n|-damage|p1a: Mandibuzz|146/326\n|-damage|p1b: Mightyena|0 fnt\n|-unboost|p1a: Mandibuzz|atk|1\n|-enditem|p1a: Mandibuzz|Sitrus Berry|[eat]\n|-heal|p1a: Mandibuzz|227/326|[from] item: Sitrus Berry\n|faint|p1b: Mightyena\n|move|p1a: Mandibuzz|Brave Bird|p2a: Flygon\n|-crit|p2a: Flygon\n|-damage|p2a: Flygon|0 fnt\n|faint|p2a: Flygon\n|-damage|p1a: Mandibuzz|216/326|[from] Recoil\n|\n|upkeep\n|\n|t:|1771017748\n|switch|p2a: Kleavor|Kleavor, L79, M|240/240\n|switch|p1b: Bronzong|Bronzong, L87|258/258\n|turn|4\n|\n|t:|1771017785\n|-terastallize|p1a: Mandibuzz|Steel\n|move|p2b: Darkrai|Dark Pulse|p1b: Bronzong\n|-supereffective|p1b: Bronzong\n|-damage|p1b: Bronzong|45/258\n|-damage|p2b: Darkrai|6/243|[from] item: Life Orb\n|move|p1a: Mandibuzz|Roost|p1a: Mandibuzz\n|-heal|p1a: Mandibuzz|326/326\n|move|p2a: Kleavor|Stone Axe|p1a: Mandibuzz|[miss]\n|-miss|p2a: Kleavor|p1a: Mandibuzz\n|move|p1b: Bronzong|Trick Room|p1b: Bronzong\n|-fieldstart|move: Trick Room|[of] p1b: Bronzong\n|\n|-heal|p1b: Bronzong|61/258|[from] item: Leftovers\n|-sideend|p2: Acohthree|move: Tailwind\n|-sideend|p1: Tosukana|move: Tailwind\n|upkeep\n|turn|5\n|\n|t:|1771017809\n|move|p2b: Darkrai|Protect|p2b: Darkrai\n|-singleturn|p2b: Darkrai|Protect\n|move|p1b: Bronzong|Body Press|p2b: Darkrai\n|-activate|p2b: Darkrai|move: Protect\n|move|p2a: Kleavor|Stone Axe|p1b: Bronzong\n|-resisted|p1b: Bronzong\n|-damage|p1b: Bronzong|5/258\n|-sidestart|p1: Tosukana|move: Stealth Rock\n|-damage|p2a: Kleavor|216/240|[from] item: Life Orb\n|move|p1a: Mandibuzz|Knock Off|p2b: Darkrai\n|-activate|p2b: Darkrai|move: Protect\n|\n|-heal|p1b: Bronzong|21/258|[from] item: Leftovers\n|upkeep\n|turn|6\n|inactive|Battle timer is ON: inactive players will automatically lose when time's up. (requested by Tosukana)\n|\n|t:|1771017835\n|move|p1b: Bronzong|Iron Head|p2b: Darkrai\n|-end|p2b: Darkrai|Substitute\n|move|p2a: Kleavor|Close Combat|p1a: Mandibuzz\n|-supereffective|p1a: Mandibuzz\n|-damage|p1a: Mandibuzz|95/326\n|-unboost|p2a: Kleavor|def|1\n|-unboost|p2a: Kleavor|spd|1\n|-damage|p2a: Kleavor|192/240|[from] item: Life Orb\n|move|p1a: Mandibuzz|Brave Bird|p2b: Darkrai\n|-damage|p2b: Darkrai|0 fnt\n|faint|p2b: Darkrai\n|-damage|p1a: Mandibuzz|93/326|[from] Recoil\n|\n|-heal|p1b: Bronzong|37/258|[from] item: Leftovers\n|upkeep\n|\n|t:|1771017842\n|switch|p2b: Magmar|Magmar, L84, M|246/246\n|turn|7\n|\n|t:|1771017855\n|move|p2b: Magmar|Follow Me|p2b: Magmar\n|-singleturn|p2b: Magmar|move: Follow Me\n|move|p1b: Bronzong|Iron Head|p2b: Magmar\n|-resisted|p2b: Magmar\n|-crit|p2b: Magmar\n|-damage|p2b: Magmar|192/246\n|move|p2a: Kleavor|X-Scissor|p1b: Bronzong\n|-damage|p1b: Bronzong|0 fnt\n|faint|p1b: Bronzong\n|-damage|p2a: Kleavor|168/240|[from] item: Life Orb\n|move|p1a: Mandibuzz|Knock Off|p2b: Magmar\n|-damage|p2b: Magmar|138/246\n|-enditem|p2b: Magmar|Eviolite|[from] move: Knock Off|[of] p1a: Mandibuzz\n|\n|upkeep\n|\n|t:|1771017861\n|switch|p1b: Sunflora|Sunflora, M|312/312\n|-damage|p1b: Sunflora|273/312|[from] Stealth Rock\n|turn|8\n|\n|t:|1771017875\n|move|p1b: Sunflora|Leaf Storm|p2a: Kleavor\n|-damage|p2a: Kleavor|0 fnt\n|-unboost|p1b: Sunflora|spa|2\n|faint|p2a: Kleavor\n|-damage|p1b: Sunflora|242/312|[from] item: Life Orb\n|move|p1a: Mandibuzz|Brave Bird|p2b: Magmar\n|-damage|p2b: Magmar|51/246\n|-damage|p1a: Mandibuzz|64/326|[from] Recoil\n|move|p2b: Magmar|Heat Wave|p1a: Mandibuzz|[spread] p1a,p1b\n|-supereffective|p1a: Mandibuzz\n|-supereffective|p1b: Sunflora\n|-crit|p1b: Sunflora\n|-damage|p1a: Mandibuzz|0 fnt\n|-damage|p1b: Sunflora|24/312\n|faint|p1a: Mandibuzz\n|\n|-fieldend|move: Trick Room\n|upkeep\n|\n|t:|1771017889\n|switch|p1a: Dugtrio|Dugtrio-Alola, L89, M|207/207\n|switch|p2a: Venusaur|Venusaur, L86, M|278/278\n|-damage|p1a: Dugtrio|201/207|[from] Stealth Rock\n|turn|9\n|\n|t:|1771017903\n|move|p2b: Magmar|Protect|p2b: Magmar\n|-singleturn|p2b: Magmar|Protect\n|move|p1a: Dugtrio|Stomping Tantrum|p2b: Magmar\n|-activate|p2b: Magmar|move: Protect\n|move|p2a: Venusaur|Giga Drain|p1a: Dugtrio\n|-damage|p1a: Dugtrio|68/207\n|-damage|p2a: Venusaur|251/278|[from] item: Life Orb\n|move|p1b: Sunflora|Earth Power|p2a: Venusaur\n|-damage|p2a: Venusaur|194/278\n|-damage|p1b: Sunflora|0 fnt|[from] item: Life Orb\n|faint|p1b: Sunflora\n|\n|upkeep\n|\n|t:|1771017905\n|switch|p1b: Great Tusk|Great Tusk, L81|319/319\n|-damage|p1b: Great Tusk|310/319|[from] Stealth Rock\n|turn|10\n|\n|t:|1771017920\n|-terastallize|p2a: Venusaur|Water\n|move|p1a: Dugtrio|Protect|p1a: Dugtrio\n|-singleturn|p1a: Dugtrio|Protect\n|move|p2b: Magmar|Follow Me|p2b: Magmar\n|-singleturn|p2b: Magmar|move: Follow Me\n|move|p1b: Great Tusk|Rock Slide|p2a: Venusaur|[spread] p2a,p2b\n|-supereffective|p2b: Magmar\n|-damage|p2a: Venusaur|145/278\n|-damage|p2b: Magmar|0 fnt\n|faint|p2b: Magmar\n|cant|p2a: Venusaur|flinch\n|\n|upkeep\n|\n|t:|1771017935\n|switch|p2b: Tyranitar|Tyranitar, L81, M|295/295\n|-weather|Sandstorm|[from] ability: Sand Stream|[of] p2b: Tyranitar\n|turn|11\n|inactive|Acohthree has 120 seconds left.\n|\n|t:|1771017967\n|move|p1a: Dugtrio|Stomping Tantrum|p2a: Venusaur\n|-damage|p2a: Venusaur|23/278\n|-damage|p1a: Dugtrio|48/207|[from] item: Life Orb\n|move|p1b: Great Tusk|Close Combat|p2b: Tyranitar\n|-supereffective|p2b: Tyranitar\n|-damage|p2b: Tyranitar|0 fnt\n|-unboost|p1b: Great Tusk|def|1\n|-unboost|p1b: Great Tusk|spd|1\n|faint|p2b: Tyranitar\n|move|p2a: Venusaur|Giga Drain|p1b: Great Tusk\n|-supereffective|p1b: Great Tusk\n|-damage|p1b: Great Tusk|0 fnt\n|-heal|p2a: Venusaur|178/278|[from] drain|[of] p1b: Great Tusk\n|faint|p1b: Great Tusk\n|-end|p1b: Great Tusk|Protosynthesis|[silent]\n|-damage|p2a: Venusaur|151/278|[from] item: Life Orb\n|\n|-weather|Sandstorm|[upkeep]\n|-damage|p2a: Venusaur|134/278|[from] Sandstorm\n|upkeep\n|turn|12\n|\n|t:|1771017980\n|move|p1a: Dugtrio|Protect|p1a: Dugtrio\n|-singleturn|p1a: Dugtrio|Protect\n|move|p2a: Venusaur|Giga Drain|p1a: Dugtrio\n|-activate|p1a: Dugtrio|move: Protect\n|\n|-weather|Sandstorm|[upkeep]\n|-damage|p2a: Venusaur|117/278|[from] Sandstorm\n|upkeep\n|turn|13\n|\n|t:|1771017987\n|move|p1a: Dugtrio|Stomping Tantrum|p2a: Venusaur\n|-damage|p2a: Venusaur|0 fnt\n|faint|p2a: Venusaur\n|-damage|p1a: Dugtrio|28/207|[from] item: Life Orb\n|\n|win|Tosukana\n|raw|Tosukana's rating: 1570 &rarr; <strong>1592</strong><br />(+22 for winning)\n|raw|Acohthree's rating: 1613 &rarr; <strong>1591</strong><br />(-22 for losing)\n|l|☆Acohthree\n|player|p2|\n", "inputlog": ">version ccdc32dd7cde25fd9e4bed64820e885f66e78a4e\n>start {\"formatid\":\"gen9randomdoublesbattle\",\"seed\":\"sodium,c46c9a9edfec469ea0505350ee2ead4f\",\"rated\":\"Rated battle\"}\n>player p1 {\"name\":\"Tosukana\",\"avatar\":\"ghetsis-gen5bw\",\"rating\":1570,\"seed\":\"sodium,b0a4bbc4a3e37cb4511b9926623f85bc\"}\n>player p2 {\"name\":\"Acohthree\",\"avatar\":\"pokemaniac\",\"rating\":1613,\"seed\":\"sodium,9f4d34cabe4bd83cd827c5910312c36d\"}\n>p1 move tailwind, move howl\n>p2 move tailwind, move sludgebomb +2\n>p1 move bravebird +2, move suckerpunch +1\n>p2 move breakingswipe, move sludgebomb +1\n>p1 move bravebird +1, move suckerpunch +1\n>p2 move breakingswipe, move substitute\n>p1 pass, switch 5\n>p2 switch 3, pass\n>p1 move roost terastallize, move trickroom\n>p2 move stoneaxe +1, move darkpulse +2\n>p1 move knockoff +2, move bodypress +2\n>p2 move stoneaxe +2, move protect\n>p1 move bravebird +2, move ironhead +2\n>p2 move closecombat +1, move darkpulse +1\n>p2 pass, switch 4\n>p1 move knockoff +2, move ironhead +1\n>p2 move xscissor +2, move followme\n>p1 pass, switch 6\n>p1 move bravebird +2, move leafstorm +1\n>p2 move xscissor +2, move heatwave\n>p1 switch 4, pass\n>p2 switch 5, pass\n>p1 move stompingtantrum +2, move earthpower +1\n>p2 move gigadrain +1, move protect\n>p1 pass, switch 3\n>p1 move protect, move rockslide\n>p2 move gigadrain +2 terastallize, move followme\n>p2 pass, switch 6\n>p1 move stompingtantrum +1, move closecombat +2\n>p2 move gigadrain +2, move highhorsepower +1\n>p1 move protect, pass\n>p2 move gigadrain +1, pass\n>p1 move stompingtantrum +1, pass\n>p2 move gigadrain +1, pass", "uploadtime": 1771017994, "views": 84, "formatid": "gen9randomdoublesbattle", "rating": 1591, "private": 0, "password": null}