{"id": "gen9randomdoublesbattle-2537038824", "format": "[Gen 9] Random Doubles Battle", "players": ["thx4damemes", "rocci"], "log": "|j|☆thx4damemes\n|j|☆rocci\n|t:|1770759310\n|gametype|doubles\n|player|p1|thx4damemes|ninjaboy|1631\n|player|p2|rocci|beauty-gen4dp|1554\n|gen|9\n|tier|[Gen 9] Random Doubles Battle\n|rated|\n|rule|Species Clause: Limit one of each Pokémon\n|rule|HP Percentage Mod: HP is shown in percentages\n|rule|Illusion Level Mod: Illusion disguises the Pokémon's true level\n|rule|Sleep Clause Mod: Limit one foe put to sleep\n|\n|t:|1770759310\n|teamsize|p1|6\n|teamsize|p2|6\n|start\n|switch|p1a: Hippowdon|Hippowdon, L86, F|326/326\n|switch|p1b: Duraludon|Duraludon, L83, F|252/252\n|switch|p2a: Volcanion|Volcanion, L75|244/244\n|switch|p2b: Iron Treads|Iron Treads, L81|278/278\n|-weather|Sandstorm|[from] ability: Sand Stream|[of] p1a: Hippowdon\n|turn|1\n|\n|t:|1770759348\n|move|p2b: Iron Treads|High Horsepower|p1b: Duraludon\n|-supereffective|p1b: Duraludon\n|-damage|p1b: Duraludon|138/252\n|move|p1b: Duraludon|Iron Defense|p1b: Duraludon\n|-boost|p1b: Duraludon|def|2\n|move|p2a: Volcanion|Earth Power|p1b: Duraludon\n|-supereffective|p1b: Duraludon\n|-damage|p1b: Duraludon|2/252\n|move|p1a: Hippowdon|High Horsepower|p2a: Volcanion\n|-supereffective|p2a: Volcanion\n|-damage|p2a: Volcanion|52/244\n|\n|-weather|Sandstorm|[upkeep]\n|-damage|p2a: Volcanion|37/244|[from] Sandstorm\n|upkeep\n|turn|2\n|\n|t:|1770759372\n|switch|p1b: Toucannon|Toucannon, L87, F|281/281\n|move|p2b: Iron Treads|Rapid Spin|p1b: Toucannon\n|-damage|p1b: Toucannon|240/281\n|-boost|p2b: Iron Treads|spe|1\n|move|p2a: Volcanion|Steam Eruption|p1a: Hippowdon\n|-supereffective|p1a: Hippowdon\n|-damage|p1a: Hippowdon|72/326\n|move|p1a: Hippowdon|High Horsepower|p2a: Volcanion\n|-supereffective|p2a: Volcanion\n|-damage|p2a: Volcanion|0 fnt\n|faint|p2a: Volcanion\n|\n|-weather|Sandstorm|[upkeep]\n|-damage|p1b: Toucannon|223/281|[from] Sandstorm\n|-heal|p1a: Hippowdon|92/326|[from] item: Leftovers\n|upkeep\n|inactive|Battle timer is ON: inactive players will automatically lose when time's up. (requested by thx4damemes)\n|\n|t:|1770759401\n|switch|p2a: Floatzel|Floatzel, L86, M|286/286\n|turn|3\n|\n|t:|1770759422\n|switch|p1a: Duraludon|Duraludon, L83, F|2/252\n|move|p2b: Iron Treads|Iron Head|p1b: Toucannon\n|-damage|p1b: Toucannon|133/281\n|move|p2a: Floatzel|Wave Crash|p1a: Duraludon\n|-resisted|p1a: Duraludon\n|-damage|p1a: Duraludon|0 fnt\n|faint|p1a: Duraludon\n|-damage|p2a: Floatzel|285/286|[from] Recoil\n|-damage|p2a: Floatzel|257/286|[from] item: Life Orb\n|move|p1b: Toucannon|Bullet Seed|p2a: Floatzel\n|-supereffective|p2a: Floatzel\n|-damage|p2a: Floatzel|174/286\n|-supereffective|p2a: Floatzel\n|-damage|p2a: Floatzel|93/286\n|-supereffective|p2a: Floatzel\n|-damage|p2a: Floatzel|12/286\n|-supereffective|p2a: Floatzel\n|-damage|p2a: Floatzel|0 fnt\n|faint|p2a: Floatzel\n|-hitcount|p2: Floatzel|4\n|-damage|p1b: Toucannon|105/281|[from] item: Life Orb\n|\n|-weather|Sandstorm|[upkeep]\n|-damage|p1b: Toucannon|88/281|[from] Sandstorm\n|upkeep\n|inactive|rocci has 120 seconds left.\n|\n|t:|1770759445\n|switch|p2a: Furret|Furret, L98, M|325/325\n|switch|p1a: Suicune|Suicune, L79|288/288\n|-item|p1a: Suicune|Sitrus Berry|[from] ability: Frisk|[of] p2a: Furret\n|-item|p1b: Toucannon|Life Orb|[from] ability: Frisk|[of] p2a: Furret\n|turn|4\n|inactive|rocci has 120 seconds left.\n|\n|t:|1770759483\n|move|p2b: Iron Treads|Knock Off|p1a: Suicune\n|-damage|p1a: Suicune|228/288\n|-enditem|p1a: Suicune|Sitrus Berry|[from] move: Knock Off|[of] p2b: Iron Treads\n|move|p2a: Furret|Body Slam|p1a: Suicune\n|-damage|p1a: Suicune|146/288\n|move|p1a: Suicune|Scald|p2b: Iron Treads\n|-supereffective|p2b: Iron Treads\n|-damage|p2b: Iron Treads|156/278\n|move|p1b: Toucannon|Bullet Seed|p2b: Iron Treads\n|-damage|p2b: Iron Treads|129/278\n|-damage|p2b: Iron Treads|106/278\n|-crit|p2b: Iron Treads\n|-damage|p2b: Iron Treads|70/278\n|-damage|p2b: Iron Treads|48/278\n|-damage|p2b: Iron Treads|22/278\n|-hitcount|p2b: Iron Treads|5\n|-damage|p1b: Toucannon|60/281|[from] item: Life Orb\n|\n|-weather|Sandstorm|[upkeep]\n|-damage|p2a: Furret|305/325|[from] Sandstorm\n|-damage|p1a: Suicune|128/288|[from] Sandstorm\n|-damage|p1b: Toucannon|43/281|[from] Sandstorm\n|upkeep\n|turn|5\n|inactive|rocci has 120 seconds left.\n|\n|t:|1770759511\n|move|p1a: Suicune|Protect|p1a: Suicune\n|-singleturn|p1a: Suicune|Protect\n|move|p2b: Iron Treads|Iron Head|p1b: Toucannon\n|-damage|p1b: Toucannon|0 fnt\n|faint|p1b: Toucannon\n|move|p2a: Furret|Body Slam|p1a: Suicune\n|-activate|p1a: Suicune|move: Protect\n|\n|-weather|none\n|upkeep\n|\n|t:|1770759519\n|switch|p1b: Crawdaunt|Crawdaunt, L87, F|251/251\n|turn|6\n|inactive|rocci has 120 seconds left.\n|\n|t:|1770759544\n|move|p2a: Furret|Follow Me|p2a: Furret\n|-singleturn|p2a: Furret|move: Follow Me\n|move|p1b: Crawdaunt|Aqua Jet|p2a: Furret\n|-damage|p2a: Furret|191/325\n|move|p2b: Iron Treads|High Horsepower|p1a: Suicune\n|-damage|p1a: Suicune|32/288\n|move|p1a: Suicune|Scald|p2a: Furret\n|-damage|p2a: Furret|107/325\n|-enditem|p2a: Furret|Sitrus Berry|[eat]\n|-heal|p2a: Furret|188/325|[from] item: Sitrus Berry\n|\n|upkeep\n|turn|7\n|\n|t:|1770759568\n|move|p2a: Furret|Follow Me|p2a: Furret\n|-singleturn|p2a: Furret|move: Follow Me\n|move|p1b: Crawdaunt|Aqua Jet|p2a: Furret\n|-damage|p2a: Furret|68/325\n|move|p2b: Iron Treads|High Horsepower|p1b: Crawdaunt\n|-damage|p1b: Crawdaunt|139/251\n|move|p1a: Suicune|Scald|p2a: Furret\n|-damage|p2a: Furret|0 fnt\n|faint|p2a: Furret\n|\n|upkeep\n|inactive|rocci has 120 seconds left.\n|\n|t:|1770759586\n|switch|p2a: Jirachi|Jirachi, L80|291/291\n|turn|8\n|\n|t:|1770759601\n|-end|p2b: Iron Treads|Quark Drive|[silent]\n|switch|p2b: Indeedee|Indeedee-F, L91, F|275/275\n|-fieldstart|move: Psychic Terrain|[from] ability: Psychic Surge|[of] p2b: Indeedee\n|move|p1b: Crawdaunt|Aqua Jet|p2b: Indeedee\n|-activate|p2b: Indeedee|move: Psychic Terrain\n|move|p2a: Jirachi|Psychic|p1a: Suicune\n|-damage|p1a: Suicune|0 fnt\n|faint|p1a: Suicune\n|\n|upkeep\n|\n|t:|1770759613\n|switch|p1a: Hippowdon|Hippowdon, L86, F|92/326\n|-weather|Sandstorm|[from] ability: Sand Stream|[of] p1a: Hippowdon\n|turn|9\n|\n|t:|1770759625\n|switch|p1b: Cetitan|Cetitan, L83, F|418/418\n|move|p2a: Jirachi|Psychic|p1a: Hippowdon\n|-damage|p1a: Hippowdon|0 fnt\n|faint|p1a: Hippowdon\n|move|p2b: Indeedee|Psychic|p1b: Cetitan\n|-crit|p1b: Cetitan\n|-damage|p1b: Cetitan|133/418\n|\n|-weather|Sandstorm|[upkeep]\n|-damage|p2b: Indeedee|258/275|[from] Sandstorm\n|-damage|p1b: Cetitan|107/418|[from] Sandstorm\n|upkeep\n|\n|t:|1770759635\n|switch|p1a: Crawdaunt|Crawdaunt, L87, F|139/251\n|turn|10\n|c|☆thx4damemes|gg\n|inactive|rocci has 120 seconds left.\n|\n|t:|1770759686\n|move|p2a: Jirachi|Psychic|p1b: Cetitan\n|-damage|p1b: Cetitan|0 fnt\n|faint|p1b: Cetitan\n|move|p2b: Indeedee|Psychic|p1a: Crawdaunt\n|-immune|p1a: Crawdaunt\n|move|p1a: Crawdaunt|Knock Off|p2b: Indeedee\n|-supereffective|p2b: Indeedee\n|-damage|p2b: Indeedee|0 fnt\n|-enditem|p2b: Indeedee|Sitrus Berry|[from] move: Knock Off|[of] p1a: Crawdaunt\n|faint|p2b: Indeedee\n|\n|-weather|Sandstorm|[upkeep]\n|-damage|p1a: Crawdaunt|124/251|[from] Sandstorm\n|upkeep\n|\n|t:|1770759695\n|switch|p2b: Iron Treads|Iron Treads, L81|22/278\n|turn|11\n|inactive|rocci has 120 seconds left.\n|\n|t:|1770759708\n|-terastallize|p2a: Jirachi|Steel\n|move|p2a: Jirachi|Psychic|p1a: Crawdaunt\n|-immune|p1a: Crawdaunt\n|move|p2b: Iron Treads|Knock Off|p2a: Jirachi\n|-damage|p2a: Jirachi|225/291\n|-enditem|p2a: Jirachi|Choice Scarf|[from] move: Knock Off|[of] p2b: Iron Treads\n|move|p1a: Crawdaunt|Knock Off|p2a: Jirachi\n|-damage|p2a: Jirachi|69/291\n|\n|-weather|Sandstorm|[upkeep]\n|-damage|p1a: Crawdaunt|109/251|[from] Sandstorm\n|upkeep\n|turn|12\n|\n|t:|1770759726\n|move|p2b: Iron Treads|High Horsepower|p1a: Crawdaunt\n|-damage|p1a: Crawdaunt|3/251\n|move|p2a: Jirachi|Thunderbolt|p1a: Crawdaunt\n|-supereffective|p1a: Crawdaunt\n|-damage|p1a: Crawdaunt|0 fnt\n|faint|p1a: Crawdaunt\n|\n|win|rocci\n|raw|thx4damemes's rating: 1631 &rarr; <strong>1607</strong><br />(-24 for losing)\n|raw|rocci's rating: 1554 &rarr; <strong>1578</strong><br />(+24 for winning)\n|l|☆thx4damemes\n|player|p1|\n|c|☆rocci|ggwp\n", "inputlog": ">version ccdc32dd7cde25fd9e4bed64820e885f66e78a4e\n>start {\"formatid\":\"gen9randomdoublesbattle\",\"seed\":\"sodium,b09cce6995de9af5ae9ee95f5bc28671\",\"rated\":\"Rated battle\"}\n>player p1 {\"name\":\"thx4damemes\",\"avatar\":\"ninjaboy\",\"rating\":1631,\"seed\":\"sodium,9699b8d5a728db8ee82f5b8de428c1dd\"}\n>player p2 {\"name\":\"rocci\",\"avatar\":\"beauty-gen4dp\",\"rating\":1554,\"seed\":\"sodium,11a8d0340c8826c4686ede8dec7163d6\"}\n>p1 move highhorsepower +1, move irondefense\n>p2 move earthpower +2, move highhorsepower +2\n>p1 move highhorsepower +1, switch 3\n>p2 move steameruption +1, move rapidspin +2\n>p2 switch 4, pass\n>p1 switch 3, move bulletseed +1\n>p2 move wavecrash +1, move ironhead +2\n>p1 switch 4, pass\n>p2 switch 5, pass\n>p1 move scald +2, move bulletseed +2\n>p2 move bodyslam +1, move knockoff +1\n>p1 move protect, move tailwind\n>p2 move bodyslam +1, move ironhead +2\n>p1 pass, switch 5\n>p1 move scald +1, move aquajet +2\n>p2 move followme, move highhorsepower +1\n>p1 move scald +1, move aquajet +2\n>p2 move followme, move highhorsepower +2\n>p2 switch 3, pass\n>p1 move scald +1, move aquajet +2\n>p2 move psychic +1, switch 6\n>p1 switch 3, pass\n>p1 move slackoff, switch 6\n>p2 move psychic +1, move psychic +2\n>p1 switch 6, pass\n>chat ☆thx4damemes|gg\n>p1 move knockoff +2, move highhorsepower +1\n>p2 move psychic +2, move psychic +2\n>p2 pass, switch 6\n>p1 move knockoff +1, pass\n>p2 move psychic +1 terastallize, move knockoff -1\n>p1 move knockoff +1, pass\n>p2 move thunderbolt +1, move highhorsepower +1", "uploadtime": 1770759734, "views": 80, "formatid": "gen9randomdoublesbattle", "rating": 1578, "private": 0, "password": null}