{"id": "gen9randomdoublesbattle-2534469653", "format": "[Gen 9] Random Doubles Battle", "players": ["jackofspadesman", "hongbin1"], "log": "|j|☆jackofspadesman\n|j|☆hongbin1\n|t:|1770424932\n|gametype|doubles\n|player|p1|jackofspadesman|#rbtt9moons2|1967\n|player|p2|hongbin1|169|1994\n|gen|9\n|tier|[Gen 9] Random Doubles Battle\n|rated|\n|rule|Species Clause: Limit one of each Pokémon\n|rule|HP Percentage Mod: HP is shown in percentages\n|rule|Illusion Level Mod: Illusion disguises the Pokémon's true level\n|rule|Sleep Clause Mod: Limit one foe put to sleep\n|\n|t:|1770424932\n|teamsize|p1|6\n|teamsize|p2|6\n|start\n|switch|p1a: Palossand|Palossand, L90, F|299/299\n|switch|p1b: Bronzong|Bronzong, L87|258/258\n|switch|p2a: Empoleon|Empoleon, L83, F|275/275\n|switch|p2b: Dodrio|Dodrio, L85, M|241/241\n|turn|1\n|\n|t:|1770424952\n|move|p2b: Dodrio|Brave Bird|p1a: Palossand\n|-damage|p1a: Palossand|119/299\n|-damage|p2b: Dodrio|182/241|[from] Recoil\n|move|p2a: Empoleon|Knock Off|p1b: Bronzong\n|-supereffective|p1b: Bronzong\n|-damage|p1b: Bronzong|164/258\n|-enditem|p1b: Bronzong|Leftovers|[from] move: Knock Off|[of] p2a: Empoleon\n|move|p1a: Palossand|Stealth Rock|p2b: Dodrio\n|-sidestart|p2: hongbin1|move: Stealth Rock\n|move|p1b: Bronzong|Iron Defense|p1b: Bronzong\n|-boost|p1b: Bronzong|def|2\n|\n|-heal|p1a: Palossand|137/299|[from] item: Leftovers\n|upkeep\n|turn|2\n|\n|t:|1770424965\n|move|p2b: Dodrio|Brave Bird|p1a: Palossand\n|-damage|p1a: Palossand|0 fnt\n|faint|p1a: Palossand\n|-damage|p2b: Dodrio|137/241|[from] Recoil\n|move|p2a: Empoleon|Hydro Pump|p1b: Bronzong\n|-damage|p1b: Bronzong|64/258\n|move|p1b: Bronzong|Body Press|p2a: Empoleon\n|-supereffective|p2a: Empoleon\n|-damage|p2a: Empoleon|0 fnt\n|faint|p2a: Empoleon\n|\n|upkeep\n|\n|t:|1770424976\n|switch|p2a: Chandelure|Chandelure, L81, F|230/230\n|switch|p1a: Staraptor|Staraptor, L82, F|274/274\n|-ability|p1a: Staraptor|Intimidate|boost\n|-unboost|p2a: Chandelure|atk|1\n|-unboost|p2b: Dodrio|atk|1\n|-damage|p2a: Chandelure|173/230|[from] Stealth Rock\n|turn|3\n|inactive|Battle timer is ON: inactive players will automatically lose when time's up. (requested by hongbin1)\n|\n|t:|1770425000\n|move|p2b: Dodrio|Brave Bird|p1a: Staraptor\n|-damage|p1a: Staraptor|94/274\n|-damage|p2b: Dodrio|78/241|[from] Recoil\n|move|p1a: Staraptor|Brave Bird|p2a: Chandelure\n|-damage|p2a: Chandelure|0 fnt\n|faint|p2a: Chandelure\n|-damage|p1a: Staraptor|37/274|[from] Recoil\n|-damage|p1a: Staraptor|10/274|[from] item: Life Orb\n|move|p1b: Bronzong|Body Press|p2b: Dodrio\n|-damage|p2b: Dodrio|0 fnt\n|faint|p2b: Dodrio\n|\n|upkeep\n|\n|t:|1770425008\n|switch|p2b: Goodra|Goodra, L86, F|295/295\n|switch|p2a: Lapras|Lapras, L83, F|351/351\n|-damage|p2b: Goodra|259/295|[from] Stealth Rock\n|-damage|p2a: Lapras|264/351|[from] Stealth Rock\n|turn|4\n|\n|t:|1770425023\n|move|p1a: Staraptor|Close Combat|p2a: Lapras\n|-supereffective|p2a: Lapras\n|-damage|p2a: Lapras|4/351\n|-unboost|p1a: Staraptor|def|1\n|-unboost|p1a: Staraptor|spd|1\n|-enditem|p2a: Lapras|Sitrus Berry|[eat]\n|-heal|p2a: Lapras|91/351|[from] item: Sitrus Berry\n|-damage|p1a: Staraptor|0 fnt|[from] item: Life Orb\n|faint|p1a: Staraptor\n|move|p2b: Goodra|Scald|p1b: Bronzong\n|-damage|p1b: Bronzong|11/258\n|move|p2a: Lapras|Icy Wind|p1b: Bronzong\n|-resisted|p1b: Bronzong\n|-damage|p1b: Bronzong|0 fnt\n|faint|p1b: Bronzong\n|\n|upkeep\n|inactive|jackofspadesman has 120 seconds left.\n|\n|t:|1770425049\n|switch|p1a: Pyroar|Pyroar, L83, F|278/278\n|switch|p1b: Kommo-o|Kommo-o, L79, M|248/248\n|-ability|p1a: Pyroar|Unnerve\n|turn|5\n|\n|t:|1770425060\n|-terastallize|p1b: Kommo-o|Steel\n|move|p1a: Pyroar|Tera Blast|p2a: Lapras\n|-damage|p2a: Lapras|0 fnt\n|faint|p2a: Lapras\n|-damage|p1a: Pyroar|251/278|[from] item: Life Orb\n|move|p2b: Goodra|Fire Blast|p1b: Kommo-o\n|-supereffective|p1b: Kommo-o\n|-damage|p1b: Kommo-o|84/248\n|-status|p1b: Kommo-o|brn\n|move|p1b: Kommo-o|Iron Defense|p1b: Kommo-o\n|-boost|p1b: Kommo-o|def|2\n|\n|-heal|p1b: Kommo-o|99/248 brn|[from] item: Leftovers\n|-damage|p1b: Kommo-o|84/248 brn|[from] brn\n|upkeep\n|c|☆jackofspadesman|wack\n|\n|t:|1770425074\n|switch|p2a: Carbink|Carbink, L88|231/231\n|-damage|p2a: Carbink|203/231|[from] Stealth Rock\n|turn|6\n|\n|t:|1770425097\n|switch|p1a: Heracross|Heracross, L82, M|265/265\n|move|p2b: Goodra|Fire Blast|p1b: Kommo-o\n|-supereffective|p1b: Kommo-o\n|-damage|p1b: Kommo-o|0 fnt\n|faint|p1b: Kommo-o\n|move|p2a: Carbink|Trick Room|p2a: Carbink\n|-fieldstart|move: Trick Room|[of] p2a: Carbink\n|\n|-heal|p2a: Carbink|217/231|[from] item: Leftovers\n|-status|p1a: Heracross|brn|[from] item: Flame Orb\n|upkeep\n|\n|t:|1770425102\n|switch|p1b: Pyroar|Pyroar, L83, F|251/278\n|-ability|p1b: Pyroar|Unnerve\n|turn|7\n|\n|t:|1770425114\n|move|p2a: Carbink|Iron Defense|p2a: Carbink\n|-boost|p2a: Carbink|def|2\n|move|p2b: Goodra|Fire Blast|p1a: Heracross\n|-supereffective|p1a: Heracross\n|-damage|p1a: Heracross|103/265 brn\n|move|p1a: Heracross|Facade|p2b: Goodra\n|-damage|p2b: Goodra|76/295\n|move|p1b: Pyroar|Tera Blast|p2b: Goodra\n|-damage|p2b: Goodra|25/295\n|-damage|p1b: Pyroar|224/278|[from] item: Life Orb\n|\n|-heal|p2a: Carbink|231/231|[from] item: Leftovers\n|-damage|p1a: Heracross|87/265 brn|[from] brn\n|upkeep\n|turn|8\n|-message|jackofspadesman forfeited.\n|\n|win|hongbin1\n|raw|jackofspadesman's rating: 1967 &rarr; <strong>1949</strong><br />(-18 for losing)\n|raw|hongbin1's rating: 1994 &rarr; <strong>2012</strong><br />(+18 for winning)\n|l|☆jackofspadesman\n|player|p1|\n", "inputlog": ">version ccdc32dd7cde25fd9e4bed64820e885f66e78a4e\n>start {\"formatid\":\"gen9randomdoublesbattle\",\"seed\":\"sodium,737a796cb8502952942d695a86276af0\",\"rated\":\"Rated battle\"}\n>player p1 {\"name\":\"jackofspadesman\",\"avatar\":\"#rbtt9moons2\",\"rating\":1967,\"seed\":\"sodium,77e8d0812126160ed265fc0f5d92ddde\"}\n>player p2 {\"name\":\"hongbin1\",\"avatar\":\"169\",\"rating\":1994,\"seed\":\"sodium,ebb723b6ed169cce3a82aa7492394b84\"}\n>p1 move stealthrock, move irondefense\n>p2 move knockoff +2, move bravebird +1\n>p1 move earthpower +1, move bodypress +1\n>p2 move hydropump +2, move bravebird +1\n>p1 switch 6, pass\n>p2 switch 4, pass\n>p1 move bravebird +1, move bodypress +2\n>p2 move heatwave, move bravebird +1\n>p2 switch 3, switch 5\n>p1 move closecombat +1, move bodypress +2\n>p2 move icywind, move scald +2\n>p1 switch 4, switch 5\n>p1 move terablast +1, move irondefense terastallize\n>p2 move icywind, move fireblast +2\n>chat ☆jackofspadesman|wack\n>p2 switch 6, pass\n>p1 switch 3, move bodypress +2\n>p2 move trickroom, move fireblast +2\n>p1 pass, switch 3\n>p1 move facade +2, move terablast +2\n>p2 move irondefense, move fireblast +1\n>forcelose p1", "uploadtime": 1770425138, "views": 91, "formatid": "gen9randomdoublesbattle", "rating": 1949, "private": 0, "password": null}