{"id": "gen9randomdoublesbattle-2538375424", "format": "[Gen 9] Random Doubles Battle", "players": ["stabtop3", "baseballlover"], "log": "|j|☆stabtop3\n|j|☆baseballlover\n|t:|1770921837\n|gametype|doubles\n|player|p1|stabtop3|101|1605\n|player|p2|baseballlover|266|1628\n|gen|9\n|tier|[Gen 9] Random Doubles Battle\n|rated|\n|rule|Species Clause: Limit one of each Pokémon\n|rule|HP Percentage Mod: HP is shown in percentages\n|rule|Illusion Level Mod: Illusion disguises the Pokémon's true level\n|rule|Sleep Clause Mod: Limit one foe put to sleep\n|\n|t:|1770921837\n|teamsize|p1|6\n|teamsize|p2|6\n|start\n|switch|p1a: Venomoth|Venomoth, L90, M|272/272\n|switch|p1b: Rillaboom|Rillaboom, L81, F|295/295\n|switch|p2a: Reshiram|Reshiram, L72|263/263\n|switch|p2b: Baxcalibur|Baxcalibur, L78, M|307/307\n|-fieldstart|move: Grassy Terrain|[from] ability: Grassy Surge|[of] p1b: Rillaboom\n|-ability|p2a: Reshiram|Turboblaze\n|turn|1\n|inactive|Battle timer is ON: inactive players will automatically lose when time's up. (requested by baseballlover)\n|\n|t:|1770921862\n|-terastallize|p1a: Venomoth|Steel\n|move|p1b: Rillaboom|Fake Out|p2a: Reshiram\n|-damage|p2a: Reshiram|228/263\n|move|p1a: Venomoth|Quiver Dance|p1a: Venomoth\n|-boost|p1a: Venomoth|spa|1\n|-boost|p1a: Venomoth|spd|1\n|-boost|p1a: Venomoth|spe|1\n|move|p2b: Baxcalibur|Icicle Crash|p1b: Rillaboom\n|-supereffective|p1b: Rillaboom\n|-damage|p1b: Rillaboom|0 fnt\n|faint|p1b: Rillaboom\n|cant|p2a: Reshiram|flinch\n|\n|-heal|p2a: Reshiram|244/263|[from] Grassy Terrain\n|upkeep\n|\n|t:|1770921870\n|switch|p1b: Flamigo|Flamigo, L84, M|275/275\n|turn|2\n|\n|t:|1770921888\n|move|p1a: Venomoth|Sludge Bomb|p2a: Reshiram\n|-damage|p2a: Reshiram|71/263\n|-damage|p1a: Venomoth|245/272|[from] item: Life Orb\n|move|p1b: Flamigo|Close Combat|p2b: Baxcalibur\n|-supereffective|p2b: Baxcalibur\n|-damage|p2b: Baxcalibur|0 fnt\n|-unboost|p1b: Flamigo|def|1\n|-unboost|p1b: Flamigo|spd|1\n|faint|p2b: Baxcalibur\n|move|p2a: Reshiram|Blue Flare|p1a: Venomoth\n|-supereffective|p1a: Venomoth\n|-damage|p1a: Venomoth|0 fnt\n|faint|p1a: Venomoth\n|-damage|p2a: Reshiram|45/263|[from] item: Life Orb\n|\n|-heal|p2a: Reshiram|61/263|[from] Grassy Terrain\n|upkeep\n|\n|t:|1770921903\n|switch|p1a: Lumineon|Lumineon, L92, M|276/276\n|switch|p2b: Jolteon|Jolteon, L85, M|249/249\n|turn|3\n|\n|t:|1770921929\n|move|p2b: Jolteon|Thunderbolt|p1a: Lumineon\n|-supereffective|p1a: Lumineon\n|-damage|p1a: Lumineon|3/276\n|-enditem|p1a: Lumineon|Sitrus Berry|[eat]\n|-heal|p1a: Lumineon|72/276|[from] item: Sitrus Berry\n|-damage|p2b: Jolteon|225/249|[from] item: Life Orb\n|move|p1a: Lumineon|Tailwind|p1a: Lumineon\n|-sidestart|p1: stabtop3|move: Tailwind\n|move|p1b: Flamigo|Close Combat|p2b: Jolteon\n|-damage|p2b: Jolteon|0 fnt\n|-unboost|p1b: Flamigo|def|1\n|-unboost|p1b: Flamigo|spd|1\n|faint|p2b: Jolteon\n|move|p2a: Reshiram|Draco Meteor|p1b: Flamigo\n|-damage|p1b: Flamigo|0 fnt\n|-unboost|p2a: Reshiram|spa|2\n|faint|p1b: Flamigo\n|-damage|p2a: Reshiram|35/263|[from] item: Life Orb\n|\n|-heal|p1a: Lumineon|89/276|[from] Grassy Terrain\n|-heal|p2a: Reshiram|51/263|[from] Grassy Terrain\n|upkeep\n|inactive|baseballlover has 120 seconds left.\n|inactive|baseballlover has 90 seconds left.\n|\n|t:|1770921973\n|switch|p2b: Blissey|Blissey, L96, F|645/645\n|switch|p1b: Empoleon|Empoleon, L83, F|275/275\n|turn|4\n|\n|t:|1770921985\n|switch|p2a: Tauros|Tauros-Paldea-Combat, L82, M|257/257\n|-ability|p2a: Tauros|Intimidate|boost\n|-unboost|p1a: Lumineon|atk|1\n|-unboost|p1b: Empoleon|atk|1\n|-ability|p1b: Empoleon|Competitive|boost\n|-boost|p1b: Empoleon|spa|2\n|move|p1a: Lumineon|Helping Hand|p1b: Empoleon\n|-singleturn|p1b: Empoleon|Helping Hand|[of] p1a: Lumineon\n|move|p1b: Empoleon|Knock Off|p2b: Blissey\n|-damage|p2b: Blissey|478/645\n|-enditem|p2b: Blissey|Sitrus Berry|[from] move: Knock Off|[of] p1b: Empoleon\n|move|p2b: Blissey|Thunder Wave|p1b: Empoleon\n|-status|p1b: Empoleon|par\n|\n|-heal|p1a: Lumineon|106/276|[from] Grassy Terrain\n|-heal|p2b: Blissey|518/645|[from] Grassy Terrain\n|upkeep\n|turn|5\n|inactive|baseballlover has 120 seconds left.\n|inactive|stabtop3 has 120 seconds left.\n|\n|t:|1770922019\n|move|p1a: Lumineon|Hydro Pump|p2a: Tauros\n|-crit|p2a: Tauros\n|-damage|p2a: Tauros|76/257\n|move|p2a: Tauros|Close Combat|p1b: Empoleon\n|-supereffective|p1b: Empoleon\n|-damage|p1b: Empoleon|0 fnt\n|-unboost|p2a: Tauros|def|1\n|-unboost|p2a: Tauros|spd|1\n|faint|p1b: Empoleon\n|move|p2b: Blissey|Thunder Wave|p1a: Lumineon\n|-status|p1a: Lumineon|par\n|\n|-heal|p1a: Lumineon|123/276 par|[from] Grassy Terrain\n|-heal|p2a: Tauros|92/257|[from] Grassy Terrain\n|-heal|p2b: Blissey|558/645|[from] Grassy Terrain\n|-fieldend|move: Grassy Terrain\n|upkeep\n|inactive|stabtop3 has 120 seconds left.\n|\n|t:|1770922024\n|switch|p1b: Necrozma|Necrozma-Dusk-Mane, L70|252/252\n|turn|6\n|\n|t:|1770922040\n|move|p1a: Lumineon|Hydro Pump|p2a: Tauros|[miss]\n|-miss|p1a: Lumineon|p2a: Tauros\n|move|p2a: Tauros|Close Combat|p1a: Lumineon\n|-damage|p1a: Lumineon|0 fnt\n|-unboost|p2a: Tauros|def|1\n|-unboost|p2a: Tauros|spd|1\n|faint|p1a: Lumineon\n|move|p2b: Blissey|Thunder Wave|p1b: Necrozma|[miss]\n|-miss|p2b: Blissey|p1b: Necrozma\n|move|p1b: Necrozma|Trick Room|p1b: Necrozma\n|-fieldstart|move: Trick Room|[of] p1b: Necrozma\n|\n|-sideend|p1: stabtop3|move: Tailwind\n|upkeep\n|turn|7\n|inactive|baseballlover has 120 seconds left.\n|inactive|baseballlover has 90 seconds left.\n|\n|t:|1770922126\n|move|p1b: Necrozma|Earthquake|p2a: Tauros|[spread] p2a,p2b\n|-damage|p2a: Tauros|0 fnt\n|-damage|p2b: Blissey|414/645\n|faint|p2a: Tauros\n|move|p2b: Blissey|Thunder Wave|p1b: Necrozma\n|-status|p1b: Necrozma|par\n|\n|upkeep\n|\n|t:|1770922130\n|switch|p2a: Pikachu|Pikachu-Alola, L94, F|218/218\n|turn|8\n|inactive|baseballlover has 90 seconds left.\n|\n|t:|1770922159\n|move|p1b: Necrozma|Protect|p1b: Necrozma\n|-singleturn|p1b: Necrozma|Protect\n|move|p2a: Pikachu|Fake Out|p1b: Necrozma\n|-activate|p1b: Necrozma|move: Protect\n|move|p2b: Blissey|Hyper Voice|p1b: Necrozma\n|-activate|p1b: Necrozma|move: Protect\n|\n|upkeep\n|turn|9\n|inactive|baseballlover has 90 seconds left.\n|\n|t:|1770922185\n|move|p1b: Necrozma|Earthquake|p2a: Pikachu|[spread] p2a,p2b\n|-supereffective|p2a: Pikachu\n|-damage|p2a: Pikachu|58/218\n|-damage|p2b: Blissey|262/645\n|move|p2b: Blissey|Hyper Voice|p1b: Necrozma\n|-resisted|p1b: Necrozma\n|-damage|p1b: Necrozma|204/252 par\n|move|p2a: Pikachu|Volt Tackle|p1b: Necrozma\n|-damage|p1b: Necrozma|3/252 par\n|-damage|p2a: Pikachu|0 fnt|[from] Recoil\n|faint|p2a: Pikachu\n|\n|upkeep\n|inactive|baseballlover has 90 seconds left.\n|\n|t:|1770922196\n|switch|p2a: Reshiram|Reshiram, L72|51/263\n|-ability|p2a: Reshiram|Turboblaze\n|turn|10\n|\n|t:|1770922199\n|move|p2a: Reshiram|Protect|p2a: Reshiram\n|-singleturn|p2a: Reshiram|Protect\n|move|p1b: Necrozma|Earthquake|p2a: Reshiram|[spread] p2b\n|-activate|p2a: Reshiram|move: Protect\n|-damage|p2b: Blissey|112/645\n|move|p2b: Blissey|Life Dew|p2b: Blissey|[spread] p2a,p2b\n|-heal|p2a: Reshiram|117/263\n|-heal|p2b: Blissey|273/645\n|\n|-fieldend|move: Trick Room\n|upkeep\n|turn|11\n|\n|t:|1770922208\n|move|p2a: Reshiram|Heat Wave|p1b: Necrozma\n|-supereffective|p1b: Necrozma\n|-damage|p1b: Necrozma|0 fnt\n|faint|p1b: Necrozma\n|-damage|p2a: Reshiram|91/263|[from] item: Life Orb\n|\n|win|baseballlover\n|raw|stabtop3's rating: 1605 &rarr; <strong>1586</strong><br />(-19 for losing)\n|raw|baseballlover's rating: 1628 &rarr; <strong>1647</strong><br />(+19 for winning)\n", "inputlog": ">version ccdc32dd7cde25fd9e4bed64820e885f66e78a4e\n>start {\"formatid\":\"gen9randomdoublesbattle\",\"seed\":\"sodium,229bb3f6a8870532a4916145c772af24\",\"rated\":\"Rated battle\"}\n>player p1 {\"name\":\"stabtop3\",\"avatar\":\"101\",\"rating\":1605,\"seed\":\"sodium,2e46c434065f3dd9d96a6c6e183ad002\"}\n>player p2 {\"name\":\"baseballlover\",\"avatar\":\"266\",\"rating\":1628,\"seed\":\"sodium,9f0b1d11ca46cf9fa236465d5a8dc3a2\"}\n>p1 move quiverdance terastallize, move fakeout +1\n>p2 move heatwave, move iciclecrash +2\n>p1 pass, switch 6\n>p1 move sludgebomb +1, move closecombat +2\n>p2 move blueflare +1, move iciclecrash +1\n>p1 switch 5, pass\n>p2 pass, switch 3\n>p1 move tailwind, move closecombat +2\n>p2 move dracometeor +2, move thunderbolt +1\n>p1 pass, switch 4\n>p2 pass, switch 5\n>p1 move helpinghand -2, move knockoff +2\n>p2 switch 6, move thunderwave +2\n>p1 move hydropump +1, move hydropump +1\n>p2 move closecombat +2, move thunderwave +1\n>p1 pass, switch 3\n>p1 move hydropump +1, move trickroom\n>p2 move closecombat +1, move thunderwave +2\n>p1 pass, move earthquake\n>p2 move closecombat +2, move thunderwave +2\n>p2 switch 4, pass\n>p1 pass, move protect\n>p2 move fakeout +2, move hypervoice\n>p1 pass, move earthquake\n>p2 move volttackle +2, move hypervoice\n>p2 switch 6, pass\n>p1 pass, move earthquake\n>p2 move protect, move lifedew\n>p1 pass, move earthquake\n>p2 move heatwave, move hypervoice", "uploadtime": 1770922209, "views": 73, "formatid": "gen9randomdoublesbattle", "rating": 1586, "private": 0, "password": null}