{"id": "gen9randomdoublesbattle-2536355393", "format": "[Gen 9] Random Doubles Battle", "players": ["Sakimoto24", "improvguy"], "log": "|j|☆Sakimoto24\n|j|☆improvguy\n|t:|1770678180\n|gametype|doubles\n|player|p1|Sakimoto24|1|1855\n|player|p2|improvguy|cameraman|1843\n|gen|9\n|tier|[Gen 9] Random Doubles Battle\n|rated|\n|rule|Species Clause: Limit one of each Pokémon\n|rule|HP Percentage Mod: HP is shown in percentages\n|rule|Illusion Level Mod: Illusion disguises the Pokémon's true level\n|rule|Sleep Clause Mod: Limit one foe put to sleep\n|\n|t:|1770678180\n|teamsize|p1|6\n|teamsize|p2|6\n|start\n|switch|p1a: Electabuzz|Electabuzz, L84, M|246/246\n|switch|p1b: Cyclizar|Cyclizar, L87, F|264/264\n|switch|p2a: Dugtrio|Dugtrio-Alola, L89, F|207/207\n|switch|p2b: Glaceon|Glaceon, L86, F|252/252\n|turn|1\n|inactive|Battle timer is ON: inactive players will automatically lose when time's up. (requested by improvguy)\n|inactive|Sakimoto24 has 120 seconds left.\n|\n|t:|1770678268\n|switch|p1a: Yanmega|Yanmega, L84, F|282/282\n|move|p1b: Cyclizar|Shed Tail|p1b: Cyclizar\n|-start|p1b: Cyclizar|Substitute|[from] move: Shed Tail\n|-damage|p1b: Cyclizar|132/264\n|-enditem|p1b: Cyclizar|Sitrus Berry|[eat]\n|-heal|p1b: Cyclizar|198/264|[from] item: Sitrus Berry\n|\n|t:|1770678277\n|switch|p1b: Baxcalibur|Baxcalibur, L78, M|307/307|[from] Shed Tail\n|move|p2a: Dugtrio|Stomping Tantrum|p1a: Yanmega\n|-immune|p1a: Yanmega\n|move|p2b: Glaceon|Blizzard|p1a: Yanmega|[spread] p1a,p1b\n|-end|p1b: Baxcalibur|Substitute\n|-supereffective|p1a: Yanmega\n|-damage|p1a: Yanmega|0 fnt\n|faint|p1a: Yanmega\n|\n|upkeep\n|\n|t:|1770678286\n|switch|p1a: Gumshoos|Gumshoos, L93, M|315/315\n|turn|2\n|\n|t:|1770678303\n|move|p2a: Dugtrio|Protect|p2a: Dugtrio\n|-singleturn|p2a: Dugtrio|Protect\n|move|p1b: Baxcalibur|Icicle Crash|p2a: Dugtrio\n|-activate|p2a: Dugtrio|move: Protect\n|move|p2b: Glaceon|Blizzard|p1b: Baxcalibur|[spread] \n|-miss|p2b: Glaceon|p1a: Gumshoos\n|-enditem|p2b: Glaceon|Blunder Policy\n|-boost|p2b: Glaceon|spe|2\n|-miss|p2b: Glaceon|p1b: Baxcalibur\n|move|p1a: Gumshoos|Double-Edge|p2b: Glaceon\n|-damage|p2b: Glaceon|0 fnt\n|faint|p2b: Glaceon\n|-damage|p1a: Gumshoos|232/315|[from] Recoil\n|\n|upkeep\n|\n|t:|1770678311\n|switch|p2b: Wyrdeer|Wyrdeer, L85, M|314/314\n|-ability|p2b: Wyrdeer|Intimidate|boost\n|-unboost|p1a: Gumshoos|atk|1\n|-unboost|p1b: Baxcalibur|atk|1\n|turn|3\n|\n|t:|1770678328\n|move|p2a: Dugtrio|Iron Head|p1b: Baxcalibur\n|-supereffective|p1b: Baxcalibur\n|-damage|p1b: Baxcalibur|34/307\n|-damage|p2a: Dugtrio|187/207|[from] item: Life Orb\n|move|p1b: Baxcalibur|Icicle Crash|p2b: Wyrdeer|[miss]\n|-miss|p1b: Baxcalibur|p2b: Wyrdeer\n|move|p2b: Wyrdeer|Psychic|p1a: Gumshoos\n|-damage|p1a: Gumshoos|108/315\n|move|p1a: Gumshoos|Double-Edge|p2b: Wyrdeer\n|-damage|p2b: Wyrdeer|34/314\n|-enditem|p2b: Wyrdeer|Sitrus Berry|[eat]\n|-heal|p2b: Wyrdeer|112/314|[from] item: Sitrus Berry\n|-damage|p1a: Gumshoos|16/315|[from] Recoil\n|\n|upkeep\n|turn|4\n|\n|t:|1770678345\n|move|p2a: Dugtrio|Iron Head|p1b: Baxcalibur\n|-supereffective|p1b: Baxcalibur\n|-damage|p1b: Baxcalibur|0 fnt\n|faint|p1b: Baxcalibur\n|-damage|p2a: Dugtrio|167/207|[from] item: Life Orb\n|move|p2b: Wyrdeer|Psychic|p1a: Gumshoos\n|-damage|p1a: Gumshoos|0 fnt\n|faint|p1a: Gumshoos\n|\n|upkeep\n|\n|t:|1770678361\n|switch|p1b: Basculegion|Basculegion, L69, M|280/280\n|switch|p1a: Electabuzz|Electabuzz, L84, M|246/246\n|turn|5\n|\n|t:|1770678377\n|-terastallize|p1a: Electabuzz|Grass\n|move|p2a: Dugtrio|Protect|p2a: Dugtrio\n|-singleturn|p2a: Dugtrio|Protect\n|move|p1a: Electabuzz|Follow Me|p1a: Electabuzz\n|-singleturn|p1a: Electabuzz|move: Follow Me\n|move|p1b: Basculegion|Flip Turn|p2a: Dugtrio\n|-activate|p2a: Dugtrio|move: Protect\n|move|p2b: Wyrdeer|Thunder Wave|p1a: Electabuzz\n|-status|p1a: Electabuzz|par\n|\n|upkeep\n|turn|6\n|\n|t:|1770678394\n|switch|p2a: Basculegion|Basculegion, L69, M|280/280\n|move|p1a: Electabuzz|Follow Me|p1a: Electabuzz\n|-singleturn|p1a: Electabuzz|move: Follow Me\n|move|p1b: Basculegion|Flip Turn|p2b: Wyrdeer\n|-damage|p2b: Wyrdeer|42/314\n|\n|t:|1770678410\n|switch|p1b: Cyclizar|Cyclizar, L87, F|264/264|[from] Flip Turn\n|move|p2b: Wyrdeer|Thunder Wave|p1a: Electabuzz\n|-fail|p1a: Electabuzz|par\n|\n|upkeep\n|turn|7\n|\n|t:|1770678421\n|move|p1a: Electabuzz|Follow Me|p1a: Electabuzz\n|-singleturn|p1a: Electabuzz|move: Follow Me\n|move|p1b: Cyclizar|Breaking Swipe|p2a: Basculegion|[spread] p2a,p2b\n|-damage|p2a: Basculegion|202/280\n|-damage|p2b: Wyrdeer|0 fnt\n|-unboost|p2a: Basculegion|atk|1\n|faint|p2b: Wyrdeer\n|move|p2a: Basculegion|Flip Turn|p1a: Electabuzz\n|-resisted|p1a: Electabuzz\n|-damage|p1a: Electabuzz|226/246 par\n|-status|p2a: Basculegion|par|[from] ability: Static|[of] p1a: Electabuzz\n|\n|t:|1770678429\n|switch|p2a: Calyrex|Calyrex-Ice, L65|238/238|[from] Flip Turn\n|-ability|p2a: Calyrex|As One\n|-ability|p2a: Calyrex|Unnerve\n|\n|upkeep\n|\n|t:|1770678434\n|switch|p2b: Basculegion|Basculegion, L69, M|202/280 par\n|turn|8\n|\n|t:|1770678442\n|move|p1b: Cyclizar|Breaking Swipe|p2b: Basculegion|[spread] p2a,p2b\n|-damage|p2a: Calyrex|196/238\n|-damage|p2b: Basculegion|127/280 par\n|-unboost|p2a: Calyrex|atk|1\n|-unboost|p2b: Basculegion|atk|1\n|cant|p1a: Electabuzz|par\n|move|p2b: Basculegion|Last Respects|p1a: Electabuzz\n|-damage|p1a: Electabuzz|126/246 par\n|move|p2a: Calyrex|Trick Room|p2a: Calyrex\n|-fieldstart|move: Trick Room|[of] p2a: Calyrex\n|\n|upkeep\n|turn|9\n|\n|t:|1770678472\n|move|p2a: Calyrex|Glacial Lance|p1a: Electabuzz|[spread] p1a,p1b\n|-supereffective|p1a: Electabuzz\n|-supereffective|p1b: Cyclizar\n|-crit|p1b: Cyclizar\n|-damage|p1a: Electabuzz|12/246 par\n|-damage|p1b: Cyclizar|0 fnt\n|faint|p1b: Cyclizar\n|-ability|p2a: Calyrex|Chilling Neigh|boost\n|-boost|p2a: Calyrex|atk|1\n|move|p2b: Basculegion|Last Respects|p1a: Electabuzz\n|-damage|p1a: Electabuzz|0 fnt\n|faint|p1a: Electabuzz\n|\n|upkeep\n|\n|t:|1770678477\n|switch|p1b: Basculegion|Basculegion, L69, M|280/280\n|turn|10\n|\n|t:|1770678489\n|move|p2a: Calyrex|High Horsepower|p1b: Basculegion\n|-damage|p1b: Basculegion|186/280\n|move|p2b: Basculegion|Last Respects|p1b: Basculegion\n|-supereffective|p1b: Basculegion\n|-damage|p1b: Basculegion|0 fnt\n|faint|p1b: Basculegion\n|\n|win|improvguy\n|raw|Sakimoto24's rating: 1855 &rarr; <strong>1834</strong><br />(-21 for losing)\n|raw|improvguy's rating: 1843 &rarr; <strong>1864</strong><br />(+21 for winning)\n|l|☆Sakimoto24\n|player|p1|\n|c|☆improvguy|gg\n", "inputlog": ">version ccdc32dd7cde25fd9e4bed64820e885f66e78a4e\n>start {\"formatid\":\"gen9randomdoublesbattle\",\"seed\":\"sodium,f5acaa35a6d6364221b4af018ba23808\",\"rated\":\"Rated battle\"}\n>player p1 {\"name\":\"Sakimoto24\",\"avatar\":\"1\",\"rating\":1855,\"seed\":\"sodium,f0bf522a3a37e47f139ec0ad64804064\"}\n>player p2 {\"name\":\"improvguy\",\"avatar\":\"cameraman\",\"rating\":1843,\"seed\":\"sodium,0b27787d28ab038c3960efe2b9c220ce\"}\n>p1 switch 6, move shedtail\n>p2 move stompingtantrum +1, move blizzard\n>p1 pass, switch 4\n>p1 switch 5, pass\n>p1 move doubleedge +2, move iciclecrash +1\n>p2 move protect, move blizzard\n>p2 pass, switch 3\n>p1 move doubleedge +2, move iciclecrash +2\n>p2 move ironhead +2, move psychic +1\n>p1 move doubleedge +2, move iciclecrash +1\n>p2 move ironhead +2, move psychic +1\n>p1 switch 6, switch 3\n>p1 move followme terastallize, move flipturn +1\n>p2 move protect, move thunderwave +2\n>p1 move followme, move flipturn +2\n>p2 switch 4, move thunderwave +2\n>p1 pass, switch 4\n>p1 move followme, move breakingswipe\n>p2 move flipturn +2, move thunderwave +2\n>p2 switch 6, pass\n>p2 pass, switch 6\n>p1 move thunderbolt +2, move breakingswipe\n>p2 move trickroom, move lastrespects +1\n>p1 move knockoff +2, move breakingswipe\n>p2 move glaciallance, move lastrespects +1\n>p1 pass, switch 4\n>p1 pass, move lastrespects +1\n>p2 move highhorsepower +2, move lastrespects +2", "uploadtime": 1770678510, "views": 74, "formatid": "gen9randomdoublesbattle", "rating": 1834, "private": 0, "password": null}