{"id": "gen9randomdoublesbattle-2535552365", "format": "[Gen 9] Random Doubles Battle", "players": ["yannick69", "theunluckyspirit"], "log": "|j|☆yannick69\n|j|☆theunluckyspirit\n|t:|1770580614\n|gametype|doubles\n|player|p1|yannick69|hiker-gen4|1794\n|player|p2|theunluckyspirit|cynthia-gen4|1736\n|gen|9\n|tier|[Gen 9] Random Doubles Battle\n|rated|\n|rule|Species Clause: Limit one of each Pokémon\n|rule|HP Percentage Mod: HP is shown in percentages\n|rule|Illusion Level Mod: Illusion disguises the Pokémon's true level\n|rule|Sleep Clause Mod: Limit one foe put to sleep\n|\n|t:|1770580614\n|teamsize|p1|6\n|teamsize|p2|6\n|start\n|switch|p1a: Indeedee|Indeedee, L79, M|224/224\n|switch|p1b: Talonflame|Talonflame, L82, M|262/262\n|switch|p2a: Suicune|Suicune, L79|288/288\n|switch|p2b: Regice|Regice, L84|272/272\n|-fieldstart|move: Psychic Terrain|[from] ability: Psychic Surge|[of] p1a: Indeedee\n|turn|1\n|\n|t:|1770580645\n|switch|p1b: Tatsugiri|Tatsugiri, L84, M|251/251\n|move|p2b: Regice|Protect|p2b: Regice\n|-singleturn|p2b: Regice|Protect\n|move|p1a: Indeedee|Trick|p2b: Regice\n|-activate|p2b: Regice|move: Protect\n|move|p2a: Suicune|Scald|p1b: Tatsugiri\n|-ability|p1b: Tatsugiri|Storm Drain|boost\n|-boost|p1b: Tatsugiri|spa|1\n|\n|upkeep\n|turn|2\n|\n|t:|1770580662\n|move|p1a: Indeedee|Trick|p2a: Suicune\n|-activate|p1a: Indeedee|move: Trick|[of] p2a: Suicune\n|-item|p2a: Suicune|Choice Specs|[from] move: Trick\n|-item|p1a: Indeedee|Sitrus Berry|[from] move: Trick\n|move|p1b: Tatsugiri|Muddy Water|p2b: Regice|[spread] p2a,p2b\n|-resisted|p2a: Suicune\n|-damage|p2a: Suicune|223/288\n|-damage|p2b: Regice|194/272\n|-unboost|p2a: Suicune|accuracy|1\n|-damage|p1b: Tatsugiri|226/251|[from] item: Life Orb\n|move|p2a: Suicune|Snarl|p1b: Tatsugiri|[spread] p1b\n|-miss|p2a: Suicune|p1a: Indeedee\n|-damage|p1b: Tatsugiri|191/251\n|-unboost|p1b: Tatsugiri|spa|1\n|move|p2b: Regice|Ice Beam|p1b: Tatsugiri\n|-damage|p1b: Tatsugiri|95/251\n|\n|upkeep\n|turn|3\n|\n|t:|1770580683\n|move|p1a: Indeedee|Expanding Force|p2b: Regice|[spread] p2a,p2b\n|-damage|p2a: Suicune|127/288\n|-damage|p2b: Regice|133/272\n|-enditem|p2b: Regice|Sitrus Berry|[eat]\n|-heal|p2b: Regice|201/272|[from] item: Sitrus Berry\n|move|p1b: Tatsugiri|Muddy Water|p2b: Regice|[spread] p2a,p2b\n|-resisted|p2a: Suicune\n|-damage|p2a: Suicune|78/288\n|-damage|p2b: Regice|143/272\n|-damage|p1b: Tatsugiri|70/251|[from] item: Life Orb\n|move|p2a: Suicune|Snarl|p1a: Indeedee|[spread] p1a,p1b\n|-supereffective|p1a: Indeedee\n|-damage|p1a: Indeedee|152/224\n|-damage|p1b: Tatsugiri|37/251\n|-unboost|p1a: Indeedee|spa|1\n|-unboost|p1b: Tatsugiri|spa|1\n|move|p2b: Regice|Icy Wind|p1b: Tatsugiri|[spread] p1a,p1b\n|-damage|p1a: Indeedee|104/224\n|-damage|p1b: Tatsugiri|0 fnt\n|-unboost|p1a: Indeedee|spe|1\n|-enditem|p1a: Indeedee|Sitrus Berry|[eat]\n|-heal|p1a: Indeedee|160/224|[from] item: Sitrus Berry\n|faint|p1b: Tatsugiri\n|\n|upkeep\n|\n|t:|1770580697\n|switch|p1b: Talonflame|Talonflame, L82, M|262/262\n|turn|4\n|\n|t:|1770580716\n|switch|p2a: Raikou|Raikou, L81|278/278\n|move|p2b: Regice|Protect|p2b: Regice\n|-singleturn|p2b: Regice|Protect\n|move|p1b: Talonflame|Brave Bird|p2b: Regice\n|-activate|p2b: Regice|move: Psychic Terrain\n|move|p1a: Indeedee|Psyshock|p2b: Regice\n|-activate|p2b: Regice|move: Protect\n|\n|upkeep\n|turn|5\n|\n|t:|1770580739\n|switch|p1b: Plusle|Plusle, L92, M|260/260\n|switch|p2b: Qwilfish|Qwilfish, L87, F|255/255\n|-ability|p2b: Qwilfish|Intimidate|boost\n|-unboost|p1a: Indeedee|atk|1\n|-unboost|p1b: Plusle|atk|1\n|switch|p1a: Malamar|Malamar, L80, M|269/269\n|move|p2a: Raikou|Volt Switch|p1b: Plusle\n|-ability|p1b: Plusle|Lightning Rod|boost\n|-boost|p1b: Plusle|spa|1\n|\n|-fieldend|move: Psychic Terrain\n|upkeep\n|turn|6\n|c|☆theunluckyspirit|how many absorbers do you need\n|\n|t:|1770580767\n|switch|p2b: Regice|Regice, L84|143/272\n|-terastallize|p1a: Malamar|Fighting\n|move|p2a: Raikou|Scald|p1b: Plusle\n|-damage|p1b: Plusle|177/260\n|-damage|p2a: Raikou|251/278|[from] item: Life Orb\n|move|p1b: Plusle|Thunderbolt|p2b: Regice\n|-damage|p2b: Regice|68/272\n|move|p1a: Malamar|Superpower|p2a: Raikou\n|-damage|p2a: Raikou|130/278\n|-boost|p1a: Malamar|atk|1\n|-boost|p1a: Malamar|def|1\n|\n|upkeep\n|turn|7\n|\n|t:|1770580788\n|move|p2b: Regice|Protect|p2b: Regice\n|-singleturn|p2b: Regice|Protect\n|move|p2a: Raikou|Scald|p1a: Malamar\n|-damage|p1a: Malamar|183/269\n|-damage|p2a: Raikou|103/278|[from] item: Life Orb\n|move|p1b: Plusle|Thunderbolt|p2b: Regice\n|-activate|p2b: Regice|move: Protect\n|move|p1a: Malamar|Superpower|p2a: Raikou\n|-damage|p2a: Raikou|0 fnt\n|-boost|p1a: Malamar|atk|1\n|-boost|p1a: Malamar|def|1\n|faint|p2a: Raikou\n|\n|upkeep\n|\n|t:|1770580798\n|switch|p2a: Dusknoir|Dusknoir, L89, M|225/225\n|-item|p1a: Malamar|Sitrus Berry|[from] ability: Frisk|[of] p2a: Dusknoir\n|-item|p1b: Plusle|Sitrus Berry|[from] ability: Frisk|[of] p2a: Dusknoir\n|turn|8\n|\n|t:|1770580810\n|move|p1b: Plusle|Thunderbolt|p2b: Regice\n|-damage|p2b: Regice|0 fnt\n|faint|p2b: Regice\n|move|p1a: Malamar|Knock Off|p2a: Dusknoir\n|-supereffective|p2a: Dusknoir\n|-damage|p2a: Dusknoir|0 fnt\n|-enditem|p2a: Dusknoir|Life Orb|[from] move: Knock Off|[of] p1a: Malamar\n|faint|p2a: Dusknoir\n|\n|upkeep\n|\n|t:|1770580830\n|switch|p2b: Scyther|Scyther, L80, F|243/243\n|switch|p2a: Suicune|Suicune, L79|78/288\n|turn|9\n|\n|t:|1770580848\n|-terastallize|p2a: Suicune|Dragon\n|move|p1b: Plusle|Nuzzle|p2b: Scyther\n|-supereffective|p2b: Scyther\n|-damage|p2b: Scyther|225/243\n|-status|p2b: Scyther|par\n|move|p2a: Suicune|Scald|p1a: Malamar\n|-damage|p1a: Malamar|51/269\n|-enditem|p1a: Malamar|Sitrus Berry|[eat]\n|-heal|p1a: Malamar|118/269|[from] item: Sitrus Berry\n|move|p1a: Malamar|Knock Off|p2a: Suicune\n|-damage|p2a: Suicune|0 fnt\n|-enditem|p2a: Suicune|Choice Specs|[from] move: Knock Off|[of] p1a: Malamar\n|faint|p2a: Suicune\n|move|p2b: Scyther|Tailwind|p2b: Scyther\n|-sidestart|p2: theunluckyspirit|move: Tailwind\n|\n|upkeep\n|\n|t:|1770580856\n|switch|p2a: Qwilfish|Qwilfish, L87, F|255/255\n|-ability|p2a: Qwilfish|Intimidate|boost\n|-boost|p1a: Malamar|atk|1\n|-unboost|p1b: Plusle|atk|1\n|turn|10\n|\n|t:|1770580873\n|move|p2a: Qwilfish|Gunk Shot|p1a: Malamar|[miss]\n|-miss|p2a: Qwilfish|p1a: Malamar\n|move|p1b: Plusle|Thunderbolt|p2a: Qwilfish\n|-supereffective|p2a: Qwilfish\n|-damage|p2a: Qwilfish|0 fnt\n|faint|p2a: Qwilfish\n|move|p2b: Scyther|Dual Wingbeat|p1a: Malamar\n|-supereffective|p1a: Malamar\n|-damage|p1a: Malamar|44/269\n|-supereffective|p1a: Malamar\n|-damage|p1a: Malamar|0 fnt\n|faint|p1a: Malamar\n|-hitcount|p1: Malamar|2\n|\n|upkeep\n|\n|t:|1770580886\n|switch|p1a: Regice|Regice, L84|272/272\n|turn|11\n|\n|t:|1770580893\n|move|p1b: Plusle|Thunderbolt|p2b: Scyther\n|-supereffective|p2b: Scyther\n|-damage|p2b: Scyther|7/243 par\n|move|p2b: Scyther|Bug Bite|p1b: Plusle\n|-damage|p1b: Plusle|39/260\n|-enditem|p1b: Plusle|Sitrus Berry|[from] stealeat|[move] Bug Bite|[of] p2b: Scyther\n|-heal|p2b: Scyther|67/243 par|[from] item: Sitrus Berry\n|move|p1a: Regice|Icy Wind|p2b: Scyther\n|-supereffective|p2b: Scyther\n|-damage|p2b: Scyther|0 fnt\n|faint|p2b: Scyther\n|\n|win|yannick69\n|raw|yannick69's rating: 1794 &rarr; <strong>1811</strong><br />(+17 for winning)\n|raw|theunluckyspirit's rating: 1736 &rarr; <strong>1719</strong><br />(-17 for losing)\n", "inputlog": ">version ccdc32dd7cde25fd9e4bed64820e885f66e78a4e\n>start {\"formatid\":\"gen9randomdoublesbattle\",\"seed\":\"sodium,bf618b6d07a60a4c35fb4e154a464dcb\",\"rated\":\"Rated battle\"}\n>player p1 {\"name\":\"yannick69\",\"avatar\":\"hiker-gen4\",\"rating\":1794,\"seed\":\"sodium,603b23d29fb381d6c7a2d3b74d4fdc78\"}\n>player p2 {\"name\":\"theunluckyspirit\",\"avatar\":\"cynthia-gen4\",\"rating\":1736,\"seed\":\"sodium,0d49ed97ee84808cfd1673307547dcb1\"}\n>p1 move trick +2, switch 4\n>p2 move scald +2, move protect\n>p1 move trick +1, move muddywater\n>p2 move snarl, move icebeam +2\n>p1 move expandingforce +1, move muddywater\n>p2 move snarl, move icywind\n>p1 pass, switch 4\n>p1 move psyshock +2, move bravebird +2\n>p2 switch 5, move protect\n>p1 switch 6, switch 3\n>p2 move voltswitch +2, switch 6\n>chat ☆theunluckyspirit|how many absorbers do you need\n>p1 move superpower +1 terastallize, move thunderbolt +2\n>p2 move scald +2, switch 6\n>p1 move superpower +1, move thunderbolt +2\n>p2 move scald +1, move protect\n>p2 switch 4, pass\n>p1 move knockoff +1, move thunderbolt +2\n>p2 move leechlife +1, move icebeam +1\n>p2 switch 5, switch 3\n>p1 move knockoff +1, move nuzzle +2\n>p2 move scald +1 terastallize, move tailwind\n>p2 switch 6, pass\n>p1 move trickroom, move thunderbolt +1\n>p2 move gunkshot +1, move dualwingbeat +1\n>p1 switch 5, pass\n>p1 move icywind, move thunderbolt +2\n>p2 pass, move bugbite +2", "uploadtime": 1770580896, "views": 86, "formatid": "gen9randomdoublesbattle", "rating": 1719, "private": 0, "password": null}