{"id": "gen9randomdoublesbattle-2539534845", "format": "[Gen 9] Random Doubles Battle", "players": ["JD989", "The Bloop"], "log": "|j|☆JD989\n|j|☆The Bloop\n|t:|1771077259\n|gametype|doubles\n|player|p1|JD989|rocketgrunt|1768\n|player|p2|The Bloop|102|1873\n|gen|9\n|tier|[Gen 9] Random Doubles Battle\n|rated|\n|rule|Species Clause: Limit one of each Pokémon\n|rule|HP Percentage Mod: HP is shown in percentages\n|rule|Illusion Level Mod: Illusion disguises the Pokémon's true level\n|rule|Sleep Clause Mod: Limit one foe put to sleep\n|\n|t:|1771077259\n|teamsize|p1|6\n|teamsize|p2|6\n|start\n|switch|p1a: Dialga|Dialga, L74|270/270\n|switch|p1b: Annihilape|Annihilape, L77, F|296/296\n|switch|p2a: Vaporeon|Vaporeon, L84, F|356/356\n|switch|p2b: Altaria|Altaria, L91, F|284/284\n|turn|1\n|l|☆JD989\n|player|p1|\n|j|☆JD989\n|player|p1|JD989|rocketgrunt|\n|inactive|Battle timer is ON: inactive players will automatically lose when time's up. (requested by JD989)\n|\n|t:|1771077301\n|move|p1b: Annihilape|U-turn|p2a: Vaporeon\n|-damage|p2a: Vaporeon|297/356\n|\n|t:|1771077305\n|switch|p1b: Lapras|Lapras, L83, M|351/351|[from] U-turn\n|move|p2b: Altaria|Tailwind|p2b: Altaria\n|-sidestart|p2: The Bloop|move: Tailwind\n|move|p2a: Vaporeon|Yawn|p1a: Dialga\n|-start|p1a: Dialga|move: Yawn|[of] p2a: Vaporeon\n|move|p1a: Dialga|Draco Meteor|p2b: Altaria\n|-supereffective|p2b: Altaria\n|-damage|p2b: Altaria|36/284\n|-unboost|p1a: Dialga|spa|2\n|-enditem|p2b: Altaria|Sitrus Berry|[eat]\n|-heal|p2b: Altaria|107/284|[from] item: Sitrus Berry\n|\n|upkeep\n|turn|2\n|inactive|The Bloop has 120 seconds left.\n|inactive|The Bloop has 90 seconds left.\n|\n|t:|1771077374\n|switch|p2b: Arceus|Arceus-Ice, L73|296/296\n|switch|p2a: Leavanny|Leavanny, L91, M|284/284\n|move|p1a: Dialga|Thunder Wave|p2a: Leavanny\n|-status|p2a: Leavanny|par\n|move|p1b: Lapras|Icy Wind|p2b: Arceus|[spread] p2a,p2b\n|-supereffective|p2a: Leavanny\n|-resisted|p2b: Arceus\n|-damage|p2a: Leavanny|204/284 par\n|-damage|p2b: Arceus|278/296\n|-unboost|p2a: Leavanny|spe|1\n|-unboost|p2b: Arceus|spe|1\n|\n|-end|p1a: Dialga|move: Yawn|[silent]\n|-status|p1a: Dialga|slp\n|upkeep\n|turn|3\n|\n|t:|1771077398\n|switch|p1b: Sunflora|Sunflora, F|312/312\n|move|p2b: Arceus|Calm Mind|p2b: Arceus\n|-boost|p2b: Arceus|spa|1\n|-boost|p2b: Arceus|spd|1\n|cant|p1a: Dialga|slp\n|move|p2a: Leavanny|Sticky Web|p1a: Dialga\n|-sidestart|p1: JD989|move: Sticky Web\n|\n|upkeep\n|turn|4\n|\n|t:|1771077423\n|move|p1b: Sunflora|Protect|p1b: Sunflora\n|-singleturn|p1b: Sunflora|Protect\n|move|p2b: Arceus|Judgment|p1b: Sunflora\n|-activate|p1b: Sunflora|move: Protect\n|cant|p1a: Dialga|slp\n|move|p2a: Leavanny|Knock Off|p1a: Dialga\n|-damage|p1a: Dialga|195/270 slp\n|-enditem|p1a: Dialga|Sitrus Berry|[from] move: Knock Off|[of] p2a: Leavanny\n|\n|-sideend|p2: The Bloop|move: Tailwind\n|upkeep\n|turn|5\n|\n|t:|1771077443\n|-curestatus|p1a: Dialga|slp|[msg]\n|move|p1a: Dialga|Thunder Wave|p2b: Arceus|[miss]\n|-miss|p1a: Dialga|p2b: Arceus\n|move|p2b: Arceus|Judgment|p1b: Sunflora\n|-supereffective|p1b: Sunflora\n|-damage|p1b: Sunflora|10/312\n|move|p1b: Sunflora|Sludge Bomb|p2a: Leavanny\n|-supereffective|p2a: Leavanny\n|-damage|p2a: Leavanny|0 fnt\n|faint|p2a: Leavanny\n|-damage|p1b: Sunflora|0 fnt|[from] item: Life Orb\n|faint|p1b: Sunflora\n|\n|upkeep\n|inactive|The Bloop has 90 seconds left.\n|\n|t:|1771077465\n|switch|p2a: Altaria|Altaria, L91, F|107/284\n|switch|p1b: Lapras|Lapras, L83, M|351/351\n|-activate|p1b: Lapras|move: Sticky Web\n|-unboost|p1b: Lapras|spe|1\n|turn|6\n|\n|t:|1771077474\n|-terastallize|p2b: Arceus|Ground\n|move|p2a: Altaria|Tailwind|p2a: Altaria\n|-sidestart|p2: The Bloop|move: Tailwind\n|move|p2b: Arceus|Earth Power|p1a: Dialga\n|-supereffective|p1a: Dialga\n|-damage|p1a: Dialga|0 fnt\n|faint|p1a: Dialga\n|move|p1b: Lapras|Icy Wind|p2b: Arceus|[spread] p2a,p2b\n|-supereffective|p2a: Altaria\n|-supereffective|p2b: Arceus\n|-damage|p2a: Altaria|0 fnt\n|-damage|p2b: Arceus|230/296\n|-unboost|p2b: Arceus|spe|1\n|faint|p2a: Altaria\n|\n|upkeep\n|\n|t:|1771077494\n|switch|p2a: Pawmot|Pawmot, L80, F|243/243\n|switch|p1a: Drifblim|Drifblim, L85, M|394/394\n|turn|7\n|inactive|The Bloop has 120 seconds left.\n|\n|t:|1771077516\n|switch|p1b: Garchomp|Garchomp, L77, F|293/293\n|-activate|p1b: Garchomp|move: Sticky Web\n|-unboost|p1b: Garchomp|spe|1\n|-terastallize|p1a: Drifblim|Ghost\n|move|p2a: Pawmot|Fake Out|p1b: Garchomp\n|-damage|p1b: Garchomp|264/293\n|-damage|p2a: Pawmot|213/243|[from] ability: Rough Skin|[of] p1b: Garchomp\n|move|p2b: Arceus|Judgment|p1a: Drifblim\n|-damage|p1a: Drifblim|157/394\n|-enditem|p1a: Drifblim|Sitrus Berry|[eat]\n|-heal|p1a: Drifblim|255/394|[from] item: Sitrus Berry\n|move|p1a: Drifblim|Will-O-Wisp|p2a: Pawmot\n|-status|p2a: Pawmot|brn\n|\n|-damage|p2a: Pawmot|198/243 brn|[from] brn\n|upkeep\n|turn|8\n|inactive|The Bloop has 120 seconds left.\n|inactive|JD989 has 120 seconds left.\n|inactive|JD989 has 90 seconds left.\n|inactive|JD989 has 60 seconds left.\n|\n|t:|1771077611\n|switch|p1b: Lapras|Lapras, L83, M|351/351\n|-activate|p1b: Lapras|move: Sticky Web\n|-unboost|p1b: Lapras|spe|1\n|move|p2a: Pawmot|Revival Blessing|p2a: Pawmot\n|\n|t:|1771077620\n|-heal|p2: Altaria|142/284|[from] move: Revival Blessing\n|move|p1a: Drifblim|Strength Sap|p2a: Pawmot\n|-fail|p2a: Pawmot|unboost|[from] item: Clear Amulet|[of] p2a: Pawmot\n|-heal|p1a: Drifblim|394/394\n|move|p2b: Arceus|Judgment|p1a: Drifblim\n|-damage|p1a: Drifblim|160/394\n|\n|-damage|p2a: Pawmot|183/243 brn|[from] brn\n|upkeep\n|turn|9\n|inactive|The Bloop has 120 seconds left.\n|\n|t:|1771077649\n|move|p2a: Pawmot|Double Shock|p1b: Lapras\n|-supereffective|p1b: Lapras\n|-damage|p1b: Lapras|216/351\n|-start|p2a: Pawmot|typechange|???/Fighting|[from] move: Double Shock\n|move|p1a: Drifblim|Strength Sap|p2a: Pawmot\n|-fail|p2a: Pawmot|unboost|[from] item: Clear Amulet|[of] p2a: Pawmot\n|-heal|p1a: Drifblim|390/394\n|move|p2b: Arceus|Judgment|p1a: Drifblim\n|-damage|p1a: Drifblim|170/394\n|move|p1b: Lapras|Icy Wind|p2b: Arceus|[spread] p2a,p2b\n|-supereffective|p2b: Arceus\n|-damage|p2a: Pawmot|132/243 brn\n|-damage|p2b: Arceus|180/296\n|-unboost|p2b: Arceus|spe|1\n|\n|-damage|p2a: Pawmot|117/243 brn|[from] brn\n|-sideend|p2: The Bloop|move: Tailwind\n|upkeep\n|turn|10\n|inactive|The Bloop has 120 seconds left.\n|\n|t:|1771077670\n|move|p1a: Drifblim|Strength Sap|p2a: Pawmot\n|-fail|p2a: Pawmot|unboost|[from] item: Clear Amulet|[of] p2a: Pawmot\n|-heal|p1a: Drifblim|394/394\n|move|p2a: Pawmot|Close Combat|p1b: Lapras\n|-supereffective|p1b: Lapras\n|-damage|p1b: Lapras|62/351\n|-unboost|p2a: Pawmot|def|1\n|-unboost|p2a: Pawmot|spd|1\n|-enditem|p1b: Lapras|Sitrus Berry|[eat]\n|-heal|p1b: Lapras|149/351|[from] item: Sitrus Berry\n|move|p1b: Lapras|Muddy Water|p2a: Pawmot|[spread] p2a,p2b\n|-supereffective|p2b: Arceus\n|-damage|p2a: Pawmot|0 fnt\n|-damage|p2b: Arceus|100/296\n|-unboost|p2b: Arceus|accuracy|1\n|faint|p2a: Pawmot\n|move|p2b: Arceus|Earth Power|p1b: Lapras|[miss]\n|-miss|p2b: Arceus|p1b: Lapras\n|\n|upkeep\n|inactive|The Bloop has 120 seconds left.\n|\n|t:|1771077695\n|switch|p2a: Altaria|Altaria, L91, F|142/284\n|turn|11\n|inactive|The Bloop has 120 seconds left.\n|inactive|JD989 has 90 seconds left.\n|\n|t:|1771077712\n|move|p1a: Drifblim|Tailwind|p1a: Drifblim\n|-sidestart|p1: JD989|move: Tailwind\n|move|p2a: Altaria|Tailwind|p2a: Altaria\n|-sidestart|p2: The Bloop|move: Tailwind\n|move|p1b: Lapras|Freeze-Dry|p2a: Altaria\n|-supereffective|p2a: Altaria\n|-damage|p2a: Altaria|0 fnt\n|faint|p2a: Altaria\n|move|p2b: Arceus|Recover|p2b: Arceus\n|-heal|p2b: Arceus|248/296\n|\n|upkeep\n|inactive|The Bloop has 120 seconds left.\n|\n|t:|1771077734\n|switch|p2a: Vaporeon|Vaporeon, L84, F|297/356\n|turn|12\n|\n|t:|1771077745\n|move|p1a: Drifblim|Shadow Ball|p2a: Vaporeon\n|-damage|p2a: Vaporeon|191/356\n|move|p2a: Vaporeon|Icy Wind|p1a: Drifblim|[spread] p1a,p1b\n|-resisted|p1b: Lapras\n|-damage|p1a: Drifblim|346/394\n|-damage|p1b: Lapras|141/351\n|-unboost|p1a: Drifblim|spe|1\n|-unboost|p1b: Lapras|spe|1\n|move|p2b: Arceus|Earth Power|p1b: Lapras\n|-damage|p1b: Lapras|14/351\n|move|p1b: Lapras|Freeze-Dry|p2a: Vaporeon\n|-supereffective|p2a: Vaporeon\n|-damage|p2a: Vaporeon|69/356\n|-enditem|p2a: Vaporeon|Sitrus Berry|[eat]\n|-heal|p2a: Vaporeon|158/356|[from] item: Sitrus Berry\n|\n|upkeep\n|turn|13\n|inactive|JD989 has 120 seconds left.\n|\n|t:|1771077775\n|move|p1a: Drifblim|Shadow Ball|p2a: Vaporeon\n|-damage|p2a: Vaporeon|46/356\n|move|p2a: Vaporeon|Yawn|p1a: Drifblim\n|-start|p1a: Drifblim|move: Yawn|[of] p2a: Vaporeon\n|move|p2b: Arceus|Earth Power|p1b: Lapras\n|-damage|p1b: Lapras|0 fnt\n|faint|p1b: Lapras\n|\n|upkeep\n|\n|t:|1771077794\n|switch|p1b: Annihilape|Annihilape, L77, F|296/296\n|-activate|p1b: Annihilape|move: Sticky Web\n|-unboost|p1b: Annihilape|spe|1\n|-ability|p1b: Annihilape|Defiant|boost\n|-boost|p1b: Annihilape|atk|2\n|turn|14\n|inactive|JD989 has 120 seconds left.\n|\n|t:|1771077812\n|move|p1a: Drifblim|Shadow Ball|p2a: Vaporeon\n|-damage|p2a: Vaporeon|0 fnt\n|faint|p2a: Vaporeon\n|move|p1b: Annihilape|Close Combat|p2b: Arceus\n|-damage|p2b: Arceus|19/296\n|-unboost|p1b: Annihilape|def|1\n|-unboost|p1b: Annihilape|spd|1\n|move|p2b: Arceus|Judgment|p1b: Annihilape\n|-damage|p1b: Annihilape|0 fnt\n|faint|p1b: Annihilape\n|\n|-end|p1a: Drifblim|move: Yawn|[silent]\n|-status|p1a: Drifblim|slp\n|-sideend|p2: The Bloop|move: Tailwind\n|-sideend|p1: JD989|move: Tailwind\n|upkeep\n|\n|t:|1771077823\n|switch|p1b: Garchomp|Garchomp, L77, F|264/293\n|switch|p2a: Gholdengo|Gholdengo, L78|264/264\n|-activate|p1b: Garchomp|move: Sticky Web\n|-unboost|p1b: Garchomp|spe|1\n|turn|15\n|\n|t:|1771077844\n|move|p2a: Gholdengo|Protect|p2a: Gholdengo\n|-singleturn|p2a: Gholdengo|Protect\n|move|p1b: Garchomp|Protect|p1b: Garchomp\n|-singleturn|p1b: Garchomp|Protect\n|cant|p1a: Drifblim|slp\n|move|p2b: Arceus|Judgment|p1b: Garchomp\n|-activate|p1b: Garchomp|move: Protect\n|\n|upkeep\n|turn|16\n|\n|t:|1771077865\n|cant|p1a: Drifblim|slp\n|move|p2a: Gholdengo|Dazzling Gleam|p1b: Garchomp|[spread] p1a,p1b\n|-supereffective|p1b: Garchomp\n|-crit|p1b: Garchomp\n|-damage|p1a: Drifblim|264/394 slp\n|-damage|p1b: Garchomp|72/293\n|-damage|p2a: Gholdengo|238/264|[from] item: Life Orb\n|move|p1b: Garchomp|Earthquake|p2a: Gholdengo|[spread] p1a,p2a,p2b\n|-supereffective|p2a: Gholdengo\n|-damage|p1a: Drifblim|126/394 slp\n|-damage|p2a: Gholdengo|64/264\n|-damage|p2b: Arceus|0 fnt\n|faint|p2b: Arceus\n|\n|upkeep\n|turn|17\n|\n|t:|1771077877\n|move|p1b: Garchomp|Protect|p1b: Garchomp\n|-singleturn|p1b: Garchomp|Protect\n|cant|p1a: Drifblim|slp\n|move|p2a: Gholdengo|Dazzling Gleam|p1a: Drifblim|[spread] p1a\n|-activate|p1b: Garchomp|move: Protect\n|-damage|p1a: Drifblim|39/394 slp\n|-damage|p2a: Gholdengo|38/264|[from] item: Life Orb\n|\n|upkeep\n|turn|18\n|c|☆The Bloop|gg\n|\n|t:|1771077886\n|-curestatus|p1a: Drifblim|slp|[msg]\n|move|p1a: Drifblim|Shadow Ball|p2a: Gholdengo\n|-supereffective|p2a: Gholdengo\n|-crit|p2a: Gholdengo\n|-damage|p2a: Gholdengo|0 fnt\n|faint|p2a: Gholdengo\n|\n|win|JD989\n|raw|JD989's rating: 1768 &rarr; <strong>1794</strong><br />(+26 for winning)\n|raw|The Bloop's rating: 1873 &rarr; <strong>1847</strong><br />(-26 for losing)\n", "inputlog": ">version ccdc32dd7cde25fd9e4bed64820e885f66e78a4e\n>start {\"formatid\":\"gen9randomdoublesbattle\",\"seed\":\"sodium,5f860bc9986b2a35f5fd4aea6a6aaecc\",\"rated\":\"Rated battle\"}\n>player p1 {\"name\":\"JD989\",\"avatar\":\"rocketgrunt\",\"rating\":1768,\"seed\":\"sodium,a55d32b9206a8cc80f7f128b84592869\"}\n>player p2 {\"name\":\"The Bloop\",\"avatar\":\"102\",\"rating\":1873,\"seed\":\"sodium,a24fac93a350782f660afa9f20d8e12f\"}\n>p1 move dracometeor +2, move uturn +1\n>p2 move yawn +1, move tailwind\n>p1 pass, switch 6\n>p1 move thunderwave +1, move icywind\n>p2 switch 4, switch 3\n>p1 move heavyslam +2, switch 5\n>p2 move stickyweb, move calmmind\n>p1 move thunderwave +2, move protect\n>p2 move knockoff +1, move judgment +2\n>p1 move thunderwave +2, move sludgebomb +1\n>p2 move pollenpuff +2, move judgment +2\n>p1 pass, switch 5\n>p2 switch 3, pass\n>p1 move thunderwave +2, move icywind\n>p2 move tailwind, move earthpower +1 terastallize\n>p1 switch 3, pass\n>p2 switch 5, pass\n>p1 move willowisp +1 terastallize, switch 4\n>p2 move fakeout +2, move judgment +1\n>p1 move strengthsap +1, switch 4\n>p2 move revivalblessing, move judgment +1\n>p2 switch 5, pass\n>p1 move strengthsap +1, move icywind\n>p2 move doubleshock +2, move judgment +1\n>p1 move strengthsap +1, move muddywater\n>p2 move closecombat +2, move earthpower +2\n>p2 switch 5, pass\n>p1 move tailwind, move freezedry +1\n>p2 move tailwind, move recover\n>p2 switch 4, pass\n>p1 move shadowball +1, move freezedry +1\n>p2 move icywind, move earthpower +2\n>p1 move shadowball +1, move freezedry +1\n>p2 move yawn +1, move earthpower +2\n>p1 pass, switch 6\n>p1 move shadowball +1, move closecombat +2\n>p2 move scald +2, move judgment +2\n>p1 pass, switch 4\n>p2 switch 6, pass\n>p1 move tailwind, move protect\n>p2 move protect, move judgment +2\n>p1 move shadowball +1, move earthquake\n>p2 move dazzlinggleam, move judgment +1\n>p1 move shadowball +1, move protect\n>p2 move dazzlinggleam, pass\n>chat ☆The Bloop|gg\n>p1 move shadowball +1, move earthquake\n>p2 move dazzlinggleam, pass", "uploadtime": 1771077891, "views": 75, "formatid": "gen9randomdoublesbattle", "rating": 1794, "private": 0, "password": null}