{"id": "gen9randomdoublesbattle-2539848335", "format": "[Gen 9] Random Doubles Battle", "players": ["lukesuf", "baseballlover"], "log": "|j|☆lukesuf\n|j|☆baseballlover\n|t:|1771117096\n|gametype|doubles\n|player|p1|lukesuf|flint|1682\n|player|p2|baseballlover|2|1626\n|gen|9\n|tier|[Gen 9] Random Doubles Battle\n|rated|\n|rule|Species Clause: Limit one of each Pokémon\n|rule|HP Percentage Mod: HP is shown in percentages\n|rule|Illusion Level Mod: Illusion disguises the Pokémon's true level\n|rule|Sleep Clause Mod: Limit one foe put to sleep\n|\n|t:|1771117096\n|teamsize|p1|6\n|teamsize|p2|6\n|start\n|switch|p1a: Espeon|Espeon, L84, F|246/246\n|switch|p1b: Gliscor|Gliscor, L81, F|254/254\n|switch|p2a: Baxcalibur|Baxcalibur, L78, F|307/307\n|switch|p2b: Hoopa|Hoopa-Unbound, L80|259/259\n|turn|1\n|inactive|Battle timer is ON: inactive players will automatically lose when time's up. (requested by baseballlover)\n|inactive|baseballlover has 120 seconds left.\n|\n|t:|1771117131\n|move|p1b: Gliscor|Protect|p1b: Gliscor\n|-singleturn|p1b: Gliscor|Protect\n|move|p2b: Hoopa|Hyperspace Fury|p1b: Gliscor\n|-activate|p1b: Gliscor|move: Hyperspace Fury|[broken]\n|-damage|p1b: Gliscor|148/254\n|-unboost|p2b: Hoopa|def|1\n|move|p1a: Espeon|Dazzling Gleam|p2a: Baxcalibur|[spread] p2a,p2b\n|-supereffective|p2a: Baxcalibur\n|-supereffective|p2b: Hoopa\n|-damage|p2a: Baxcalibur|159/307\n|-damage|p2b: Hoopa|158/259\n|-damage|p1a: Espeon|222/246|[from] item: Life Orb\n|move|p2a: Baxcalibur|Icicle Crash|p1b: Gliscor\n|-supereffective|p1b: Gliscor\n|-damage|p1b: Gliscor|0 fnt\n|faint|p1b: Gliscor\n|\n|upkeep\n|inactive|lukesuf has 120 seconds left.\n|\n|t:|1771117173\n|switch|p1b: Iron Thorns|Iron Thorns, L82|298/298\n|turn|2\n|\n|t:|1771117195\n|-terastallize|p1a: Espeon|Fairy\n|move|p2b: Hoopa|Hyperspace Fury|p1a: Espeon\n|-resisted|p1a: Espeon\n|-damage|p1a: Espeon|122/246\n|-unboost|p2b: Hoopa|def|1\n|move|p1a: Espeon|Dazzling Gleam|p2a: Baxcalibur|[spread] p2a,p2b\n|-supereffective|p2a: Baxcalibur\n|-supereffective|p2b: Hoopa\n|-damage|p2a: Baxcalibur|0 fnt\n|-damage|p2b: Hoopa|7/259\n|faint|p2a: Baxcalibur\n|-damage|p1a: Espeon|98/246|[from] item: Life Orb\n|move|p1b: Iron Thorns|Dragon Dance|p1b: Iron Thorns\n|-boost|p1b: Iron Thorns|atk|1\n|-boost|p1b: Iron Thorns|spe|1\n|\n|upkeep\n|\n|t:|1771117205\n|switch|p2a: Ditto|Ditto, L97|250/250\n|-transform|p2a: Ditto|p1b: Iron Thorns|[from] ability: Imposter\n|turn|3\n|\n|t:|1771117218\n|move|p2b: Hoopa|Hyperspace Fury|p1a: Espeon\n|-resisted|p1a: Espeon\n|-damage|p1a: Espeon|5/246\n|-unboost|p2b: Hoopa|def|1\n|move|p2a: Ditto|Dragon Dance|p2a: Ditto\n|-boost|p2a: Ditto|atk|1\n|-boost|p2a: Ditto|spe|1\n|move|p1b: Iron Thorns|Dragon Dance|p1b: Iron Thorns\n|-boost|p1b: Iron Thorns|atk|1\n|-boost|p1b: Iron Thorns|spe|1\n|move|p1a: Espeon|Dazzling Gleam|p2a: Ditto|[spread] p2a,p2b\n|-supereffective|p2b: Hoopa\n|-damage|p2a: Ditto|136/250\n|-damage|p2b: Hoopa|0 fnt\n|faint|p2b: Hoopa\n|-damage|p1a: Espeon|0 fnt|[from] item: Life Orb\n|faint|p1a: Espeon\n|\n|upkeep\n|\n|t:|1771117243\n|switch|p1a: Sandaconda|Sandaconda, L88, F|270/270\n|switch|p2b: Sandslash|Sandslash, L93, F|290/290\n|turn|4\n|\n|t:|1771117254\n|-terastallize|p2a: Ditto|Water\n|move|p1b: Iron Thorns|Protect|p1b: Iron Thorns\n|-singleturn|p1b: Iron Thorns|Protect\n|move|p2a: Ditto|Rock Slide|p1a: Sandaconda|[spread] p1a\n|-activate|p1b: Iron Thorns|move: Protect\n|-resisted|p1a: Sandaconda\n|-damage|p1a: Sandaconda|204/270\n|move|p1a: Sandaconda|Coil|p1a: Sandaconda\n|-boost|p1a: Sandaconda|atk|1\n|-boost|p1a: Sandaconda|def|1\n|-boost|p1a: Sandaconda|accuracy|1\n|move|p2b: Sandslash|Swords Dance|p2b: Sandslash\n|-boost|p2b: Sandslash|atk|2\n|\n|-heal|p1a: Sandaconda|220/270|[from] item: Leftovers\n|upkeep\n|turn|5\n|\n|t:|1771117276\n|move|p2a: Ditto|Rock Slide|p1a: Sandaconda|[spread] p1a,p1b\n|-resisted|p1a: Sandaconda\n|-damage|p1a: Sandaconda|178/270\n|-damage|p1b: Iron Thorns|162/298\n|move|p1b: Iron Thorns|Wild Charge|p2a: Ditto\n|-supereffective|p2a: Ditto\n|-damage|p2a: Ditto|0 fnt\n|faint|p2a: Ditto\n|-end|p2a: Ditto|Quark Drive|[silent]\n|-damage|p1b: Iron Thorns|128/298|[from] Recoil\n|cant|p1a: Sandaconda|flinch\n|move|p2b: Sandslash|High Horsepower|p1b: Iron Thorns\n|-supereffective|p1b: Iron Thorns\n|-damage|p1b: Iron Thorns|0 fnt\n|faint|p1b: Iron Thorns\n|-end|p1b: Iron Thorns|Quark Drive|[silent]\n|-damage|p2b: Sandslash|261/290|[from] item: Life Orb\n|\n|-heal|p1a: Sandaconda|194/270|[from] item: Leftovers\n|upkeep\n|inactive|lukesuf has 120 seconds left.\n|\n|t:|1771117294\n|switch|p1b: Raichu|Raichu, L87, M|246/246\n|switch|p2a: Crawdaunt|Crawdaunt, L87, M|251/251\n|turn|6\n|\n|t:|1771117317\n|switch|p2a: Swampert|Swampert, L82, F|298/298\n|move|p1b: Raichu|Grass Knot|p2b: Sandslash\n|-supereffective|p2b: Sandslash\n|-damage|p2b: Sandslash|149/290\n|move|p1a: Sandaconda|High Horsepower|p2b: Sandslash\n|-damage|p2b: Sandslash|20/290\n|move|p2b: Sandslash|High Horsepower|p1b: Raichu\n|-supereffective|p1b: Raichu\n|-damage|p1b: Raichu|0 fnt\n|faint|p1b: Raichu\n|-damage|p2b: Sandslash|0 fnt|[from] item: Life Orb\n|faint|p2b: Sandslash\n|\n|-heal|p1a: Sandaconda|210/270|[from] item: Leftovers\n|upkeep\n|inactive|lukesuf has 120 seconds left.\n|\n|t:|1771117334\n|switch|p1b: Dialga|Dialga-Origin, L74|270/270\n|switch|p2b: Crawdaunt|Crawdaunt, L87, M|251/251\n|turn|7\n|\n|t:|1771117359\n|move|p1b: Dialga|Draco Meteor|p2b: Crawdaunt\n|-damage|p2b: Crawdaunt|22/251\n|-unboost|p1b: Dialga|spa|2\n|move|p1a: Sandaconda|High Horsepower|p2b: Crawdaunt\n|-damage|p2b: Crawdaunt|0 fnt\n|faint|p2b: Crawdaunt\n|move|p2a: Swampert|High Horsepower|p1b: Dialga\n|-supereffective|p1b: Dialga\n|-damage|p1b: Dialga|66/270\n|\n|-heal|p1a: Sandaconda|226/270|[from] item: Leftovers\n|upkeep\n|turn|8\n|\n|t:|1771117373\n|move|p1b: Dialga|Draco Meteor|p2a: Swampert|[miss]\n|-miss|p1b: Dialga|p2a: Swampert\n|move|p1a: Sandaconda|High Horsepower|p2a: Swampert\n|-damage|p2a: Swampert|108/298\n|move|p2a: Swampert|Muddy Water|p1b: Dialga|[spread] p1a,p1b\n|-supereffective|p1a: Sandaconda\n|-resisted|p1b: Dialga\n|-damage|p1a: Sandaconda|74/270\n|-damage|p1b: Dialga|41/270\n|\n|-heal|p1a: Sandaconda|90/270|[from] item: Leftovers\n|upkeep\n|turn|9\n|\n|t:|1771117385\n|move|p1b: Dialga|Draco Meteor|p2a: Swampert\n|-damage|p2a: Swampert|48/298\n|-unboost|p1b: Dialga|spa|2\n|move|p1a: Sandaconda|High Horsepower|p2a: Swampert\n|-damage|p2a: Swampert|0 fnt\n|faint|p2a: Swampert\n|\n|win|lukesuf\n|raw|lukesuf's rating: 1682 &rarr; <strong>1699</strong><br />(+17 for winning)\n|raw|baseballlover's rating: 1626 &rarr; <strong>1609</strong><br />(-17 for losing)\n", "inputlog": ">version ccdc32dd7cde25fd9e4bed64820e885f66e78a4e\n>start {\"formatid\":\"gen9randomdoublesbattle\",\"seed\":\"sodium,06ef0e9015257dc966b511ad979a991b\",\"rated\":\"Rated battle\"}\n>player p1 {\"name\":\"lukesuf\",\"avatar\":\"flint\",\"rating\":1682,\"seed\":\"sodium,ed3c48795f08986090fcf92103699ddd\"}\n>player p2 {\"name\":\"baseballlover\",\"avatar\":\"2\",\"rating\":1626,\"seed\":\"sodium,b9eaba9e9b11a9e50989333ef22967da\"}\n>p1 move dazzlinggleam, move protect\n>p2 move iciclecrash +2, move hyperspacefury +2\n>p1 pass, switch 3\n>p1 move dazzlinggleam terastallize, move dragondance\n>p2 move iciclecrash +2, move hyperspacefury +1\n>p2 switch 6, pass\n>p1 move dazzlinggleam, move dragondance\n>p2 move dragondance, move hyperspacefury +1\n>p1 switch 4, pass\n>p2 pass, switch 5\n>p1 move coil, move protect\n>p2 move rockslide terastallize, move swordsdance\n>p1 move highhorsepower +2, move wildcharge +1\n>p2 move rockslide, move highhorsepower +2\n>p1 pass, switch 5\n>p2 switch 4, pass\n>p1 move highhorsepower +2, move grassknot +2\n>p2 switch 3, move highhorsepower +2\n>p1 pass, switch 6\n>p2 pass, switch 3\n>p1 move highhorsepower +2, move dracometeor +2\n>p2 move highhorsepower +2, move crabhammer +1\n>p1 move highhorsepower +1, move dracometeor +1\n>p2 move muddywater, pass\n>p1 move highhorsepower +1, move dracometeor +1\n>p2 move muddywater, pass", "uploadtime": 1771117385, "views": 65, "formatid": "gen9randomdoublesbattle", "rating": 1609, "private": 0, "password": null}