{"id": "gen9randomdoublesbattle-2540421272", "format": "[Gen 9] Random Doubles Battle", "players": ["Mcf1417", "crustytoejam"], "log": "|j|☆Mcf1417\n|j|☆crustytoejam\n|t:|1771199953\n|gametype|doubles\n|player|p1|Mcf1417|170|1750\n|player|p2|crustytoejam|clown|1752\n|gen|9\n|tier|[Gen 9] Random Doubles Battle\n|rated|\n|rule|Species Clause: Limit one of each Pokémon\n|rule|HP Percentage Mod: HP is shown in percentages\n|rule|Illusion Level Mod: Illusion disguises the Pokémon's true level\n|rule|Sleep Clause Mod: Limit one foe put to sleep\n|\n|t:|1771199953\n|teamsize|p1|6\n|teamsize|p2|6\n|start\n|switch|p1a: Ampharos|Ampharos, L86, M|295/295\n|switch|p1b: Glimmora|Glimmora, L77, F|254/254\n|switch|p2a: Regigigas|Regigigas, L86|329/329\n|switch|p2b: Empoleon|Empoleon, L83, M|275/275\n|-start|p2a: Regigigas|ability: Slow Start\n|turn|1\n|inactive|Battle timer is ON: inactive players will automatically lose when time's up. (requested by crustytoejam)\n|\n|t:|1771199971\n|move|p1b: Glimmora|Meteor Beam||[still]\n|-prepare|p1b: Glimmora|Meteor Beam\n|-boost|p1b: Glimmora|spa|1\n|-enditem|p1b: Glimmora|Power Herb\n|-anim|p1b: Glimmora|Meteor Beam|p2a: Regigigas\n|-damage|p2a: Regigigas|157/329\n|move|p2b: Empoleon|Hydro Pump|p1b: Glimmora\n|-supereffective|p1b: Glimmora\n|-damage|p1b: Glimmora|0 fnt\n|faint|p1b: Glimmora\n|move|p1a: Ampharos|Thunderbolt|p2b: Empoleon\n|-supereffective|p2b: Empoleon\n|-damage|p2b: Empoleon|143/275\n|move|p2a: Regigigas|Substitute|p2a: Regigigas\n|-start|p2a: Regigigas|Substitute\n|-damage|p2a: Regigigas|75/329\n|\n|-heal|p2a: Regigigas|95/329|[from] item: Leftovers\n|upkeep\n|\n|t:|1771199990\n|switch|p1b: Lilligant|Lilligant, L88, F|266/266\n|turn|2\n|\n|t:|1771200001\n|move|p1b: Lilligant|Quiver Dance|p1b: Lilligant\n|-boost|p1b: Lilligant|spa|1\n|-boost|p1b: Lilligant|spd|1\n|-boost|p1b: Lilligant|spe|1\n|move|p2b: Empoleon|Knock Off|p1b: Lilligant\n|-damage|p1b: Lilligant|197/266\n|-enditem|p1b: Lilligant|Life Orb|[from] move: Knock Off|[of] p2b: Empoleon\n|move|p1a: Ampharos|Thunderbolt|p2b: Empoleon\n|-supereffective|p2b: Empoleon\n|-damage|p2b: Empoleon|0 fnt\n|faint|p2b: Empoleon\n|move|p2a: Regigigas|Body Slam|p1b: Lilligant\n|-damage|p1b: Lilligant|116/266\n|-status|p1b: Lilligant|par\n|\n|-heal|p2a: Regigigas|115/329|[from] item: Leftovers\n|upkeep\n|\n|t:|1771200013\n|switch|p2b: Breloom|Breloom, L84, M|238/238\n|turn|3\n|\n|t:|1771200024\n|move|p2b: Breloom|Spore|p1a: Ampharos\n|-status|p1a: Ampharos|slp|[from] move: Spore\n|move|p1b: Lilligant|Energy Ball|p2a: Regigigas\n|-end|p2a: Regigigas|Substitute\n|cant|p1a: Ampharos|slp\n|move|p2a: Regigigas|Body Slam|p1b: Lilligant\n|-crit|p1b: Lilligant\n|-damage|p1b: Lilligant|0 fnt\n|faint|p1b: Lilligant\n|\n|-heal|p2a: Regigigas|135/329|[from] item: Leftovers\n|upkeep\n|\n|t:|1771200027\n|switch|p1b: Luxray|Luxray, L86, M|278/278\n|-ability|p1b: Luxray|Intimidate|boost\n|-unboost|p2a: Regigigas|atk|1\n|-unboost|p2b: Breloom|atk|1\n|turn|4\n|\n|t:|1771200035\n|move|p2a: Regigigas|Protect|p2a: Regigigas\n|-singleturn|p2a: Regigigas|Protect\n|move|p1b: Luxray|Wild Charge|p2a: Regigigas\n|-activate|p2a: Regigigas|move: Protect\n|move|p2b: Breloom|Rock Tomb|p1b: Luxray\n|-damage|p1b: Luxray|205/278\n|-unboost|p1b: Luxray|spe|1\n|-damage|p2b: Breloom|215/238|[from] item: Life Orb\n|cant|p1a: Ampharos|slp\n|\n|-heal|p2a: Regigigas|155/329|[from] item: Leftovers\n|upkeep\n|turn|5\n|\n|t:|1771200043\n|move|p2b: Breloom|Rock Tomb|p1a: Ampharos\n|-damage|p1a: Ampharos|230/295 slp\n|-unboost|p1a: Ampharos|spe|1\n|-damage|p2b: Breloom|192/238|[from] item: Life Orb\n|move|p1b: Luxray|Volt Switch|p2a: Regigigas\n|-damage|p2a: Regigigas|92/329\n|\n|t:|1771200046\n|switch|p1b: Arboliva|Arboliva, L88, F|281/281|[from] Volt Switch\n|move|p2a: Regigigas|Knock Off|p1b: Arboliva\n|-damage|p1b: Arboliva|247/281\n|-fieldstart|move: Grassy Terrain|[from] ability: Seed Sower|[of] p1b: Arboliva\n|-enditem|p1b: Arboliva|Life Orb|[from] move: Knock Off|[of] p2a: Regigigas\n|cant|p1a: Ampharos|slp\n|\n|-heal|p2b: Breloom|206/238|[from] Grassy Terrain\n|-heal|p1b: Arboliva|264/281|[from] Grassy Terrain\n|-heal|p2a: Regigigas|112/329|[from] Grassy Terrain\n|-heal|p2a: Regigigas|132/329|[from] item: Leftovers\n|-heal|p1a: Ampharos|248/295 slp|[from] Grassy Terrain\n|-end|p2a: Regigigas|Slow Start\n|upkeep\n|turn|6\n|\n|t:|1771200065\n|switch|p1b: Luxray|Luxray, L86, M|205/278\n|-ability|p1b: Luxray|Intimidate|boost\n|-unboost|p2a: Regigigas|atk|1\n|-unboost|p2b: Breloom|atk|1\n|move|p2a: Regigigas|Protect|p2a: Regigigas\n|-singleturn|p2a: Regigigas|Protect\n|move|p2b: Breloom|Mach Punch|p1b: Luxray\n|-damage|p1b: Luxray|153/278\n|-damage|p2b: Breloom|183/238|[from] item: Life Orb\n|-curestatus|p1a: Ampharos|slp|[msg]\n|move|p1a: Ampharos|Thunderbolt|p2a: Regigigas\n|-activate|p2a: Regigigas|move: Protect\n|\n|-heal|p2a: Regigigas|152/329|[from] Grassy Terrain\n|-heal|p2a: Regigigas|172/329|[from] item: Leftovers\n|-heal|p1b: Luxray|170/278|[from] Grassy Terrain\n|-heal|p2b: Breloom|197/238|[from] Grassy Terrain\n|-heal|p1a: Ampharos|266/295|[from] Grassy Terrain\n|upkeep\n|turn|7\n|\n|t:|1771200074\n|move|p2a: Regigigas|Body Slam|p1b: Luxray\n|-damage|p1b: Luxray|95/278\n|move|p1b: Luxray|Crunch|p2a: Regigigas\n|-damage|p2a: Regigigas|118/329\n|move|p2b: Breloom|Spore|p1a: Ampharos\n|-status|p1a: Ampharos|slp|[from] move: Spore\n|cant|p1a: Ampharos|slp\n|\n|-heal|p2a: Regigigas|138/329|[from] Grassy Terrain\n|-heal|p2a: Regigigas|158/329|[from] item: Leftovers\n|-heal|p1b: Luxray|112/278|[from] Grassy Terrain\n|-heal|p2b: Breloom|211/238|[from] Grassy Terrain\n|-heal|p1a: Ampharos|284/295 slp|[from] Grassy Terrain\n|upkeep\n|turn|8\n|\n|t:|1771200082\n|move|p2a: Regigigas|Knock Off|p1b: Luxray\n|-damage|p1b: Luxray|56/278\n|-enditem|p1b: Luxray|Assault Vest|[from] move: Knock Off|[of] p2a: Regigigas\n|move|p1b: Luxray|Volt Switch|p2b: Breloom\n|-resisted|p2b: Breloom\n|-damage|p2b: Breloom|161/238\n|\n|t:|1771200086\n|switch|p1b: Veluza|Veluza, L88, M|302/302|[from] Volt Switch\n|move|p2b: Breloom|Rock Tomb|p1b: Veluza\n|-damage|p1b: Veluza|244/302\n|-unboost|p1b: Veluza|spe|1\n|-damage|p2b: Breloom|138/238|[from] item: Life Orb\n|cant|p1a: Ampharos|slp\n|\n|-heal|p2a: Regigigas|178/329|[from] Grassy Terrain\n|-heal|p2a: Regigigas|198/329|[from] item: Leftovers\n|-heal|p2b: Breloom|152/238|[from] Grassy Terrain\n|-heal|p1b: Veluza|262/302|[from] Grassy Terrain\n|-heal|p1a: Ampharos|295/295 slp|[from] Grassy Terrain\n|upkeep\n|turn|9\n|\n|t:|1771200098\n|-terastallize|p1b: Veluza|Dark\n|move|p2a: Regigigas|Knock Off|p1b: Veluza\n|-resisted|p1b: Veluza\n|-damage|p1b: Veluza|235/302\n|-enditem|p1b: Veluza|Choice Band|[from] move: Knock Off|[of] p2a: Regigigas\n|move|p2b: Breloom|Bullet Seed|p1b: Veluza\n|-damage|p1b: Veluza|191/302\n|-damage|p1b: Veluza|144/302\n|-hitcount|p1b: Veluza|2\n|-damage|p2b: Breloom|129/238|[from] item: Life Orb\n|move|p1b: Veluza|Psycho Cut|p2a: Regigigas\n|-damage|p2a: Regigigas|92/329\n|cant|p1a: Ampharos|slp\n|\n|-heal|p2a: Regigigas|112/329|[from] Grassy Terrain\n|-heal|p2a: Regigigas|132/329|[from] item: Leftovers\n|-heal|p2b: Breloom|143/238|[from] Grassy Terrain\n|-heal|p1b: Veluza|162/302|[from] Grassy Terrain\n|-fieldend|move: Grassy Terrain\n|upkeep\n|turn|10\n|-message|Mcf1417 forfeited.\n|\n|win|crustytoejam\n|raw|Mcf1417's rating: 1750 &rarr; <strong>1730</strong><br />(-20 for losing)\n|raw|crustytoejam's rating: 1752 &rarr; <strong>1772</strong><br />(+20 for winning)\n|l|☆Mcf1417\n|player|p1|\n", "inputlog": ">version 686819e5e19f8a7fd2345cfc5a08a5085efa2cc3\n>start {\"formatid\":\"gen9randomdoublesbattle\",\"seed\":\"sodium,d0e262686a4750000956cf1556e5770c\",\"rated\":\"Rated battle\"}\n>player p1 {\"name\":\"Mcf1417\",\"avatar\":\"170\",\"rating\":1750,\"seed\":\"sodium,a2de78b6ad8c2710243ebcc4fe06bfdd\"}\n>player p2 {\"name\":\"crustytoejam\",\"avatar\":\"clown\",\"rating\":1752,\"seed\":\"sodium,2b4866a39a46c419107011419abdf2b6\"}\n>p1 move thunderbolt +2, move meteorbeam +1\n>p2 move substitute, move hydropump +2\n>p1 pass, switch 6\n>p1 move thunderbolt +2, move quiverdance\n>p2 move bodyslam +2, move knockoff +2\n>p2 pass, switch 6\n>p1 move electroweb, move energyball +1\n>p2 move bodyslam +2, move spore +1\n>p1 pass, switch 3\n>p1 move electroweb, move wildcharge +1\n>p2 move protect, move rocktomb +2\n>p1 move electroweb, move voltswitch +1\n>p2 move knockoff +2, move rocktomb +1\n>p1 pass, switch 4\n>p1 move thunderbolt +1, switch 4\n>p2 move protect, move machpunch +2\n>p1 move thunderbolt +1, move crunch +1\n>p2 move bodyslam +2, move spore +1\n>p1 move electroweb, move voltswitch +2\n>p2 move knockoff +2, move rocktomb +2\n>p1 pass, switch 5\n>p1 move electroweb, move psychocut +1 terastallize\n>p2 move knockoff +2, move bulletseed +2\n>forcelose p1", "uploadtime": 1771200113, "views": 42, "formatid": "gen9randomdoublesbattle", "rating": 1730, "private": 0, "password": null}