{"id": "gen9randomdoublesbattle-2539410647", "format": "[Gen 9] Random Doubles Battle", "players": ["gingerlike", "Gttfuuj"], "log": "|j|☆gingerlike\n|j|☆Gttfuuj\n|t:|1771052894\n|gametype|doubles\n|player|p1|gingerlike|1|1712\n|player|p2|Gttfuuj|2|1773\n|gen|9\n|tier|[Gen 9] Random Doubles Battle\n|rated|\n|rule|Species Clause: Limit one of each Pokémon\n|rule|HP Percentage Mod: HP is shown in percentages\n|rule|Illusion Level Mod: Illusion disguises the Pokémon's true level\n|rule|Sleep Clause Mod: Limit one foe put to sleep\n|\n|t:|1771052894\n|teamsize|p1|6\n|teamsize|p2|6\n|start\n|switch|p1a: Chimecho|Chimecho, L94, M|293/293\n|switch|p1b: Cloyster|Cloyster, L87, M|229/229\n|switch|p2a: Groudon|Groudon, L69|252/252\n|switch|p2b: Slowbro|Slowbro-Galar, L87, M|307/307\n|-weather|SunnyDay|[from] ability: Drought|[of] p2a: Groudon\n|turn|1\n|inactive|Battle timer is ON: inactive players will automatically lose when time's up. (requested by Gttfuuj)\n|inactive|gingerlike also wants the timer to be on.\n|inactive|gingerlike has 120 seconds left.\n|inactive|gingerlike has 90 seconds left.\n|\n|t:|1771052978\n|move|p1a: Chimecho|Snarl|p2a: Groudon|[spread] p2b\n|-miss|p1a: Chimecho|p2a: Groudon\n|-supereffective|p2b: Slowbro\n|-damage|p2b: Slowbro|231/307\n|-unboost|p2b: Slowbro|spa|1\n|move|p1b: Cloyster|Shell Smash|p1b: Cloyster\n|-unboost|p1b: Cloyster|def|1\n|-unboost|p1b: Cloyster|spd|1\n|-boost|p1b: Cloyster|atk|2\n|-boost|p1b: Cloyster|spa|2\n|-boost|p1b: Cloyster|spe|2\n|-enditem|p1b: Cloyster|White Herb\n|-clearnegativeboost|p1b: Cloyster|[silent]\n|move|p2a: Groudon|Heat Crash|p1a: Chimecho\n|-damage|p1a: Chimecho|175/293\n|move|p2b: Slowbro|Shell Side Arm|p1a: Chimecho|[anim] Shell Side Arm Physical\n|-damage|p1a: Chimecho|46/293\n|-hint|Physical Shell Side Arm\n|-status|p1a: Chimecho|psn\n|-enditem|p1a: Chimecho|Sitrus Berry|[eat]\n|-heal|p1a: Chimecho|119/293 psn|[from] item: Sitrus Berry\n|-damage|p2b: Slowbro|201/307|[from] item: Life Orb\n|\n|-weather|SunnyDay|[upkeep]\n|-damage|p1a: Chimecho|83/293 psn|[from] psn\n|upkeep\n|turn|2\n|inactive|gingerlike has 120 seconds left.\n|\n|t:|1771053012\n|move|p1b: Cloyster|Icicle Spear|p2a: Groudon\n|-supereffective|p2a: Groudon\n|-damage|p2a: Groudon|160/252\n|-supereffective|p2a: Groudon\n|-damage|p2a: Groudon|62/252\n|-enditem|p2a: Groudon|Sitrus Berry|[eat]\n|-heal|p2a: Groudon|125/252|[from] item: Sitrus Berry\n|-supereffective|p2a: Groudon\n|-damage|p2a: Groudon|35/252\n|-supereffective|p2a: Groudon\n|-damage|p2a: Groudon|0 fnt\n|faint|p2a: Groudon\n|-hitcount|p2: Groudon|4\n|move|p1a: Chimecho|Psychic|p2b: Slowbro\n|-damage|p2b: Slowbro|80/307\n|move|p2b: Slowbro|Trick Room|p2b: Slowbro\n|-fieldstart|move: Trick Room|[of] p2b: Slowbro\n|\n|-weather|SunnyDay|[upkeep]\n|-damage|p1a: Chimecho|47/293 psn|[from] psn\n|upkeep\n|inactive|Gttfuuj has 120 seconds left.\n|\n|t:|1771053030\n|switch|p2a: Breloom|Breloom, L84, F|238/238\n|turn|3\n|inactive|gingerlike has 120 seconds left.\n|\n|t:|1771053073\n|move|p2b: Slowbro|Shell Side Arm|p1a: Chimecho|[anim] Shell Side Arm Physical\n|-damage|p1a: Chimecho|0 fnt\n|-hint|Physical Shell Side Arm\n|faint|p1a: Chimecho\n|-damage|p2b: Slowbro|50/307|[from] item: Life Orb\n|move|p2a: Breloom|Spore|p1b: Cloyster\n|-status|p1b: Cloyster|slp|[from] move: Spore\n|cant|p1b: Cloyster|slp\n|\n|-weather|SunnyDay|[upkeep]\n|upkeep\n|inactive|gingerlike has 90 seconds left.\n|\n|t:|1771053118\n|switch|p1a: Quagsire|Quagsire, L91, M|321/321\n|turn|4\n|inactive|gingerlike has 90 seconds left.\n|\n|t:|1771053144\n|switch|p2b: Hypno|Hypno, L95, M|315/315\n|switch|p1a: Vespiquen|Vespiquen, F|302/302\n|-ability|p1a: Vespiquen|Unnerve\n|move|p2a: Breloom|Bullet Seed|p1b: Cloyster\n|-supereffective|p1b: Cloyster\n|-damage|p1b: Cloyster|159/229 slp\n|-supereffective|p1b: Cloyster\n|-damage|p1b: Cloyster|81/229 slp\n|-supereffective|p1b: Cloyster\n|-damage|p1b: Cloyster|8/229 slp\n|-hitcount|p1b: Cloyster|3\n|-damage|p2a: Breloom|215/238|[from] item: Life Orb\n|cant|p1b: Cloyster|slp\n|\n|-weather|SunnyDay|[upkeep]\n|upkeep\n|turn|5\n|inactive|gingerlike has 90 seconds left.\n|inactive|gingerlike has 60 seconds left.\n|\n|t:|1771053196\n|move|p2a: Breloom|Mach Punch|p1b: Cloyster\n|-supereffective|p1b: Cloyster\n|-damage|p1b: Cloyster|0 fnt\n|faint|p1b: Cloyster\n|-damage|p2a: Breloom|192/238|[from] item: Life Orb\n|move|p1a: Vespiquen|Hurricane|p2a: Breloom|[miss]\n|-miss|p1a: Vespiquen|p2a: Breloom\n|move|p2b: Hypno|Knock Off|p1a: Vespiquen\n|-damage|p1a: Vespiquen|251/302\n|-enditem|p1a: Vespiquen|Sitrus Berry|[from] move: Knock Off|[of] p2b: Hypno\n|\n|-weather|none\n|upkeep\n|inactive|gingerlike has 30 seconds left.\n|\n|t:|1771053220\n|switch|p1b: Quagsire|Quagsire, L91, M|321/321\n|turn|6\n|inactive|gingerlike has 30 seconds left.\n|inactive|gingerlike has 20 seconds left.\n|inactive|gingerlike has 15 seconds left.\n|\n|t:|1771053263\n|move|p2a: Breloom|Protect|p2a: Breloom\n|-singleturn|p2a: Breloom|Protect\n|move|p1b: Quagsire|Icy Wind|p2a: Breloom|[spread] p2b\n|-activate|p2a: Breloom|move: Protect\n|-damage|p2b: Hypno|298/315\n|-unboost|p2b: Hypno|spe|1\n|move|p2b: Hypno|Psychic|p1a: Vespiquen\n|-damage|p1a: Vespiquen|179/302\n|move|p1a: Vespiquen|Pollen Puff|p2b: Hypno\n|-supereffective|p2b: Hypno\n|-damage|p2b: Hypno|118/315\n|\n|-fieldend|move: Trick Room\n|upkeep\n|turn|7\n|inactive|Gttfuuj has 120 seconds left.\n|\n|t:|1771053297\n|switch|p1b: Umbreon|Umbreon, L85, M|300/300\n|move|p2a: Breloom|Spore|p1a: Vespiquen\n|-status|p1a: Vespiquen|slp|[from] move: Spore\n|cant|p1a: Vespiquen|slp\n|move|p2b: Hypno|Knock Off|p1b: Umbreon\n|-resisted|p1b: Umbreon\n|-damage|p1b: Umbreon|269/300\n|-enditem|p1b: Umbreon|Sitrus Berry|[from] move: Knock Off|[of] p2b: Hypno\n|\n|upkeep\n|turn|8\n|inactive|Gttfuuj has 120 seconds left.\n|inactive|gingerlike has 30 seconds left.\n|inactive|gingerlike has 20 seconds left.\n|\n|t:|1771053337\n|-terastallize|p1b: Umbreon|Poison\n|move|p2a: Breloom|Bullet Seed|p1b: Umbreon\n|-resisted|p1b: Umbreon\n|-damage|p1b: Umbreon|242/300\n|-resisted|p1b: Umbreon\n|-damage|p1b: Umbreon|215/300\n|-hitcount|p1b: Umbreon|2\n|-damage|p2a: Breloom|169/238|[from] item: Life Orb\n|move|p1b: Umbreon|Thunder Wave|p2a: Breloom\n|-status|p2a: Breloom|par\n|-curestatus|p1a: Vespiquen|slp|[msg]\n|move|p1a: Vespiquen|Hurricane|p2a: Breloom\n|-supereffective|p2a: Breloom\n|-damage|p2a: Breloom|0 fnt\n|faint|p2a: Breloom\n|move|p2b: Hypno|Low Sweep|p1b: Umbreon\n|-resisted|p1b: Umbreon\n|-damage|p1b: Umbreon|197/300\n|-unboost|p1b: Umbreon|spe|1\n|\n|upkeep\n|inactive|Gttfuuj has 120 seconds left.\n|\n|t:|1771053357\n|switch|p2a: Garchomp|Garchomp, L77, F|293/293\n|turn|9\n|inactive|Gttfuuj has 120 seconds left.\n|inactive|gingerlike has 30 seconds left.\n|\n|t:|1771053384\n|move|p2a: Garchomp|Swords Dance|p2a: Garchomp\n|-boost|p2a: Garchomp|atk|2\n|move|p1a: Vespiquen|Toxic Spikes|p2a: Garchomp\n|-sidestart|p2: Gttfuuj|move: Toxic Spikes\n|move|p2b: Hypno|Knock Off|p1b: Umbreon\n|-damage|p1b: Umbreon|153/300\n|move|p1b: Umbreon|Foul Play|p2a: Garchomp\n|-damage|p2a: Garchomp|28/293\n|-damage|p1b: Umbreon|116/300|[from] ability: Rough Skin|[of] p2a: Garchomp\n|\n|upkeep\n|turn|10\n|\n|t:|1771053402\n|move|p2a: Garchomp|Protect|p2a: Garchomp\n|-singleturn|p2a: Garchomp|Protect\n|move|p1a: Vespiquen|Pollen Puff|p2a: Garchomp\n|-activate|p2a: Garchomp|move: Protect\n|move|p2b: Hypno|Psychic|p1b: Umbreon\n|-supereffective|p1b: Umbreon\n|-damage|p1b: Umbreon|0 fnt\n|faint|p1b: Umbreon\n|\n|upkeep\n|\n|t:|1771053408\n|switch|p1b: Chien-Pao|Chien-Pao, L75|244/244\n|-ability|p1b: Chien-Pao|Sword of Ruin\n|turn|11\n|\n|t:|1771053430\n|move|p1b: Chien-Pao|Icicle Crash|p2a: Garchomp\n|-supereffective|p2a: Garchomp\n|-damage|p2a: Garchomp|0 fnt\n|faint|p2a: Garchomp\n|-damage|p1b: Chien-Pao|220/244|[from] item: Life Orb\n|move|p1a: Vespiquen|Pollen Puff|p2b: Hypno\n|-supereffective|p2b: Hypno\n|-damage|p2b: Hypno|0 fnt\n|faint|p2b: Hypno\n|\n|upkeep\n|\n|t:|1771053434\n|switch|p2a: Slowbro|Slowbro-Galar, L87, M|152/307\n|switch|p2b: Spectrier|Spectrier, L77|281/281\n|-status|p2b: Spectrier|psn\n|-sideend|p2: Gttfuuj|move: Toxic Spikes|[of] p2a: Slowbro\n|turn|12\n|inactive|gingerlike has 60 seconds left.\n|inactive|Gttfuuj has 120 seconds left.\n|\n|t:|1771053473\n|-terastallize|p2b: Spectrier|Fighting\n|move|p1b: Chien-Pao|Lash Out|p2b: Spectrier\n|-resisted|p2b: Spectrier\n|-damage|p2b: Spectrier|194/281 psn\n|-damage|p1b: Chien-Pao|196/244|[from] item: Life Orb\n|move|p2b: Spectrier|Tera Blast|p1b: Chien-Pao|[anim] Tera Blast Fighting\n|-supereffective|p1b: Chien-Pao\n|-damage|p1b: Chien-Pao|0 fnt\n|faint|p1b: Chien-Pao\n|-ability|p2b: Spectrier|Grim Neigh|boost\n|-boost|p2b: Spectrier|spa|1\n|-damage|p2b: Spectrier|166/281 psn|[from] item: Life Orb\n|move|p1a: Vespiquen|Pollen Puff|p2a: Slowbro\n|-damage|p2a: Slowbro|23/307\n|move|p2a: Slowbro|Fire Blast|p1a: Vespiquen|[miss]\n|-miss|p2a: Slowbro|p1a: Vespiquen\n|\n|-damage|p2b: Spectrier|131/281 psn|[from] psn\n|upkeep\n|\n|t:|1771053496\n|switch|p1b: Quagsire|Quagsire, L91, M|321/321\n|turn|13\n|\n|t:|1771053520\n|move|p2b: Spectrier|Shadow Ball|p1a: Vespiquen\n|-damage|p1a: Vespiquen|45/302\n|-unboost|p1a: Vespiquen|spd|1\n|-damage|p2b: Spectrier|103/281 psn|[from] item: Life Orb\n|move|p1a: Vespiquen|Hurricane|p2b: Spectrier\n|-supereffective|p2b: Spectrier\n|-damage|p2b: Spectrier|0 fnt\n|faint|p2b: Spectrier\n|move|p1b: Quagsire|High Horsepower|p2a: Slowbro|[miss]\n|-miss|p1b: Quagsire|p2a: Slowbro\n|move|p2a: Slowbro|Psychic|p1a: Vespiquen\n|-damage|p1a: Vespiquen|0 fnt\n|faint|p1a: Vespiquen\n|-damage|p2a: Slowbro|0 fnt|[from] item: Life Orb\n|faint|p2a: Slowbro\n|\n|win|gingerlike\n|raw|gingerlike's rating: 1712 &rarr; <strong>1735</strong><br />(+23 for winning)\n|raw|Gttfuuj's rating: 1773 &rarr; <strong>1750</strong><br />(-23 for losing)\n", "inputlog": ">version ccdc32dd7cde25fd9e4bed64820e885f66e78a4e\n>start {\"formatid\":\"gen9randomdoublesbattle\",\"seed\":\"sodium,9d2eb62d5dfec1d2d81fea0a9cce55cd\",\"rated\":\"Rated battle\"}\n>player p1 {\"name\":\"gingerlike\",\"avatar\":\"1\",\"rating\":1712,\"seed\":\"sodium,386f7622eea61210874df0812570f1e4\"}\n>player p2 {\"name\":\"Gttfuuj\",\"avatar\":\"2\",\"rating\":1773,\"seed\":\"sodium,0f6f7e78a64f6e7846ebb281b3e31dd3\"}\n>p1 move snarl, move shellsmash\n>p2 move heatcrash +1, move shellsidearm +1\n>p1 move psychic +2, move iciclespear +1\n>p2 move heatcrash +2, move trickroom\n>p2 switch 3, pass\n>p1 move psychic +1, move iciclespear +2\n>p2 move spore +2, move shellsidearm +1\n>p1 switch 4, pass\n>p1 switch 5, move iciclespear +1\n>p2 move bulletseed +2, switch 5\n>p1 move hurricane +1, move iciclespear +1\n>p2 move machpunch +2, move knockoff +1\n>p1 pass, switch 5\n>p1 move pollenpuff +2, move icywind\n>p2 move protect, move psychic +1\n>p1 move hurricane +1, switch 6\n>p2 move spore +1, move knockoff +2\n>p1 move hurricane +1, move thunderwave +1 terastallize\n>p2 move bulletseed +2, move lowsweep +2\n>p2 switch 6, pass\n>p1 move toxicspikes, move foulplay +1\n>p2 move swordsdance, move knockoff +2\n>p1 move pollenpuff +1, move moonlight\n>p2 move protect, move psychic +2\n>p1 pass, switch 3\n>p1 move pollenpuff +2, move iciclecrash +1\n>p2 move scaleshot +1, move lowsweep +2\n>p2 switch 5, switch 4\n>p1 move pollenpuff +1, move lashout +2\n>p2 move fireblast +2, move terablast +2 terastallize\n>p1 pass, switch 6\n>p1 move hurricane +2, move highhorsepower +1\n>p2 move psychic +1, move shadowball +1", "uploadtime": 1771053520, "views": 77, "formatid": "gen9randomdoublesbattle", "rating": 1735, "private": 0, "password": null}