{"id": "gen9randomdoublesbattle-2534567900", "format": "[Gen 9] Random Doubles Battle", "players": ["DaniSK", "Robokiller87"], "log": "|j|☆DaniSK\n|j|☆Robokiller87\n|t:|1770438266\n|gametype|doubles\n|player|p1|DaniSK|lucas|1717\n|player|p2|Robokiller87|266|1610\n|gen|9\n|tier|[Gen 9] Random Doubles Battle\n|rated|\n|rule|Species Clause: Limit one of each Pokémon\n|rule|HP Percentage Mod: HP is shown in percentages\n|rule|Illusion Level Mod: Illusion disguises the Pokémon's true level\n|rule|Sleep Clause Mod: Limit one foe put to sleep\n|\n|t:|1770438266\n|teamsize|p1|6\n|teamsize|p2|6\n|start\n|switch|p1a: Swanna|Swanna, L87, F|272/272\n|switch|p1b: Mandibuzz|Mandibuzz, L85, F|326/326\n|switch|p2a: Bastiodon|Bastiodon, L89, F|252/252\n|switch|p2b: Sinistcha|Sinistcha-Masterpiece, L81|248/248\n|turn|1\n|inactive|Battle timer is ON: inactive players will automatically lose when time's up. (requested by Robokiller87)\n|inactive|DaniSK has 120 seconds left.\n|\n|t:|1770438498\n|-terastallize|p2b: Sinistcha|Fairy\n|move|p1a: Swanna|Hydro Pump|p2a: Bastiodon\n|-supereffective|p2a: Bastiodon\n|-damage|p2a: Bastiodon|54/252\n|-damage|p1a: Swanna|245/272|[from] item: Life Orb\n|move|p1b: Mandibuzz|Tailwind|p1b: Mandibuzz\n|-sidestart|p1: DaniSK|move: Tailwind\n|move|p2a: Bastiodon|Iron Defense|p2a: Bastiodon\n|-boost|p2a: Bastiodon|def|2\n|move|p2b: Sinistcha|Trick Room|p2b: Sinistcha\n|-fieldstart|move: Trick Room|[of] p2b: Sinistcha\n|\n|upkeep\n|turn|2\n|inactive|DaniSK has 120 seconds left.\n|inactive|Robokiller87 has 120 seconds left.\n|inactive|DaniSK has 90 seconds left.\n|\n|t:|1770438582\n|move|p2b: Sinistcha|Rage Powder|p2b: Sinistcha\n|-singleturn|p2b: Sinistcha|move: Rage Powder\n|move|p2a: Bastiodon|Body Press|p1b: Mandibuzz\n|-damage|p1b: Mandibuzz|157/326\n|-enditem|p1b: Mandibuzz|Sitrus Berry|[eat]\n|-heal|p1b: Mandibuzz|238/326|[from] item: Sitrus Berry\n|move|p1b: Mandibuzz|Knock Off|p2b: Sinistcha\n|-resisted|p2b: Sinistcha\n|-damage|p2b: Sinistcha|215/248\n|-damage|p1b: Mandibuzz|184/326|[from] item: Rocky Helmet|[of] p2b: Sinistcha\n|-enditem|p2b: Sinistcha|Rocky Helmet|[from] move: Knock Off|[of] p1b: Mandibuzz\n|move|p1a: Swanna|Hydro Pump|p2b: Sinistcha|[miss]\n|-miss|p1a: Swanna|p2b: Sinistcha\n|\n|upkeep\n|turn|3\n|inactive|DaniSK has 90 seconds left.\n|\n|t:|1770438611\n|move|p2b: Sinistcha|Rage Powder|p2b: Sinistcha\n|-singleturn|p2b: Sinistcha|move: Rage Powder\n|move|p2a: Bastiodon|Body Press|p1b: Mandibuzz\n|-damage|p1b: Mandibuzz|23/326\n|move|p1b: Mandibuzz|Brave Bird|p2b: Sinistcha\n|-crit|p2b: Sinistcha\n|-damage|p2b: Sinistcha|77/248\n|-damage|p1b: Mandibuzz|0 fnt|[from] Recoil\n|faint|p1b: Mandibuzz\n|move|p1a: Swanna|Brave Bird|p2b: Sinistcha\n|-damage|p2b: Sinistcha|0 fnt\n|faint|p2b: Sinistcha\n|-damage|p1a: Swanna|220/272|[from] Recoil\n|-damage|p1a: Swanna|193/272|[from] item: Life Orb\n|\n|upkeep\n|inactive|DaniSK has 60 seconds left.\n|\n|t:|1770438633\n|switch|p2b: Conkeldurr|Conkeldurr, L81, M|303/303\n|switch|p1b: Golduck|Golduck, L91, M|293/293\n|-ability|p1b: Golduck|Cloud Nine\n|turn|4\n|inactive|DaniSK has 60 seconds left.\n|inactive|Robokiller87 has 90 seconds left.\n|inactive|DaniSK has 30 seconds left.\n|inactive|DaniSK has 20 seconds left.\n|\n|t:|1770438694\n|move|p2b: Conkeldurr|Protect|p2b: Conkeldurr\n|-singleturn|p2b: Conkeldurr|Protect\n|move|p2a: Bastiodon|Body Press|p1b: Golduck\n|-damage|p1b: Golduck|81/293\n|-enditem|p1b: Golduck|Sitrus Berry|[eat]\n|-heal|p1b: Golduck|154/293|[from] item: Sitrus Berry\n|move|p1b: Golduck|Hydro Pump|p2a: Bastiodon|[miss]\n|-miss|p1b: Golduck|p2a: Bastiodon\n|move|p1a: Swanna|Brave Bird|p2b: Conkeldurr\n|-activate|p2b: Conkeldurr|move: Protect\n|\n|-sideend|p1: DaniSK|move: Tailwind\n|-status|p2b: Conkeldurr|brn|[from] item: Flame Orb\n|upkeep\n|turn|5\n|inactive|DaniSK has 30 seconds left.\n|inactive|Robokiller87 has 90 seconds left.\n|\n|t:|1770438712\n|move|p1a: Swanna|Protect|p1a: Swanna\n|-singleturn|p1a: Swanna|Protect\n|move|p2a: Bastiodon|Body Press|p1a: Swanna\n|-activate|p1a: Swanna|move: Protect\n|move|p2b: Conkeldurr|Knock Off|p1a: Swanna\n|-activate|p1a: Swanna|move: Protect\n|move|p1b: Golduck|Hydro Pump|p2a: Bastiodon\n|-supereffective|p2a: Bastiodon\n|-damage|p2a: Bastiodon|0 fnt\n|faint|p2a: Bastiodon\n|\n|-damage|p2b: Conkeldurr|285/303 brn|[from] brn\n|-fieldend|move: Trick Room\n|upkeep\n|inactive|Robokiller87 has 90 seconds left.\n|\n|t:|1770438718\n|switch|p2a: Houndstone|Houndstone, L73, F|226/226\n|turn|6\n|\n|t:|1770438744\n|move|p1a: Swanna|Brave Bird|p2a: Houndstone\n|-damage|p2a: Houndstone|136/226\n|-damage|p1a: Swanna|163/272|[from] Recoil\n|-damage|p1a: Swanna|136/272|[from] item: Life Orb\n|move|p2a: Houndstone|Last Respects|p1a: Swanna\n|-damage|p1a: Swanna|0 fnt\n|faint|p1a: Swanna\n|move|p1b: Golduck|Icy Wind|p2b: Conkeldurr|[spread] p2a,p2b\n|-damage|p2a: Houndstone|101/226\n|-damage|p2b: Conkeldurr|246/303 brn\n|-unboost|p2a: Houndstone|spe|1\n|-unboost|p2b: Conkeldurr|spe|1\n|move|p2b: Conkeldurr|Close Combat|p1b: Golduck\n|-damage|p1b: Golduck|0 fnt\n|-unboost|p2b: Conkeldurr|def|1\n|-unboost|p2b: Conkeldurr|spd|1\n|faint|p1b: Golduck\n|\n|-damage|p2b: Conkeldurr|228/303 brn|[from] brn\n|upkeep\n|inactive|DaniSK has 30 seconds left.\n|inactive|DaniSK has 20 seconds left.\n|\n|t:|1770438765\n|switch|p1a: Ceruledge|Ceruledge, L80, M|251/251\n|switch|p1b: Gallade|Gallade, L80, M|240/240\n|turn|7\n|inactive|Robokiller87 has 120 seconds left.\n|\n|t:|1770438782\n|switch|p2a: Delphox|Delphox, L83, M|260/260\n|move|p2b: Conkeldurr|Protect|p2b: Conkeldurr\n|-singleturn|p2b: Conkeldurr|Protect\n|move|p1a: Ceruledge|Poltergeist|p2a: Delphox\n|-activate|p2a: Delphox|move: Poltergeist|Life Orb\n|-supereffective|p2a: Delphox\n|-damage|p2a: Delphox|0 fnt\n|faint|p2a: Delphox\n|-damage|p1a: Ceruledge|226/251|[from] item: Life Orb\n|move|p1b: Gallade|Psycho Cut|p2b: Conkeldurr\n|-activate|p2b: Conkeldurr|move: Protect\n|\n|-damage|p2b: Conkeldurr|210/303 brn|[from] brn\n|upkeep\n|j| Pachirisiu0\n|\n|t:|1770438801\n|switch|p2a: Houndstone|Houndstone, L73, F|101/226\n|turn|8\n|inactive|DaniSK has 60 seconds left.\n|inactive|Robokiller87 has 120 seconds left.\n|\n|t:|1770438816\n|switch|p1a: Shiftry|Shiftry, L84, M|288/288\n|move|p2a: Houndstone|Last Respects|p1b: Gallade\n|-supereffective|p1b: Gallade\n|-crit|p1b: Gallade\n|-damage|p1b: Gallade|0 fnt\n|faint|p1b: Gallade\n|move|p2b: Conkeldurr|Knock Off|p1a: Shiftry\n|-resisted|p1a: Shiftry\n|-damage|p1a: Shiftry|203/288\n|-enditem|p1a: Shiftry|Clear Amulet|[from] move: Knock Off|[of] p2b: Conkeldurr\n|\n|-damage|p2b: Conkeldurr|192/303 brn|[from] brn\n|upkeep\n|inactive|DaniSK has 60 seconds left.\n|\n|t:|1770438825\n|switch|p1b: Ceruledge|Ceruledge, L80, M|226/251\n|turn|9\n|l| Pachirisiu0\n|\n|t:|1770438839\n|switch|p2a: Rillaboom|Rillaboom, L81, M|295/295\n|-fieldstart|move: Grassy Terrain|[from] ability: Grassy Surge|[of] p2a: Rillaboom\n|-terastallize|p1b: Ceruledge|Fire\n|move|p1a: Shiftry|Fake Out|p2b: Conkeldurr\n|-crit|p2b: Conkeldurr\n|-damage|p2b: Conkeldurr|133/303 brn\n|move|p1b: Ceruledge|Poltergeist|p2a: Rillaboom\n|-activate|p2a: Rillaboom|move: Poltergeist|Assault Vest\n|-damage|p2a: Rillaboom|110/295\n|-damage|p1b: Ceruledge|201/251|[from] item: Life Orb\n|cant|p2b: Conkeldurr|flinch\n|\n|-heal|p2a: Rillaboom|128/295|[from] Grassy Terrain\n|-heal|p1a: Shiftry|221/288|[from] Grassy Terrain\n|-heal|p1b: Ceruledge|216/251|[from] Grassy Terrain\n|-heal|p2b: Conkeldurr|151/303 brn|[from] Grassy Terrain\n|-damage|p2b: Conkeldurr|133/303 brn|[from] brn\n|upkeep\n|turn|10\n|j| Pachirisiu0\n|\n|t:|1770438859\n|move|p2a: Rillaboom|High Horsepower|p1b: Ceruledge\n|-supereffective|p1b: Ceruledge\n|-damage|p1b: Ceruledge|54/251\n|-ability|p1b: Ceruledge|Weak Armor|boost\n|-unboost|p1b: Ceruledge|def|1\n|-boost|p1b: Ceruledge|spe|2\n|move|p1b: Ceruledge|Bitter Blade|p2a: Rillaboom\n|-supereffective|p2a: Rillaboom\n|-crit|p2a: Rillaboom\n|-damage|p2a: Rillaboom|0 fnt\n|-heal|p1b: Ceruledge|118/251|[from] drain|[of] p2a: Rillaboom\n|faint|p2a: Rillaboom\n|-damage|p1b: Ceruledge|93/251|[from] item: Life Orb\n|move|p1a: Shiftry|Tailwind|p1a: Shiftry\n|-sidestart|p1: DaniSK|move: Tailwind\n|-ability|p1a: Shiftry|Wind Rider|boost\n|-boost|p1a: Shiftry|atk|1\n|move|p2b: Conkeldurr|Close Combat|p1a: Shiftry\n|-supereffective|p1a: Shiftry\n|-damage|p1a: Shiftry|0 fnt\n|-unboost|p2b: Conkeldurr|def|1\n|-unboost|p2b: Conkeldurr|spd|1\n|faint|p1a: Shiftry\n|\n|-heal|p1b: Ceruledge|108/251|[from] Grassy Terrain\n|-heal|p2b: Conkeldurr|151/303 brn|[from] Grassy Terrain\n|-damage|p2b: Conkeldurr|133/303 brn|[from] brn\n|upkeep\n|\n|t:|1770438862\n|switch|p2a: Houndstone|Houndstone, L73, F|101/226\n|turn|11\n|inactive|DaniSK has 120 seconds left.\n|\n|t:|1770438892\n|move|p1b: Ceruledge|Poltergeist|p2a: Houndstone\n|-activate|p2a: Houndstone|move: Poltergeist|Choice Scarf\n|-supereffective|p2a: Houndstone\n|-damage|p2a: Houndstone|0 fnt\n|faint|p2a: Houndstone\n|-damage|p1b: Ceruledge|83/251|[from] item: Life Orb\n|move|p2b: Conkeldurr|Close Combat|p1b: Ceruledge\n|-crit|p1b: Ceruledge\n|-damage|p1b: Ceruledge|0 fnt\n|-unboost|p2b: Conkeldurr|def|1\n|-unboost|p2b: Conkeldurr|spd|1\n|faint|p1b: Ceruledge\n|\n|win|Robokiller87\n|raw|DaniSK's rating: 1717 &rarr; <strong>1691</strong><br />(-26 for losing)\n|raw|Robokiller87's rating: 1610 &rarr; <strong>1636</strong><br />(+26 for winning)\n|c|☆Robokiller87|gg\n|l|☆DaniSK\n|player|p1|\n", "inputlog": ">version ccdc32dd7cde25fd9e4bed64820e885f66e78a4e\n>start {\"formatid\":\"gen9randomdoublesbattle\",\"seed\":\"sodium,08be5682bfb8fa4ca62b4844b657cfe7\",\"rated\":\"Rated battle\"}\n>player p1 {\"name\":\"DaniSK\",\"avatar\":\"lucas\",\"rating\":1717,\"seed\":\"sodium,4fc4f82edd72b25908ab5dce1c253180\"}\n>player p2 {\"name\":\"Robokiller87\",\"avatar\":\"266\",\"rating\":1610,\"seed\":\"sodium,54f5c41dea15173d30a2ffef4648cd76\"}\n>p1 move hydropump +1, move tailwind\n>p2 move irondefense, move trickroom terastallize\n>p1 move hydropump +1, move knockoff +2\n>p2 move bodypress +2, move ragepowder\n>p1 move bravebird +2, move bravebird +2\n>p2 move bodypress +2, move ragepowder\n>p1 pass, switch 6\n>p2 pass, switch 5\n>p1 move bravebird +2, move hydropump +1\n>p2 move bodypress +2, move protect\n>p1 move protect, move hydropump +1\n>p2 move bodypress +1, move knockoff +1\n>p2 switch 4, pass\n>p1 move bravebird +1, move icywind\n>p2 move lastrespects +1, move closecombat +2\n>p1 switch 5, switch 3\n>p1 move poltergeist +1, move psychocut +2\n>p2 switch 6, move protect\n>p2 switch 6, pass\n>p1 switch 4, move psychocut +2\n>p2 move lastrespects +2, move knockoff +1\n>p1 pass, switch 4\n>p1 move fakeout +2, move poltergeist +1 terastallize\n>p2 switch 3, move knockoff +2\n>p1 move tailwind, move bitterblade +1\n>p2 move highhorsepower +2, move closecombat +1\n>p2 switch 3, pass\n>p1 pass, move poltergeist +1\n>p2 move lastrespects +2, move closecombat +2", "uploadtime": 1770438904, "views": 93, "formatid": "gen9randomdoublesbattle", "rating": 1636, "private": 0, "password": null}