{"id": "gen9randomdoublesbattle-2538393665", "format": "[Gen 9] Random Doubles Battle", "players": ["pejelegante", "TrevinosPizza"], "log": "|j|☆pejelegante\n|j|☆TrevinosPizza\n|t:|1770923471\n|gametype|doubles\n|player|p1|pejelegante|hugh|1819\n|player|p2|TrevinosPizza|1|1869\n|gen|9\n|tier|[Gen 9] Random Doubles Battle\n|rated|\n|rule|Species Clause: Limit one of each Pokémon\n|rule|HP Percentage Mod: HP is shown in percentages\n|rule|Illusion Level Mod: Illusion disguises the Pokémon's true level\n|rule|Sleep Clause Mod: Limit one foe put to sleep\n|\n|t:|1770923471\n|teamsize|p1|6\n|teamsize|p2|6\n|start\n|switch|p1a: Emboar|Emboar, L85, F|326/326\n|switch|p1b: Bronzong|Bronzong, L87|258/258\n|switch|p2a: Raging Bolt|Raging Bolt, L77|319/319\n|switch|p2b: Hawlucha|Hawlucha, L84, M|268/268\n|turn|1\n|inactive|Battle timer is ON: inactive players will automatically lose when time's up. (requested by pejelegante)\n|inactive|pejelegante has 120 seconds left.\n|inactive|TrevinosPizza has 120 seconds left.\n|\n|t:|1770923506\n|-end|p2a: Raging Bolt|Protosynthesis|[silent]\n|switch|p2a: Dondozo|Dondozo, L85, M|394/394\n|move|p2b: Hawlucha|Brave Bird|p1a: Emboar\n|-supereffective|p1a: Emboar\n|-damage|p1a: Emboar|24/326\n|-damage|p2b: Hawlucha|168/268|[from] Recoil\n|move|p1a: Emboar|Flare Blitz|p2b: Hawlucha\n|-damage|p2b: Hawlucha|0 fnt\n|faint|p2b: Hawlucha\n|-damage|p1a: Emboar|0 fnt|[from] Recoil\n|faint|p1a: Emboar\n|move|p1b: Bronzong|Iron Defense|p1b: Bronzong\n|-boost|p1b: Bronzong|def|2\n|\n|upkeep\n|\n|t:|1770923524\n|switch|p2b: Swalot|Swalot, L90, F|326/326\n|switch|p1a: Electabuzz|Electabuzz, L84, F|246/246\n|turn|2\n|\n|t:|1770923538\n|move|p1a: Electabuzz|Electroweb|p2a: Dondozo|[spread] p2b\n|-miss|p1a: Electabuzz|p2a: Dondozo\n|-crit|p2b: Swalot\n|-damage|p2b: Swalot|257/326\n|-unboost|p2b: Swalot|spe|1\n|move|p2a: Dondozo|Wave Crash|p1b: Bronzong\n|-damage|p1b: Bronzong|149/258\n|-damage|p2a: Dondozo|358/394|[from] Recoil\n|move|p2b: Swalot|Encore|p1b: Bronzong\n|-start|p1b: Bronzong|Encore\n|move|p1b: Bronzong|Iron Defense|p1b: Bronzong\n|-boost|p1b: Bronzong|def|2\n|\n|-heal|p1b: Bronzong|165/258|[from] item: Leftovers\n|upkeep\n|turn|3\n|\n|t:|1770923563\n|switch|p2a: Raging Bolt|Raging Bolt, L77|319/319\n|move|p1a: Electabuzz|Thunderbolt|p2a: Raging Bolt\n|-resisted|p2a: Raging Bolt\n|-damage|p2a: Raging Bolt|303/319\n|move|p2b: Swalot|Knock Off|p1b: Bronzong\n|-supereffective|p1b: Bronzong\n|-damage|p1b: Bronzong|129/258\n|-enditem|p1b: Bronzong|Leftovers|[from] move: Knock Off|[of] p2b: Swalot\n|move|p1b: Bronzong|Iron Defense|p1b: Bronzong\n|-boost|p1b: Bronzong|def|2\n|\n|upkeep\n|turn|4\n|\n|t:|1770923589\n|move|p1a: Electabuzz|Knock Off|p2b: Swalot\n|-damage|p2b: Swalot|193/326\n|-enditem|p2b: Swalot|Iapapa Berry|[from] move: Knock Off|[of] p1a: Electabuzz\n|move|p2a: Raging Bolt|Snarl|p1a: Electabuzz|[spread] p1a,p1b\n|-supereffective|p1b: Bronzong\n|-damage|p1a: Electabuzz|221/246\n|-damage|p1b: Bronzong|81/258\n|-unboost|p1a: Electabuzz|spa|1\n|-unboost|p1b: Bronzong|spa|1\n|move|p2b: Swalot|Knock Off|p1b: Bronzong\n|-supereffective|p1b: Bronzong\n|-damage|p1b: Bronzong|63/258\n|move|p1b: Bronzong|Iron Defense|p1b: Bronzong\n|-boost|p1b: Bronzong|def|0\n|\n|-end|p1b: Bronzong|Encore\n|upkeep\n|turn|5\n|\n|t:|1770923606\n|move|p1a: Electabuzz|Electroweb|p2b: Swalot|[spread] p2a,p2b\n|-resisted|p2a: Raging Bolt\n|-damage|p2a: Raging Bolt|299/319\n|-damage|p2b: Swalot|165/326\n|-unboost|p2a: Raging Bolt|spe|1\n|-unboost|p2b: Swalot|spe|1\n|move|p2a: Raging Bolt|Snarl|p1b: Bronzong|[spread] p1a,p1b\n|-supereffective|p1b: Bronzong\n|-damage|p1a: Electabuzz|199/246\n|-damage|p1b: Bronzong|11/258\n|-unboost|p1a: Electabuzz|spa|1\n|-unboost|p1b: Bronzong|spa|1\n|move|p2b: Swalot|Encore|p1b: Bronzong\n|-start|p1b: Bronzong|Encore\n|move|p1b: Bronzong|Iron Defense|p1b: Bronzong\n|-boost|p1b: Bronzong|def|0\n|\n|upkeep\n|turn|6\n|\n|t:|1770923624\n|move|p1a: Electabuzz|Thunderbolt|p2b: Swalot\n|-damage|p2b: Swalot|123/326\n|move|p2a: Raging Bolt|Snarl|p1b: Bronzong|[spread] p1a,p1b\n|-supereffective|p1b: Bronzong\n|-damage|p1a: Electabuzz|174/246\n|-damage|p1b: Bronzong|0 fnt\n|-unboost|p1a: Electabuzz|spa|1\n|faint|p1b: Bronzong\n|move|p2b: Swalot|Poison Gas|p1a: Electabuzz\n|-status|p1a: Electabuzz|psn\n|\n|-damage|p1a: Electabuzz|144/246 psn|[from] psn\n|upkeep\n|\n|t:|1770923634\n|switch|p1b: Gardevoir|Gardevoir, L83, F|249/249\n|-ability|p1b: Gardevoir|Gluttony|Trace|[from] ability: Trace|[of] p2b: Swalot\n|turn|7\n|\n|t:|1770923644\n|move|p1a: Electabuzz|Knock Off|p2a: Raging Bolt\n|-damage|p2a: Raging Bolt|238/319\n|-enditem|p2a: Raging Bolt|Assault Vest|[from] move: Knock Off|[of] p1a: Electabuzz\n|move|p1b: Gardevoir|Psychic|p2b: Swalot\n|-supereffective|p2b: Swalot\n|-damage|p2b: Swalot|0 fnt\n|faint|p2b: Swalot\n|move|p2a: Raging Bolt|Snarl|p1a: Electabuzz|[spread] p1a,p1b\n|-damage|p1a: Electabuzz|120/246 psn\n|-damage|p1b: Gardevoir|223/249\n|-unboost|p1a: Electabuzz|spa|1\n|-unboost|p1b: Gardevoir|spa|1\n|\n|-damage|p1a: Electabuzz|90/246 psn|[from] psn\n|upkeep\n|\n|t:|1770923657\n|switch|p2b: Morpeko|Morpeko, L88, F|245/245\n|turn|8\n|\n|t:|1770923676\n|move|p1a: Electabuzz|Electroweb|p2a: Raging Bolt|[spread] p2a\n|-miss|p1a: Electabuzz|p2b: Morpeko\n|-resisted|p2a: Raging Bolt\n|-damage|p2a: Raging Bolt|234/319\n|-unboost|p2a: Raging Bolt|spe|1\n|move|p2b: Morpeko|Aura Wheel|p1a: Electabuzz\n|-resisted|p1a: Electabuzz\n|-damage|p1a: Electabuzz|12/246 psn\n|-boost|p2b: Morpeko|spe|1\n|-damage|p2b: Morpeko|221/245|[from] item: Life Orb\n|move|p1b: Gardevoir|Psychic|p2a: Raging Bolt\n|-damage|p2a: Raging Bolt|101/319\n|move|p2a: Raging Bolt|Snarl|p1b: Gardevoir|[spread] p1a,p1b\n|-damage|p1a: Electabuzz|0 fnt\n|-damage|p1b: Gardevoir|195/249\n|-unboost|p1b: Gardevoir|spa|1\n|faint|p1a: Electabuzz\n|\n|-formechange|p2b: Morpeko|Morpeko-Hangry||[from] ability: Hunger Switch\n|upkeep\n|\n|t:|1770923690\n|switch|p1a: Regigigas|Regigigas, L86|329/329\n|-start|p1a: Regigigas|ability: Slow Start\n|turn|9\n|inactive|TrevinosPizza has 120 seconds left.\n|inactive|TrevinosPizza has 90 seconds left.\n|inactive|TrevinosPizza has 60 seconds left.\n|inactive|TrevinosPizza has 30 seconds left.\n|inactive|TrevinosPizza has 20 seconds left.\n|inactive|TrevinosPizza has 15 seconds left.\n|inactive|TrevinosPizza has 10 seconds left.\n|inactive|TrevinosPizza has 5 seconds left.\n|-message|TrevinosPizza lost due to inactivity.\n|\n|win|pejelegante\n|raw|pejelegante's rating: 1819 &rarr; <strong>1841</strong><br />(+22 for winning)\n|raw|TrevinosPizza's rating: 1857 &rarr; <strong>1835</strong><br />(-22 for losing)\n", "inputlog": ">version ccdc32dd7cde25fd9e4bed64820e885f66e78a4e\n>start {\"formatid\":\"gen9randomdoublesbattle\",\"seed\":\"sodium,2539195f4de53a371b10ac894a399f76\",\"rated\":\"Rated battle\"}\n>player p1 {\"name\":\"pejelegante\",\"avatar\":\"hugh\",\"rating\":1819,\"seed\":\"sodium,5a75d2f0546e1df793efcf51fe9eb35b\"}\n>player p2 {\"name\":\"TrevinosPizza\",\"avatar\":\"1\",\"rating\":1869,\"seed\":\"sodium,3c41ccd0df40dca444ca88cc33ff7838\"}\n>p1 move flareblitz +2, move irondefense\n>p2 switch 6, move bravebird +1\n>p1 switch 3, pass\n>p2 pass, switch 4\n>p1 move electroweb, move irondefense\n>p2 move wavecrash +2, move encore +2\n>p1 move thunderbolt +1, move irondefense\n>p2 switch 6, move knockoff +2\n>p1 move knockoff +2, move irondefense\n>p2 move snarl, move knockoff +2\n>p1 move electroweb, move bodypress +1\n>p2 move snarl, move encore +2\n>p1 move thunderbolt +2, move irondefense\n>p2 move snarl, move poisongas\n>p1 pass, switch 5\n>p1 move knockoff +1, move psychic +2\n>p2 move snarl, move gunkshot +2\n>p2 pass, switch 3\n>p1 move electroweb, move psychic +1\n>p2 move snarl, move aurawheel +1\n>p1 switch 6, pass\n>forcelose p2", "uploadtime": 1770923841, "views": 69, "formatid": "gen9randomdoublesbattle", "rating": 1835, "private": 0, "password": null}