{"id": "gen9randomdoublesbattle-2538943126", "format": "[Gen 9] Random Doubles Battle", "players": ["RicardRL9", "JaxAG"], "log": "|j|☆RicardRL9\n|j|☆JaxAG\n|t:|1770995942\n|gametype|doubles\n|player|p1|RicardRL9|cameraman|1623\n|player|p2|JaxAG|unknown|1689\n|gen|9\n|tier|[Gen 9] Random Doubles Battle\n|rated|\n|rule|Species Clause: Limit one of each Pokémon\n|rule|HP Percentage Mod: HP is shown in percentages\n|rule|Illusion Level Mod: Illusion disguises the Pokémon's true level\n|rule|Sleep Clause Mod: Limit one foe put to sleep\n|\n|t:|1770995942\n|teamsize|p1|6\n|teamsize|p2|6\n|start\n|switch|p1a: Bruxish|Bruxish, L86, F|257/257\n|switch|p1b: Conkeldurr|Conkeldurr, L81, F|303/303\n|switch|p2a: Pawmot|Pawmot, L80, F|243/243\n|switch|p2b: Probopass|Probopass, L90, F|254/254\n|turn|1\n|inactive|Battle timer is ON: inactive players will automatically lose when time's up. (requested by RicardRL9)\n|inactive|RicardRL9 has 120 seconds left.\n|inactive|JaxAG has 120 seconds left.\n|\n|t:|1770995996\n|switch|p2a: Iron Leaves|Iron Leaves, L81|278/278\n|-enditem|p2a: Iron Leaves|Booster Energy\n|-activate|p2a: Iron Leaves|ability: Quark Drive|[fromitem]\n|-start|p2a: Iron Leaves|quarkdriveatk\n|switch|p1a: Glimmora|Glimmora, L77, M|254/254\n|switch|p2b: Garchomp|Garchomp, L77, F|293/293\n|move|p1b: Conkeldurr|Drain Punch|p2a: Iron Leaves\n|-resisted|p2a: Iron Leaves\n|-damage|p2a: Iron Leaves|212/278\n|\n|upkeep\n|turn|2\n|\n|t:|1770996021\n|switch|p1a: Uxie|Uxie, L85|266/266\n|move|p2a: Iron Leaves|Leaf Blade|p1a: Uxie\n|-damage|p1a: Uxie|167/266\n|move|p2b: Garchomp|Earthquake|p1a: Uxie|[spread] p2a,p1b\n|-immune|p1a: Uxie|[from] ability: Levitate\n|-resisted|p2a: Iron Leaves\n|-damage|p2a: Iron Leaves|168/278\n|-damage|p1b: Conkeldurr|225/303\n|move|p1b: Conkeldurr|Ice Punch|p2b: Garchomp\n|-supereffective|p2b: Garchomp\n|-damage|p2b: Garchomp|0 fnt\n|-damage|p1b: Conkeldurr|188/303|[from] ability: Rough Skin|[of] p2b: Garchomp\n|faint|p2b: Garchomp\n|\n|upkeep\n|inactive|JaxAG has 120 seconds left.\n|\n|t:|1770996038\n|switch|p2b: Krookodile|Krookodile, L80, M|283/283\n|-ability|p2b: Krookodile|Intimidate|boost\n|-unboost|p1a: Uxie|atk|1\n|-unboost|p1b: Conkeldurr|atk|1\n|turn|3\n|\n|t:|1770996062\n|move|p2a: Iron Leaves|Swords Dance|p2a: Iron Leaves\n|-boost|p2a: Iron Leaves|atk|2\n|move|p1a: Uxie|Thunder Wave|p2a: Iron Leaves\n|-status|p2a: Iron Leaves|par\n|move|p2b: Krookodile|Knock Off|p1a: Uxie\n|-supereffective|p1a: Uxie\n|-damage|p1a: Uxie|0 fnt\n|-enditem|p1a: Uxie|Sitrus Berry|[from] move: Knock Off|[of] p2b: Krookodile\n|faint|p1a: Uxie\n|move|p1b: Conkeldurr|Drain Punch|p2b: Krookodile\n|-supereffective|p2b: Krookodile\n|-damage|p2b: Krookodile|97/283\n|-heal|p1b: Conkeldurr|281/303|[from] drain|[of] p2b: Krookodile\n|\n|upkeep\n|inactive|RicardRL9 has 120 seconds left.\n|\n|t:|1770996097\n|switch|p1a: Ariados|Ariados, M|302/302\n|turn|4\n|\n|t:|1770996116\n|switch|p2b: Pawmot|Pawmot, L80, F|243/243\n|move|p2a: Iron Leaves|Protect|p2a: Iron Leaves\n|-singleturn|p2a: Iron Leaves|Protect\n|move|p1a: Ariados|Megahorn|p2a: Iron Leaves\n|-activate|p2a: Iron Leaves|move: Protect\n|move|p1b: Conkeldurr|Drain Punch|p2b: Pawmot\n|-damage|p2b: Pawmot|143/243\n|-heal|p1b: Conkeldurr|303/303|[from] drain|[of] p2b: Pawmot\n|\n|upkeep\n|turn|5\n|\n|t:|1770996134\n|-terastallize|p2a: Iron Leaves|Fighting\n|move|p1a: Ariados|Protect|p1a: Ariados\n|-singleturn|p1a: Ariados|Protect\n|move|p2b: Pawmot|Revival Blessing|p2b: Pawmot\n|\n|t:|1770996139\n|-heal|p2: Garchomp|146/293|[from] move: Revival Blessing\n|move|p1b: Conkeldurr|Ice Punch|p2a: Iron Leaves\n|-damage|p2a: Iron Leaves|111/278 par\n|move|p2a: Iron Leaves|Close Combat|p1b: Conkeldurr\n|-damage|p1b: Conkeldurr|0 fnt\n|-unboost|p2a: Iron Leaves|def|1\n|-unboost|p2a: Iron Leaves|spd|1\n|faint|p1b: Conkeldurr\n|\n|upkeep\n|\n|t:|1770996156\n|switch|p1b: Palafin|Palafin, L79, M|288/288\n|turn|6\n|\n|t:|1770996170\n|detailschange|p1b: Palafin|Palafin-Hero, L79, M\n|switch|p1b: Glimmora|Glimmora, L77, M|254/254\n|-end|p2a: Iron Leaves|Quark Drive|[silent]\n|switch|p2a: Krookodile|Krookodile, L80, M|97/283\n|-ability|p2a: Krookodile|Intimidate|boost\n|-unboost|p1a: Ariados|atk|1\n|-unboost|p1b: Glimmora|atk|1\n|move|p2b: Pawmot|Protect|p2b: Pawmot\n|-singleturn|p2b: Pawmot|Protect\n|move|p1a: Ariados|Sticky Web|p2b: Pawmot\n|-sidestart|p2: JaxAG|move: Sticky Web\n|\n|upkeep\n|turn|7\n|\n|t:|1770996196\n|move|p1a: Ariados|Rage Powder|p1a: Ariados\n|-singleturn|p1a: Ariados|move: Rage Powder\n|move|p2b: Pawmot|Double Shock|p1a: Ariados\n|-damage|p1a: Ariados|123/302\n|-start|p2b: Pawmot|typechange|???/Fighting|[from] move: Double Shock\n|-damage|p2b: Pawmot|103/243|[from] item: Rocky Helmet|[of] p1a: Ariados\n|-damage|p2b: Pawmot|79/243|[from] item: Life Orb\n|move|p2a: Krookodile|High Horsepower|p1a: Ariados\n|-damage|p1a: Ariados|0 fnt\n|-damage|p2a: Krookodile|50/283|[from] item: Rocky Helmet|[of] p1a: Ariados\n|faint|p1a: Ariados\n|move|p1b: Glimmora|Mortal Spin|p2a: Krookodile|[spread] p2a,p2b\n|-resisted|p2a: Krookodile\n|-damage|p2a: Krookodile|45/283\n|-damage|p2b: Pawmot|67/243\n|-status|p2a: Krookodile|psn\n|-status|p2b: Pawmot|psn\n|\n|-damage|p2b: Pawmot|37/243 psn|[from] psn\n|-damage|p2a: Krookodile|10/283 psn|[from] psn\n|upkeep\n|inactive|RicardRL9 has 120 seconds left.\n|\n|t:|1770996212\n|switch|p1a: Bruxish|Bruxish, L86, F|257/257\n|turn|8\n|\n|t:|1770996224\n|switch|p2a: Iron Leaves|Iron Leaves, L81, tera:Fighting|111/278 par\n|-activate|p2a: Iron Leaves|move: Sticky Web\n|-unboost|p2a: Iron Leaves|spe|1\n|move|p1a: Bruxish|Protect|p1a: Bruxish\n|-singleturn|p1a: Bruxish|Protect\n|move|p1b: Glimmora|Spiky Shield|p1b: Glimmora\n|-singleturn|p1b: Glimmora|move: Protect\n|move|p2b: Pawmot|Close Combat|p1b: Glimmora\n|-activate|p1b: Glimmora|move: Protect\n|-damage|p2b: Pawmot|7/243 psn|[from] Spiky Shield|[of] p1b: Glimmora\n|\n|-damage|p2b: Pawmot|0 fnt|[from] psn\n|faint|p2b: Pawmot\n|upkeep\n|inactive|JaxAG has 120 seconds left.\n|\n|t:|1770996256\n|switch|p2b: Houndoom|Houndoom, L86, M|269/269\n|-activate|p2b: Houndoom|move: Sticky Web\n|-unboost|p2b: Houndoom|spe|1\n|turn|9\n|\n|t:|1770996282\n|move|p2b: Houndoom|Sucker Punch|p1a: Bruxish\n|-supereffective|p1a: Bruxish\n|-damage|p1a: Bruxish|36/257\n|-damage|p2b: Houndoom|243/269|[from] item: Life Orb\n|move|p1a: Bruxish|Wave Crash|p2b: Houndoom\n|-supereffective|p2b: Houndoom\n|-damage|p2b: Houndoom|0 fnt\n|faint|p2b: Houndoom\n|-damage|p1a: Bruxish|0 fnt|[from] Recoil\n|faint|p1a: Bruxish\n|move|p1b: Glimmora|Sludge Bomb|p2a: Iron Leaves\n|-damage|p2a: Iron Leaves|17/278 par\n|cant|p2a: Iron Leaves|par\n|\n|upkeep\n|\n|t:|1770996295\n|switch|p2b: Krookodile|Krookodile, L80, M|10/283 psn\n|switch|p1a: Palafin|Palafin-Hero, L79, M|288/288\n|-activate|p1a: Palafin|ability: Zero to Hero\n|-activate|p2b: Krookodile|move: Sticky Web\n|-unboost|p2b: Krookodile|spe|1\n|-ability|p2b: Krookodile|Intimidate|boost\n|-unboost|p1a: Palafin|atk|1\n|-unboost|p1b: Glimmora|atk|1\n|turn|10\n|inactive|RicardRL9 has 120 seconds left.\n|\n|t:|1770996330\n|move|p1a: Palafin|Wave Crash|p2b: Krookodile\n|-supereffective|p2b: Krookodile\n|-damage|p2b: Krookodile|0 fnt\n|faint|p2b: Krookodile\n|-damage|p1a: Palafin|285/288|[from] Recoil\n|move|p1b: Glimmora|Sludge Bomb|p2a: Iron Leaves\n|-damage|p2a: Iron Leaves|0 fnt\n|faint|p2a: Iron Leaves\n|-end|p2a: Iron Leaves|Quark Drive|[silent]\n|\n|upkeep\n|\n|t:|1770996339\n|switch|p2a: Probopass|Probopass, L90, F|254/254\n|switch|p2b: Garchomp|Garchomp, L77, F|146/293\n|-activate|p2b: Garchomp|move: Sticky Web\n|-unboost|p2b: Garchomp|spe|1\n|-activate|p2a: Probopass|move: Sticky Web\n|-unboost|p2a: Probopass|spe|1\n|turn|11\n|\n|t:|1770996359\n|-terastallize|p1b: Glimmora|Water\n|move|p1a: Palafin|Wave Crash|p2a: Probopass\n|-supereffective|p2a: Probopass\n|-damage|p2a: Probopass|48/254\n|-damage|p1a: Palafin|217/288|[from] Recoil\n|move|p1b: Glimmora|Mortal Spin|p2b: Garchomp|[spread] p2b\n|-immune|p2a: Probopass\n|-resisted|p2b: Garchomp\n|-damage|p2b: Garchomp|143/293\n|-status|p2b: Garchomp|psn\n|-damage|p1b: Glimmora|223/254|[from] ability: Rough Skin|[of] p2b: Garchomp\n|move|p2b: Garchomp|Scale Shot|p1b: Glimmora\n|-damage|p1b: Glimmora|190/254\n|-activate|p1b: Glimmora|ability: Toxic Debris\n|-sidestart|p2: JaxAG|move: Toxic Spikes\n|-damage|p1b: Glimmora|160/254\n|-activate|p1b: Glimmora|ability: Toxic Debris\n|-sidestart|p2: JaxAG|move: Toxic Spikes\n|-damage|p1b: Glimmora|129/254\n|-damage|p1b: Glimmora|96/254\n|-enditem|p1b: Glimmora|Sitrus Berry|[eat]\n|-heal|p1b: Glimmora|159/254|[from] item: Sitrus Berry\n|-hitcount|p1b: Glimmora|4\n|-unboost|p2b: Garchomp|def|1\n|-boost|p2b: Garchomp|spe|1\n|move|p2a: Probopass|Iron Defense|p2a: Probopass\n|-boost|p2a: Probopass|def|2\n|\n|-damage|p2b: Garchomp|107/293 psn|[from] psn\n|upkeep\n|turn|12\n|inactive|RicardRL9 has 120 seconds left.\n|inactive|JaxAG has 120 seconds left.\n|inactive|RicardRL9 has 90 seconds left.\n|\n|t:|1770996441\n|move|p1a: Palafin|Wave Crash|p2a: Probopass\n|-supereffective|p2a: Probopass\n|-damage|p2a: Probopass|0 fnt\n|faint|p2a: Probopass\n|-damage|p1a: Palafin|201/288|[from] Recoil\n|move|p2b: Garchomp|Scale Shot|p1b: Glimmora\n|-damage|p1b: Glimmora|126/254\n|-damage|p1b: Glimmora|98/254\n|-damage|p1b: Glimmora|65/254\n|-damage|p1b: Glimmora|35/254\n|-hitcount|p1b: Glimmora|4\n|-unboost|p2b: Garchomp|def|1\n|-boost|p2b: Garchomp|spe|1\n|move|p1b: Glimmora|Sludge Bomb|p2b: Garchomp\n|-resisted|p2b: Garchomp\n|-damage|p2b: Garchomp|47/293 psn\n|\n|-damage|p2b: Garchomp|11/293 psn|[from] psn\n|upkeep\n|turn|13\n|inactive|RicardRL9 has 90 seconds left.\n|inactive|JaxAG has 120 seconds left.\n|-message|JaxAG forfeited.\n|\n|win|RicardRL9\n|raw|RicardRL9's rating: 1623 &rarr; <strong>1647</strong><br />(+24 for winning)\n|raw|JaxAG's rating: 1689 &rarr; <strong>1665</strong><br />(-24 for losing)\n|l|☆JaxAG\n|player|p2|\n|c|☆RicardRL9|Gg\n", "inputlog": ">version ccdc32dd7cde25fd9e4bed64820e885f66e78a4e\n>start {\"formatid\":\"gen9randomdoublesbattle\",\"seed\":\"sodium,7b07632be6aa168aa813c23c3f66d95d\",\"rated\":\"Rated battle\"}\n>player p1 {\"name\":\"RicardRL9\",\"avatar\":\"cameraman\",\"rating\":1623,\"seed\":\"sodium,f69966291b9052d5ba3ab58b21d5ac91\"}\n>player p2 {\"name\":\"JaxAG\",\"avatar\":\"unknown\",\"rating\":1689,\"seed\":\"sodium,3120fab120a5ed10daaf003561f8601b\"}\n>p1 switch 6, move drainpunch +1\n>p2 switch 6, switch 5\n>p1 switch 3, move icepunch +2\n>p2 move leafblade +1, move earthquake\n>p2 pass, switch 3\n>p1 move thunderwave +1, move drainpunch +2\n>p2 move swordsdance, move knockoff +1\n>p1 switch 4, pass\n>p1 move megahorn +1, move drainpunch +2\n>p2 move protect, switch 6\n>p1 move protect, move icepunch +1\n>p2 move closecombat +2 terastallize, move revivalblessing\n>p2 pass, switch 3\n>p1 pass, switch 5\n>p1 move stickyweb, switch 3\n>p2 switch 6, move protect\n>p1 move ragepowder, move mortalspin\n>p2 move highhorsepower +2, move doubleshock +1\n>p1 switch 6, pass\n>p1 move protect, move spikyshield\n>p2 switch 6, move closecombat +2\n>p2 pass, switch 4\n>p1 move wavecrash +2, move sludgebomb +1\n>p2 move closecombat +2, move suckerpunch +1\n>p1 switch 3, pass\n>p2 pass, switch 6\n>p1 move wavecrash +2, move sludgebomb +1\n>p2 move leafblade +1, move highhorsepower +2\n>p2 switch 5, switch 3\n>p1 move wavecrash +1, move mortalspin terastallize\n>p2 move irondefense, move scaleshot +2\n>p1 move wavecrash +1, move sludgebomb +2\n>p2 move rest, move scaleshot +2\n>forcelose p2", "uploadtime": 1770996492, "views": 73, "formatid": "gen9randomdoublesbattle", "rating": 1647, "private": 0, "password": null}