{"id": "gen9randomdoublesbattle-2538790641", "format": "[Gen 9] Random Doubles Battle", "players": ["javigandara10", "shigeshigetokugawa"], "log": "|j|☆javigandara10\n|j|☆shigeshigetokugawa\n|t:|1770975336\n|gametype|doubles\n|player|p1|javigandara10|101|1936\n|player|p2|shigeshigetokugawa|ghetsis-gen5bw|1967\n|gen|9\n|tier|[Gen 9] Random Doubles Battle\n|rated|\n|rule|Species Clause: Limit one of each Pokémon\n|rule|HP Percentage Mod: HP is shown in percentages\n|rule|Illusion Level Mod: Illusion disguises the Pokémon's true level\n|rule|Sleep Clause Mod: Limit one foe put to sleep\n|\n|t:|1770975336\n|teamsize|p1|6\n|teamsize|p2|6\n|start\n|switch|p1a: Manaphy|Manaphy, L78|284/284\n|switch|p1b: Lilligant|Lilligant-Hisui, L84, F|255/255\n|switch|p2a: Garchomp|Garchomp, L77, M|293/293\n|switch|p2b: Eiscue|Eiscue, L89, F|278/278\n|turn|1\n|inactive|Battle timer is ON: inactive players will automatically lose when time's up. (requested by javigandara10)\n|\n|t:|1770975360\n|move|p1b: Lilligant|Sleep Powder|p2b: Eiscue|[miss]\n|-miss|p1b: Lilligant|p2b: Eiscue\n|move|p2a: Garchomp|Scale Shot|p1a: Manaphy\n|-damage|p1a: Manaphy|256/284\n|-damage|p1a: Manaphy|226/284\n|-damage|p1a: Manaphy|199/284\n|-damage|p1a: Manaphy|171/284\n|-hitcount|p1a: Manaphy|4\n|-unboost|p2a: Garchomp|def|1\n|-boost|p2a: Garchomp|spe|1\n|move|p1a: Manaphy|Ice Beam|p2a: Garchomp\n|-supereffective|p2a: Garchomp\n|-damage|p2a: Garchomp|49/293\n|move|p2b: Eiscue|Belly Drum|p2b: Eiscue\n|-damage|p2b: Eiscue|139/278\n|-setboost|p2b: Eiscue|atk|6|[from] move: Belly Drum\n|-enditem|p2b: Eiscue|Sitrus Berry|[eat]\n|-heal|p2b: Eiscue|208/278|[from] item: Sitrus Berry\n|\n|upkeep\n|turn|2\n|\n|t:|1770975378\n|move|p2a: Garchomp|Scale Shot|p1b: Lilligant|[miss]\n|-miss|p2a: Garchomp|p1b: Lilligant\n|move|p1b: Lilligant|Sleep Powder|p2b: Eiscue\n|-status|p2b: Eiscue|slp|[from] move: Sleep Powder\n|move|p1a: Manaphy|Ice Beam|p2a: Garchomp\n|-supereffective|p2a: Garchomp\n|-damage|p2a: Garchomp|0 fnt\n|faint|p2a: Garchomp\n|cant|p2b: Eiscue|slp\n|\n|upkeep\n|\n|t:|1770975396\n|switch|p2a: Eelektross|Eelektross, L86, M|286/286\n|turn|3\n|\n|t:|1770975415\n|move|p1b: Lilligant|Leaf Blade|p2a: Eelektross\n|-damage|p2a: Eelektross|90/286\n|-damage|p1b: Lilligant|230/255|[from] item: Life Orb\n|move|p1a: Manaphy|Hydro Pump|p2b: Eiscue\n|-damage|p2b: Eiscue|115/278 slp\n|cant|p2b: Eiscue|slp\n|move|p2a: Eelektross|Thunderbolt|p1a: Manaphy\n|-supereffective|p1a: Manaphy\n|-damage|p1a: Manaphy|0 fnt\n|faint|p1a: Manaphy\n|\n|upkeep\n|\n|t:|1770975428\n|switch|p1a: Fezandipiti|Fezandipiti, L81, M|275/275\n|turn|4\n|\n|t:|1770975444\n|move|p1b: Lilligant|Leaf Blade|p2a: Eelektross\n|-damage|p2a: Eelektross|0 fnt\n|faint|p2a: Eelektross\n|-damage|p1b: Lilligant|205/255|[from] item: Life Orb\n|move|p1a: Fezandipiti|Moonblast|p2b: Eiscue\n|-damage|p2b: Eiscue|49/278 slp\n|cant|p2b: Eiscue|slp\n|\n|upkeep\n|\n|t:|1770975453\n|switch|p2a: Azumarill|Azumarill, L83, F|302/302\n|turn|5\n|\n|t:|1770975457\n|move|p2a: Azumarill|Aqua Jet|p2b: Eiscue\n|-activate|p2b: Eiscue|ability: Ice Face\n|-damage|p2b: Eiscue|49/278 slp\n|detailschange|p2b: Eiscue|Eiscue-Noice, L89, F\n|-curestatus|p2b: Eiscue|slp|[msg]\n|move|p2b: Eiscue|Ice Spinner|p1a: Fezandipiti\n|-damage|p1a: Fezandipiti|0 fnt\n|faint|p1a: Fezandipiti\n|move|p1b: Lilligant|Leaf Blade|p2a: Azumarill\n|-supereffective|p2a: Azumarill\n|-damage|p2a: Azumarill|0 fnt\n|faint|p2a: Azumarill\n|-damage|p1b: Lilligant|180/255|[from] item: Life Orb\n|\n|upkeep\n|\n|t:|1770975471\n|switch|p1a: Decidueye|Decidueye, L89, F|284/284\n|switch|p2a: Cresselia|Cresselia, L80, F|323/323\n|turn|6\n|\n|t:|1770975480\n|move|p2b: Eiscue|Ice Spinner|p1b: Lilligant\n|-supereffective|p1b: Lilligant\n|-damage|p1b: Lilligant|0 fnt\n|faint|p1b: Lilligant\n|move|p2a: Cresselia|Thunder Wave|p1a: Decidueye\n|-status|p1a: Decidueye|par\n|move|p1a: Decidueye|Tailwind|p1a: Decidueye\n|-sidestart|p1: javigandara10|move: Tailwind\n|\n|upkeep\n|\n|t:|1770975488\n|switch|p1b: Pelipper|Pelipper, L83, F|235/235\n|-weather|RainDance|[from] ability: Drizzle|[of] p1b: Pelipper\n|turn|7\n|\n|t:|1770975493\n|move|p2b: Eiscue|Protect|p2b: Eiscue\n|-singleturn|p2b: Eiscue|Protect\n|move|p1b: Pelipper|Hurricane|p2b: Eiscue\n|-activate|p2b: Eiscue|move: Protect\n|move|p2a: Cresselia|Thunder Wave|p1b: Pelipper\n|-status|p1b: Pelipper|par\n|move|p1a: Decidueye|Knock Off|p2a: Cresselia\n|-supereffective|p2a: Cresselia\n|-damage|p2a: Cresselia|165/323\n|-enditem|p2a: Cresselia|Sitrus Berry|[from] move: Knock Off|[of] p1a: Decidueye\n|\n|-weather|RainDance|[upkeep]\n|upkeep\n|turn|8\n|\n|t:|1770975505\n|move|p1b: Pelipper|Protect|p1b: Pelipper\n|-singleturn|p1b: Pelipper|Protect\n|move|p2b: Eiscue|Ice Spinner|p1a: Decidueye\n|-supereffective|p1a: Decidueye\n|-damage|p1a: Decidueye|0 fnt\n|faint|p1a: Decidueye\n|move|p2a: Cresselia|Psychic|p1b: Pelipper\n|-activate|p1b: Pelipper|move: Protect\n|\n|-weather|RainDance|[upkeep]\n|upkeep\n|\n|t:|1770975509\n|switch|p1a: Bastiodon|Bastiodon, L89, M|252/252\n|turn|9\n|\n|t:|1770975519\n|move|p2b: Eiscue|Ice Spinner|p1b: Pelipper\n|-damage|p1b: Pelipper|0 fnt\n|faint|p1b: Pelipper\n|move|p1a: Bastiodon|Iron Defense|p1a: Bastiodon\n|-boost|p1a: Bastiodon|def|2\n|move|p2a: Cresselia|Thunder Wave|p1a: Bastiodon\n|-status|p1a: Bastiodon|par\n|\n|-weather|RainDance|[upkeep]\n|-sideend|p1: javigandara10|move: Tailwind\n|upkeep\n|turn|10\n|-message|javigandara10 forfeited.\n|\n|win|shigeshigetokugawa\n|raw|javigandara10's rating: 1936 &rarr; <strong>1918</strong><br />(-18 for losing)\n|raw|shigeshigetokugawa's rating: 1967 &rarr; <strong>1985</strong><br />(+18 for winning)\n|l|☆javigandara10\n|player|p1|\n", "inputlog": ">version ccdc32dd7cde25fd9e4bed64820e885f66e78a4e\n>start {\"formatid\":\"gen9randomdoublesbattle\",\"seed\":\"sodium,e224938b1e606aa3825d3b76cc221d9c\",\"rated\":\"Rated battle\"}\n>player p1 {\"name\":\"javigandara10\",\"avatar\":\"101\",\"rating\":1936,\"seed\":\"sodium,72c880d3561da7beda1aa96e87036634\"}\n>player p2 {\"name\":\"shigeshigetokugawa\",\"avatar\":\"ghetsis-gen5bw\",\"rating\":1967,\"seed\":\"sodium,d7365411dc68ac6fcf76a9e7aa83d3fa\"}\n>p1 move icebeam +1, move sleeppowder +2\n>p2 move scaleshot +1, move bellydrum\n>p1 move icebeam +1, move sleeppowder +2\n>p2 move scaleshot +2, move icespinner +1\n>p2 switch 4, pass\n>p1 move hydropump +2, move leafblade +1\n>p2 move thunderbolt +1, move icespinner +2\n>p1 switch 3, pass\n>p1 move moonblast +2, move leafblade +1\n>p2 move thunderbolt +1, move icespinner +2\n>p2 switch 3, pass\n>p1 move moonblast +2, move leafblade +1\n>p2 move aquajet -2, move icespinner +1\n>p1 switch 4, pass\n>p2 switch 6, pass\n>p1 move tailwind, move leafblade +1\n>p2 move thunderwave +1, move icespinner +2\n>p1 pass, switch 5\n>p1 move knockoff +1, move hurricane +2\n>p2 move thunderwave +2, move protect\n>p1 move leafstorm +2, move protect\n>p2 move psychic +2, move icespinner +1\n>p1 switch 6, pass\n>p1 move irondefense, move muddywater\n>p2 move thunderwave +1, move icespinner +2\n>forcelose p1", "uploadtime": 1770975535, "views": 72, "formatid": "gen9randomdoublesbattle", "rating": 1918, "private": 0, "password": null}