{"id": "gen9randomdoublesbattle-2536138900", "format": "[Gen 9] Random Doubles Battle", "players": ["lordjikji", "piedude1110"], "log": "|j|☆lordjikji\n|j|☆piedude1110\n|t:|1770657824\n|gametype|doubles\n|player|p1|lordjikji|2|1560\n|player|p2|piedude1110|102|1661\n|gen|9\n|tier|[Gen 9] Random Doubles Battle\n|rated|\n|rule|Species Clause: Limit one of each Pokémon\n|rule|HP Percentage Mod: HP is shown in percentages\n|rule|Illusion Level Mod: Illusion disguises the Pokémon's true level\n|rule|Sleep Clause Mod: Limit one foe put to sleep\n|\n|t:|1770657824\n|teamsize|p1|6\n|teamsize|p2|6\n|start\n|switch|p1a: Talonflame|Talonflame, L82, F|262/262\n|switch|p1b: Tyranitar|Tyranitar, L81, M|295/295\n|switch|p2a: Morpeko|Morpeko, L88, F|245/245\n|switch|p2b: Noctowl|Noctowl, L91, M|330/330\n|-weather|Sandstorm|[from] ability: Sand Stream|[of] p1b: Tyranitar\n|turn|1\n|inactive|Battle timer is ON: inactive players will automatically lose when time's up. (requested by piedude1110)\n|inactive|lordjikji has 120 seconds left.\n|\n|t:|1770657872\n|move|p1a: Talonflame|Tailwind|p1a: Talonflame\n|-sidestart|p1: lordjikji|move: Tailwind\n|move|p1b: Tyranitar|Dragon Dance|p1b: Tyranitar\n|-boost|p1b: Tyranitar|atk|1\n|-boost|p1b: Tyranitar|spe|1\n|move|p2a: Morpeko|Aura Wheel|p1a: Talonflame\n|-supereffective|p1a: Talonflame\n|-damage|p1a: Talonflame|0 fnt\n|-boost|p2a: Morpeko|spe|1\n|faint|p1a: Talonflame\n|-damage|p2a: Morpeko|221/245|[from] item: Life Orb\n|move|p2b: Noctowl|Tailwind|p2b: Noctowl\n|-sidestart|p2: piedude1110|move: Tailwind\n|\n|-weather|Sandstorm|[upkeep]\n|-damage|p2a: Morpeko|206/245|[from] Sandstorm\n|-damage|p2b: Noctowl|310/330|[from] Sandstorm\n|-formechange|p2a: Morpeko|Morpeko-Hangry||[from] ability: Hunger Switch\n|upkeep\n|\n|t:|1770657877\n|switch|p1a: Shiftry|Shiftry, L84, M|288/288\n|-ability|p1a: Shiftry|Wind Rider|boost\n|-boost|p1a: Shiftry|atk|1\n|turn|2\n|inactive|piedude1110 has 120 seconds left.\n|\n|t:|1770657917\n|move|p1a: Shiftry|Fake Out|p2a: Morpeko\n|-damage|p2a: Morpeko|153/245\n|cant|p2a: Morpeko|flinch\n|move|p1b: Tyranitar|Stone Edge|p2b: Noctowl\n|-supereffective|p2b: Noctowl\n|-damage|p2b: Noctowl|0 fnt\n|faint|p2b: Noctowl\n|\n|-weather|Sandstorm|[upkeep]\n|-damage|p2a: Morpeko|138/245|[from] Sandstorm\n|-damage|p1a: Shiftry|270/288|[from] Sandstorm\n|-formechange|p2a: Morpeko|Morpeko||[from] ability: Hunger Switch\n|upkeep\n|\n|t:|1770657940\n|switch|p2b: Iron Bundle|Iron Bundle, L78|215/215\n|-enditem|p2b: Iron Bundle|Booster Energy\n|-activate|p2b: Iron Bundle|ability: Quark Drive|[fromitem]\n|-start|p2b: Iron Bundle|quarkdrivespe\n|turn|3\n|inactive|lordjikji has 120 seconds left.\n|\n|t:|1770657971\n|-terastallize|p1a: Shiftry|Ghost\n|move|p2b: Iron Bundle|Freeze-Dry|p1a: Shiftry\n|-damage|p1a: Shiftry|174/288\n|move|p2a: Morpeko|Aura Wheel|p1b: Tyranitar\n|-damage|p1b: Tyranitar|162/295\n|-boost|p2a: Morpeko|spe|1\n|-damage|p2a: Morpeko|114/245|[from] item: Life Orb\n|move|p1b: Tyranitar|Stone Edge|p2a: Morpeko\n|-damage|p2a: Morpeko|0 fnt\n|faint|p2a: Morpeko\n|move|p1a: Shiftry|Leaf Blade|p2b: Iron Bundle\n|-supereffective|p2b: Iron Bundle\n|-damage|p2b: Iron Bundle|0 fnt\n|faint|p2b: Iron Bundle\n|-end|p2b: Iron Bundle|Quark Drive|[silent]\n|\n|-weather|Sandstorm|[upkeep]\n|-damage|p1a: Shiftry|156/288|[from] Sandstorm\n|upkeep\n|\n|t:|1770657989\n|switch|p2b: Dondozo|Dondozo, L85, F|394/394\n|switch|p2a: Sandaconda|Sandaconda, L88, M|270/270\n|turn|4\n|inactive|piedude1110 has 120 seconds left.\n|\n|t:|1770658008\n|move|p1b: Tyranitar|Knock Off|p2a: Sandaconda\n|-damage|p2a: Sandaconda|132/270\n|-enditem|p2a: Sandaconda|Leftovers|[from] move: Knock Off|[of] p1b: Tyranitar\n|move|p1a: Shiftry|Knock Off|p2b: Dondozo\n|-damage|p2b: Dondozo|312/394\n|-enditem|p2b: Dondozo|Assault Vest|[from] move: Knock Off|[of] p1a: Shiftry\n|move|p2a: Sandaconda|High Horsepower|p1b: Tyranitar\n|-supereffective|p1b: Tyranitar\n|-damage|p1b: Tyranitar|0 fnt\n|faint|p1b: Tyranitar\n|move|p2b: Dondozo|Wave Crash|p1a: Shiftry\n|-damage|p1a: Shiftry|0 fnt\n|faint|p1a: Shiftry\n|-damage|p2b: Dondozo|261/394|[from] Recoil\n|\n|-weather|Sandstorm|[upkeep]\n|-damage|p2b: Dondozo|237/394|[from] Sandstorm\n|-sideend|p2: piedude1110|move: Tailwind\n|-sideend|p1: lordjikji|move: Tailwind\n|upkeep\n|\n|t:|1770658020\n|switch|p1a: Lumineon|Lumineon, L92, F|276/276\n|switch|p1b: Clefairy|Clefairy, L98, M|296/296\n|turn|5\n|\n|t:|1770658042\n|move|p1a: Lumineon|Icy Wind|p2b: Dondozo|[spread] p2a,p2b\n|-supereffective|p2a: Sandaconda\n|-resisted|p2b: Dondozo\n|-damage|p2a: Sandaconda|68/270\n|-damage|p2b: Dondozo|221/394\n|-unboost|p2a: Sandaconda|spe|1\n|-unboost|p2b: Dondozo|spe|1\n|move|p1b: Clefairy|Moonblast|p2a: Sandaconda\n|-damage|p2a: Sandaconda|0 fnt\n|faint|p2a: Sandaconda\n|move|p2b: Dondozo|Heavy Slam|p1b: Clefairy\n|-supereffective|p1b: Clefairy\n|-damage|p1b: Clefairy|140/296\n|\n|-weather|none\n|upkeep\n|\n|t:|1770658054\n|switch|p2a: Ampharos|Ampharos, L86, F|295/295\n|turn|6\n|inactive|lordjikji has 120 seconds left.\n|\n|t:|1770658111\n|move|p1a: Lumineon|Icy Wind|p2a: Ampharos|[spread] p2a,p2b\n|-resisted|p2b: Dondozo\n|-damage|p2a: Ampharos|267/295\n|-damage|p2b: Dondozo|204/394\n|-unboost|p2a: Ampharos|spe|1\n|-unboost|p2b: Dondozo|spe|1\n|move|p1b: Clefairy|Moonblast|p2a: Ampharos\n|-damage|p2a: Ampharos|167/295\n|move|p2a: Ampharos|Thunderbolt|p1a: Lumineon\n|-supereffective|p1a: Lumineon\n|-damage|p1a: Lumineon|122/276\n|-enditem|p1a: Lumineon|Sitrus Berry|[eat]\n|-heal|p1a: Lumineon|191/276|[from] item: Sitrus Berry\n|move|p2b: Dondozo|Heavy Slam|p1b: Clefairy\n|-supereffective|p1b: Clefairy\n|-damage|p1b: Clefairy|0 fnt\n|faint|p1b: Clefairy\n|\n|upkeep\n|\n|t:|1770658120\n|switch|p1b: Kingdra|Kingdra, L85, M|266/266\n|turn|7\n|\n|t:|1770658147\n|move|p1a: Lumineon|Hydro Pump|p2a: Ampharos\n|-damage|p2a: Ampharos|58/295\n|-enditem|p2a: Ampharos|Sitrus Berry|[eat]\n|-heal|p2a: Ampharos|131/295|[from] item: Sitrus Berry\n|move|p1b: Kingdra|Wave Crash|p1a: Lumineon\n|-activate|p1a: Lumineon|ability: Storm Drain\n|-ability|p1a: Lumineon|Storm Drain|boost\n|-boost|p1a: Lumineon|spa|1\n|move|p2a: Ampharos|Thunderbolt|p1b: Kingdra\n|-crit|p1b: Kingdra\n|-damage|p1b: Kingdra|97/266\n|move|p2b: Dondozo|Body Press|p1b: Kingdra\n|-damage|p1b: Kingdra|32/266\n|\n|upkeep\n|turn|8\n|inactive|lordjikji has 120 seconds left.\n|c|☆lordjikji|XD I 4got that\n|\n|t:|1770658175\n|move|p1b: Kingdra|Protect|p1b: Kingdra\n|-singleturn|p1b: Kingdra|Protect\n|move|p1a: Lumineon|Hydro Pump|p2a: Ampharos\n|-damage|p2a: Ampharos|0 fnt\n|faint|p2a: Ampharos\n|move|p2b: Dondozo|Body Press|p1b: Kingdra\n|-activate|p1b: Kingdra|move: Protect\n|\n|upkeep\n|turn|9\n|inactive|lordjikji has 120 seconds left.\n|\n|t:|1770658191\n|move|p1a: Lumineon|Helping Hand|p1b: Kingdra\n|-singleturn|p1b: Kingdra|Helping Hand|[of] p1a: Lumineon\n|move|p1b: Kingdra|Draco Meteor|p2b: Dondozo\n|-damage|p2b: Dondozo|0 fnt\n|-unboost|p1b: Kingdra|spa|2\n|faint|p2b: Dondozo\n|-damage|p1b: Kingdra|6/266|[from] item: Life Orb\n|\n|win|lordjikji\n|raw|lordjikji's rating: 1560 &rarr; <strong>1586</strong><br />(+26 for winning)\n|raw|piedude1110's rating: 1661 &rarr; <strong>1635</strong><br />(-26 for losing)\n|c|☆lordjikji|gg\n", "inputlog": ">version ccdc32dd7cde25fd9e4bed64820e885f66e78a4e\n>start {\"formatid\":\"gen9randomdoublesbattle\",\"seed\":\"sodium,3d0453ec23bdfb50dfa5f3f32c1951a4\",\"rated\":\"Rated battle\"}\n>player p1 {\"name\":\"lordjikji\",\"avatar\":\"2\",\"rating\":1560,\"seed\":\"sodium,7c4cc569f0923b626068814c7677b993\"}\n>player p2 {\"name\":\"piedude1110\",\"avatar\":\"102\",\"rating\":1661,\"seed\":\"sodium,bcaeea255ee6082a9389eeb98eee1e35\"}\n>p1 move tailwind, move dragondance\n>p2 move aurawheel +1, move tailwind\n>p1 switch 6, pass\n>p1 move fakeout +1, move stoneedge +2\n>p2 move aurawheel +2, move hurricane +1\n>p2 pass, switch 6\n>p1 move leafblade +2 terastallize, move stoneedge +1\n>p2 move aurawheel +2, move freezedry +1\n>p2 switch 5, switch 3\n>p1 move knockoff +2, move knockoff +1\n>p2 move highhorsepower +2, move wavecrash +2\n>p1 switch 3, switch 4\n>p1 move icywind, move moonblast +1\n>p2 move rest, move heavyslam +2\n>p2 switch 4, pass\n>p1 move icywind, move moonblast +1\n>p2 move thunderbolt +1, move heavyslam +2\n>p1 pass, switch 5\n>p1 move hydropump +1, move wavecrash +1\n>p2 move thunderbolt +2, move bodypress +2\n>chat ☆lordjikji|XD I 4got that\n>p1 move hydropump +1, move protect\n>p2 move thunderbolt +1, move bodypress +2\n>p1 move helpinghand -2, move dracometeor +2\n>p2 pass, move bodypress +2", "uploadtime": 1770658197, "views": 68, "formatid": "gen9randomdoublesbattle", "rating": 1586, "private": 0, "password": null}