{"id": "gen9randomdoublesbattle-2538707535", "format": "[Gen 9] Random Doubles Battle", "players": ["ninjaboilung", "pixel_dragon9"], "log": "|j|☆ninjaboilung\n|j|☆pixel_dragon9\n|t:|1770960279\n|gametype|doubles\n|player|p1|ninjaboilung|koga|1666\n|player|p2|pixel_dragon9|1|1696\n|gen|9\n|tier|[Gen 9] Random Doubles Battle\n|rated|\n|rule|Species Clause: Limit one of each Pokémon\n|rule|HP Percentage Mod: HP is shown in percentages\n|rule|Illusion Level Mod: Illusion disguises the Pokémon's true level\n|rule|Sleep Clause Mod: Limit one foe put to sleep\n|\n|t:|1770960279\n|teamsize|p1|6\n|teamsize|p2|6\n|start\n|switch|p1a: Ursaluna|Ursaluna-Bloodmoon, L78, M|304/304\n|switch|p1b: Goodra|Goodra, L86, M|295/295\n|switch|p2a: Okidogi|Okidogi, L78, M|265/265\n|switch|p2b: Glaceon|Glaceon, L86, F|252/252\n|turn|1\n|inactive|Battle timer is ON: inactive players will automatically lose when time's up. (requested by pixel_dragon9)\n|\n|t:|1770960306\n|switch|p1a: Cresselia|Cresselia, L80, F|323/323\n|move|p1b: Goodra|Scald|p2a: Okidogi\n|-damage|p2a: Okidogi|191/265\n|move|p2a: Okidogi|Drain Punch|p1a: Cresselia\n|-resisted|p1a: Cresselia\n|-damage|p1a: Cresselia|286/323\n|-heal|p2a: Okidogi|210/265|[from] drain|[of] p1a: Cresselia\n|move|p2b: Glaceon|Blizzard|p1a: Cresselia|[spread] p1a,p1b\n|-supereffective|p1b: Goodra\n|-damage|p1a: Cresselia|195/323\n|-damage|p1b: Goodra|191/295\n|-status|p1b: Goodra|frz\n|\n|upkeep\n|turn|2\n|\n|t:|1770960326\n|switch|p2a: Kleavor|Kleavor, L79, M|240/240\n|-curestatus|p1b: Goodra|frz|[from] move: Scald\n|move|p1b: Goodra|Scald|p2a: Kleavor\n|-supereffective|p2a: Kleavor\n|-damage|p2a: Kleavor|64/240\n|-status|p2a: Kleavor|brn\n|move|p1a: Cresselia|Lunar Blessing|p1a: Cresselia|[spread] p1a,p1b\n|-heal|p1a: Cresselia|276/323\n|-heal|p1b: Goodra|265/295\n|move|p2b: Glaceon|Freeze-Dry|p1a: Cresselia\n|-damage|p1a: Cresselia|197/323\n|\n|-damage|p2a: Kleavor|49/240 brn|[from] brn\n|upkeep\n|turn|3\n|\n|t:|1770960349\n|move|p1a: Cresselia|Helping Hand|p1b: Goodra\n|-singleturn|p1b: Goodra|Helping Hand|[of] p1a: Cresselia\n|move|p2a: Kleavor|Protect|p2a: Kleavor\n|-singleturn|p2a: Kleavor|Protect\n|move|p1b: Goodra|Scald|p2b: Glaceon\n|-damage|p2b: Glaceon|165/252\n|move|p2b: Glaceon|Mud Shot|p1b: Goodra\n|-damage|p1b: Goodra|242/295\n|-unboost|p1b: Goodra|spe|1\n|\n|-damage|p2a: Kleavor|34/240 brn|[from] brn\n|upkeep\n|turn|4\n|\n|t:|1770960365\n|move|p1a: Cresselia|Helping Hand|p1b: Goodra\n|-singleturn|p1b: Goodra|Helping Hand|[of] p1a: Cresselia\n|move|p2a: Kleavor|Stone Axe|p1b: Goodra\n|-damage|p1b: Goodra|146/295\n|-sidestart|p1: ninjaboilung|move: Stealth Rock\n|-damage|p2a: Kleavor|10/240 brn|[from] item: Life Orb\n|move|p2b: Glaceon|Freeze-Dry|p1b: Goodra\n|-supereffective|p1b: Goodra\n|-damage|p1b: Goodra|56/295\n|move|p1b: Goodra|Draco Meteor|p2b: Glaceon\n|-damage|p2b: Glaceon|0 fnt\n|-unboost|p1b: Goodra|spa|2\n|faint|p2b: Glaceon\n|\n|-damage|p2a: Kleavor|0 fnt|[from] brn\n|faint|p2a: Kleavor\n|upkeep\n|\n|t:|1770960388\n|switch|p2a: Ho-Oh|Ho-Oh, L70|264/264\n|switch|p2b: Florges|Florges-Blue, L84, F|268/268\n|turn|5\n|\n|t:|1770960399\n|switch|p1b: Ursaluna|Ursaluna-Bloodmoon, L78, M|304/304\n|-damage|p1b: Ursaluna|285/304|[from] Stealth Rock\n|move|p1a: Cresselia|Icy Wind|p2a: Ho-Oh|[spread] p2a\n|-miss|p1a: Cresselia|p2b: Florges\n|-damage|p2a: Ho-Oh|247/264\n|-unboost|p2a: Ho-Oh|spe|1\n|move|p2b: Florges|Dazzling Gleam|p1b: Ursaluna|[spread] p1a,p1b\n|-damage|p1a: Cresselia|137/323\n|-damage|p1b: Ursaluna|189/304\n|-enditem|p1a: Cresselia|Sitrus Berry|[eat]\n|-heal|p1a: Cresselia|217/323|[from] item: Sitrus Berry\n|move|p2a: Ho-Oh|Sacred Fire|p1a: Cresselia\n|-damage|p1a: Cresselia|139/323\n|\n|upkeep\n|turn|6\n|\n|t:|1770960419\n|move|p1a: Cresselia|Lunar Blessing|p1a: Cresselia|[spread] p1a,p1b\n|-heal|p1a: Cresselia|220/323\n|-heal|p1b: Ursaluna|265/304\n|move|p2b: Florges|Dazzling Gleam|p1b: Ursaluna|[spread] p1a,p1b\n|-crit|p1b: Ursaluna\n|-damage|p1a: Cresselia|162/323\n|-damage|p1b: Ursaluna|129/304\n|move|p1b: Ursaluna|Hyper Voice|p2a: Ho-Oh|[spread] p2a,p2b\n|-damage|p2a: Ho-Oh|177/264\n|-damage|p2b: Florges|207/268\n|move|p2a: Ho-Oh|Tailwind|p2a: Ho-Oh\n|-sidestart|p2: pixel_dragon9|move: Tailwind\n|\n|-heal|p2b: Florges|223/268|[from] item: Leftovers\n|upkeep\n|turn|7\n|\n|t:|1770960436\n|move|p2b: Florges|Dazzling Gleam|p1a: Cresselia|[spread] p1a,p1b\n|-damage|p1a: Cresselia|107/323\n|-damage|p1b: Ursaluna|30/304\n|move|p2a: Ho-Oh|Sacred Fire|p1b: Ursaluna\n|-damage|p1b: Ursaluna|0 fnt\n|faint|p1b: Ursaluna\n|move|p1a: Cresselia|Lunar Blessing|p1a: Cresselia\n|-heal|p1a: Cresselia|188/323\n|\n|-heal|p2b: Florges|239/268|[from] item: Leftovers\n|upkeep\n|\n|t:|1770960452\n|switch|p1b: Slaking|Slaking, L89, F|412/412\n|-damage|p1b: Slaking|361/412|[from] Stealth Rock\n|turn|8\n|\n|t:|1770960459\n|move|p2b: Florges|Dazzling Gleam|p1a: Cresselia|[spread] p1a,p1b\n|-damage|p1a: Cresselia|127/323\n|-damage|p1b: Slaking|273/412\n|move|p1b: Slaking|Giga Impact|p2b: Florges\n|-damage|p2b: Florges|0 fnt\n|-mustrecharge|p1b: Slaking\n|faint|p2b: Florges\n|move|p2a: Ho-Oh|Sacred Fire|p1b: Slaking\n|-damage|p1b: Slaking|195/412\n|-status|p1b: Slaking|brn\n|move|p1a: Cresselia|Lunar Blessing|p1a: Cresselia|[spread] p1a,p1b\n|-heal|p1a: Cresselia|208/323\n|-heal|p1b: Slaking|298/412 brn\n|-curestatus|p1b: Slaking|brn|[msg]\n|\n|upkeep\n|\n|t:|1770960473\n|switch|p2b: Okidogi|Okidogi, L78, M|210/265\n|turn|9\n|\n|t:|1770960481\n|move|p2b: Okidogi|Knock Off|p1a: Cresselia\n|-supereffective|p1a: Cresselia\n|-damage|p1a: Cresselia|120/323\n|cant|p1b: Slaking|recharge\n|move|p2a: Ho-Oh|Sacred Fire|p1a: Cresselia\n|-damage|p1a: Cresselia|33/323\n|move|p1a: Cresselia|Lunar Blessing|p1a: Cresselia|[spread] p1a,p1b\n|-heal|p1a: Cresselia|114/323\n|-heal|p1b: Slaking|401/412\n|\n|-sideend|p2: pixel_dragon9|move: Tailwind\n|upkeep\n|turn|10\n|\n|t:|1770960501\n|-terastallize|p2b: Okidogi|Dark\n|move|p1a: Cresselia|Helping Hand|p1b: Slaking\n|-singleturn|p1b: Slaking|Helping Hand|[of] p1a: Cresselia\n|move|p1b: Slaking|Giga Impact|p2b: Okidogi\n|-damage|p2b: Okidogi|0 fnt\n|-mustrecharge|p1b: Slaking\n|faint|p2b: Okidogi\n|move|p2a: Ho-Oh|Sacred Fire|p1b: Slaking\n|-damage|p1b: Slaking|316/412\n|\n|upkeep\n|\n|t:|1770960509\n|switch|p2b: Houndstone|Houndstone, L73, F|226/226\n|turn|11\n|\n|t:|1770960516\n|cant|p1b: Slaking|recharge\n|move|p2b: Houndstone|Last Respects|p1a: Cresselia\n|-supereffective|p1a: Cresselia\n|-damage|p1a: Cresselia|0 fnt\n|faint|p1a: Cresselia\n|move|p2a: Ho-Oh|Sacred Fire|p1b: Slaking\n|-damage|p1b: Slaking|226/412\n|-status|p1b: Slaking|brn\n|\n|-damage|p1b: Slaking|201/412 brn|[from] brn\n|upkeep\n|\n|t:|1770960529\n|switch|p1a: Goodra|Goodra, L86, M|56/295\n|-damage|p1a: Goodra|20/295|[from] Stealth Rock\n|turn|12\n|\n|t:|1770960547\n|move|p1b: Slaking|Giga Impact|p2a: Ho-Oh|[miss]\n|-miss|p1b: Slaking|p2a: Ho-Oh\n|move|p2b: Houndstone|Last Respects|p1a: Goodra\n|-damage|p1a: Goodra|0 fnt\n|faint|p1a: Goodra\n|move|p2a: Ho-Oh|Tailwind|p2a: Ho-Oh\n|-sidestart|p2: pixel_dragon9|move: Tailwind\n|\n|-damage|p1b: Slaking|176/412 brn|[from] brn\n|upkeep\n|\n|t:|1770960556\n|switch|p1a: Rotom|Rotom-Mow, L86|226/226\n|-damage|p1a: Rotom|198/226|[from] Stealth Rock\n|turn|13\n|\n|t:|1770960569\n|switch|p1b: Excadrill|Excadrill, L82, M|315/315\n|-damage|p1b: Excadrill|306/315|[from] Stealth Rock\n|-ability|p1b: Excadrill|Mold Breaker\n|move|p2b: Houndstone|Last Respects|p1a: Rotom\n|-damage|p1a: Rotom|36/226\n|-enditem|p1a: Rotom|Sitrus Berry|[eat]\n|-heal|p1a: Rotom|92/226|[from] item: Sitrus Berry\n|move|p2a: Ho-Oh|Sacred Fire|p1b: Excadrill\n|-supereffective|p1b: Excadrill\n|-damage|p1b: Excadrill|46/315\n|-status|p1b: Excadrill|brn\n|move|p1a: Rotom|Thunderbolt|p2a: Ho-Oh\n|-supereffective|p2a: Ho-Oh\n|-damage|p2a: Ho-Oh|27/264\n|-enditem|p2a: Ho-Oh|Sitrus Berry|[eat]\n|-heal|p2a: Ho-Oh|93/264|[from] item: Sitrus Berry\n|\n|-damage|p1b: Excadrill|27/315 brn|[from] brn\n|upkeep\n|turn|14\n|\n|t:|1770960594\n|move|p2b: Houndstone|Last Respects|p1a: Rotom\n|-damage|p1a: Rotom|0 fnt\n|faint|p1a: Rotom\n|move|p2a: Ho-Oh|Sacred Fire|p1b: Excadrill\n|-supereffective|p1b: Excadrill\n|-damage|p1b: Excadrill|0 fnt\n|faint|p1b: Excadrill\n|\n|upkeep\n|inactive|ninjaboilung has 120 seconds left.\n|inactive|ninjaboilung has 90 seconds left.\n|l|☆ninjaboilung\n|inactive|ninjaboilung disconnected and has a minute to reconnect!\n|player|p1|\n|inactive|ninjaboilung has 30 seconds to reconnect!\n|inactive|ninjaboilung has 20 seconds to reconnect!\n|inactive|ninjaboilung has 15 seconds to reconnect!\n|inactive|ninjaboilung has 10 seconds to reconnect!\n|inactive|ninjaboilung has 5 seconds to reconnect!\n|-message|ninjaboilung lost due to inactivity.\n|\n|win|pixel_dragon9\n|raw|ninjaboilung's rating: 1666 &rarr; <strong>1648</strong><br />(-18 for losing)\n|raw|pixel_dragon9's rating: 1696 &rarr; <strong>1714</strong><br />(+18 for winning)\n", "inputlog": ">version ccdc32dd7cde25fd9e4bed64820e885f66e78a4e\n>start {\"formatid\":\"gen9randomdoublesbattle\",\"seed\":\"sodium,b615a14a1adfcba6776592eeebecbe6f\",\"rated\":\"Rated battle\"}\n>player p1 {\"name\":\"ninjaboilung\",\"avatar\":\"koga\",\"rating\":1666,\"seed\":\"sodium,e6fb2f8f2eaf3cbcc8762e95d2bb156a\"}\n>player p2 {\"name\":\"pixel_dragon9\",\"avatar\":\"1\",\"rating\":1696,\"seed\":\"sodium,cd1f0f64ffe2fb5d92137bd041bcb9a3\"}\n>p1 switch 5, move scald +1\n>p2 move drainpunch +1, move blizzard\n>p1 move lunarblessing, move scald +1\n>p2 switch 5, move freezedry +1\n>p1 move helpinghand -2, move scald +2\n>p2 move protect, move mudshot +2\n>p1 move helpinghand -2, move dracometeor +2\n>p2 move stoneaxe +2, move freezedry +2\n>p2 switch 6, switch 4\n>p1 move icywind, switch 5\n>p2 move sacredfire +1, move dazzlinggleam\n>p1 move lunarblessing, move hypervoice\n>p2 move tailwind, move dazzlinggleam\n>p1 move lunarblessing, move hypervoice\n>p2 move sacredfire +2, move dazzlinggleam\n>p1 pass, switch 4\n>p1 move lunarblessing, move gigaimpact +2\n>p2 move sacredfire +2, move dazzlinggleam\n>p2 pass, switch 5\n>p1 move lunarblessing, move recharge +2\n>p2 move sacredfire +1, move knockoff +1\n>p1 move helpinghand -2, move gigaimpact +2\n>p2 move sacredfire +2, move knockoff +1 terastallize\n>p2 pass, switch 3\n>p1 move lunarblessing, move recharge +2\n>p2 move sacredfire +2, move lastrespects +1\n>p1 switch 5, pass\n>p1 move thunderbolt +1, move gigaimpact +1\n>p2 move tailwind, move lastrespects +1\n>p1 switch 3, pass\n>p1 move thunderbolt +1, switch 6\n>p2 move sacredfire +2, move lastrespects +1\n>p1 move thunderbolt +1, move ironhead +2\n>p2 move sacredfire +1, move lastrespects +1\n>forcelose p1", "uploadtime": 1770960703, "views": 68, "formatid": "gen9randomdoublesbattle", "rating": 1648, "private": 0, "password": null}