{"id": "gen9randomdoublesbattle-2537247321", "format": "[Gen 9] Random Doubles Battle", "players": ["baseballlover", "rikkehardaa"], "log": "|j|☆baseballlover\n|j|☆rikkehardaa\n|t:|1770784486\n|gametype|doubles\n|player|p1|baseballlover|266|1628\n|player|p2|rikkehardaa|brycen|1627\n|gen|9\n|tier|[Gen 9] Random Doubles Battle\n|rated|\n|rule|Species Clause: Limit one of each Pokémon\n|rule|HP Percentage Mod: HP is shown in percentages\n|rule|Illusion Level Mod: Illusion disguises the Pokémon's true level\n|rule|Sleep Clause Mod: Limit one foe put to sleep\n|\n|t:|1770784486\n|teamsize|p1|6\n|teamsize|p2|6\n|start\n|switch|p1a: Magmortar|Magmortar, L84, F|263/263\n|switch|p1b: Hypno|Hypno, L95, F|315/315\n|switch|p2a: Slowbro|Slowbro, L88, M|310/310\n|switch|p2b: Vikavolt|Vikavolt, L84, M|267/267\n|turn|1\n|inactive|Battle timer is ON: inactive players will automatically lose when time's up. (requested by baseballlover)\n|inactive|rikkehardaa has 120 seconds left.\n|\n|t:|1770784530\n|switch|p2b: Diancie|Diancie, L77|204/204\n|move|p1a: Magmortar|Fire Blast|p2b: Diancie|[miss]\n|-miss|p1a: Magmortar|p2b: Diancie\n|move|p1b: Hypno|Psychic|p2b: Diancie\n|-damage|p2b: Diancie|138/204\n|move|p2a: Slowbro|Trick Room|p2a: Slowbro\n|-fieldstart|move: Trick Room|[of] p2a: Slowbro\n|\n|upkeep\n|turn|2\n|\n|t:|1770784547\n|switch|p1b: Thundurus|Thundurus-Therian, L78, M|251/251\n|switch|p1a: Dondozo|Dondozo, L85, M|394/394\n|move|p2a: Slowbro|Scald|p1a: Dondozo\n|-resisted|p1a: Dondozo\n|-damage|p1a: Dondozo|358/394\n|move|p2b: Diancie|Diamond Storm|p1a: Dondozo|[spread] p1a,p1b\n|-supereffective|p1b: Thundurus\n|-damage|p1a: Dondozo|306/394\n|-damage|p1b: Thundurus|89/251\n|-boost|p2b: Diancie|def|2\n|\n|upkeep\n|turn|3\n|\n|t:|1770784567\n|move|p2a: Slowbro|Psychic|p1a: Dondozo\n|-damage|p1a: Dondozo|224/394\n|move|p2b: Diancie|Diamond Storm|p1a: Dondozo|[spread] p1a,p1b\n|-supereffective|p1b: Thundurus\n|-damage|p1a: Dondozo|166/394\n|-damage|p1b: Thundurus|0 fnt\n|faint|p1b: Thundurus\n|move|p1a: Dondozo|Heavy Slam|p2b: Diancie\n|-supereffective|p2b: Diancie\n|-damage|p2b: Diancie|0 fnt\n|faint|p2b: Diancie\n|\n|upkeep\n|inactive|rikkehardaa has 120 seconds left.\n|\n|t:|1770784583\n|switch|p2b: Brute Bonnet|Brute Bonnet, L80|309/309\n|switch|p1b: Wigglytuff|Wigglytuff, L91, M|403/403\n|turn|4\n|\n|t:|1770784596\n|move|p2a: Slowbro|Scald|p1b: Wigglytuff\n|-damage|p1b: Wigglytuff|270/403\n|-status|p1b: Wigglytuff|brn\n|move|p1a: Dondozo|Body Press|p2b: Brute Bonnet\n|-supereffective|p2b: Brute Bonnet\n|-damage|p2b: Brute Bonnet|169/309\n|-damage|p1a: Dondozo|101/394|[from] item: Rocky Helmet|[of] p2b: Brute Bonnet\n|move|p2b: Brute Bonnet|Seed Bomb|p1a: Dondozo\n|-supereffective|p1a: Dondozo\n|-damage|p1a: Dondozo|0 fnt\n|faint|p1a: Dondozo\n|move|p1b: Wigglytuff|Dazzling Gleam|p2b: Brute Bonnet|[spread] p2a,p2b\n|-supereffective|p2b: Brute Bonnet\n|-damage|p2a: Slowbro|238/310\n|-damage|p2b: Brute Bonnet|41/309\n|\n|-damage|p1b: Wigglytuff|245/403 brn|[from] brn\n|upkeep\n|\n|t:|1770784610\n|switch|p1a: Hypno|Hypno, L95, F|315/315\n|turn|5\n|\n|t:|1770784629\n|move|p2b: Brute Bonnet|Sucker Punch|p1a: Hypno\n|-supereffective|p1a: Hypno\n|-damage|p1a: Hypno|135/315\n|-enditem|p1a: Hypno|Sitrus Berry|[eat]\n|-heal|p1a: Hypno|213/315|[from] item: Sitrus Berry\n|move|p2a: Slowbro|Scald|p1b: Wigglytuff\n|-damage|p1b: Wigglytuff|124/403 brn\n|-enditem|p1b: Wigglytuff|Sitrus Berry|[eat]\n|-heal|p1b: Wigglytuff|224/403 brn|[from] item: Sitrus Berry\n|move|p1b: Wigglytuff|Dazzling Gleam|p2a: Slowbro|[spread] p2a,p2b\n|-supereffective|p2b: Brute Bonnet\n|-damage|p2a: Slowbro|166/310\n|-damage|p2b: Brute Bonnet|0 fnt\n|faint|p2b: Brute Bonnet\n|-end|p2b: Brute Bonnet|Protosynthesis|[silent]\n|move|p1a: Hypno|Knock Off|p2a: Slowbro\n|-supereffective|p2a: Slowbro\n|-damage|p2a: Slowbro|46/310\n|-enditem|p2a: Slowbro|Sitrus Berry|[from] move: Knock Off|[of] p1a: Hypno\n|\n|-damage|p1b: Wigglytuff|199/403 brn|[from] brn\n|-fieldend|move: Trick Room\n|upkeep\n|inactive|rikkehardaa has 120 seconds left.\n|\n|t:|1770784660\n|switch|p2b: Armarouge|Armarouge, L80, F|267/267\n|turn|6\n|inactive|baseballlover has 120 seconds left.\n|\n|t:|1770784695\n|switch|p2a: Vikavolt|Vikavolt, L84, M|267/267\n|move|p1a: Hypno|Knock Off|p2b: Armarouge\n|-supereffective|p2b: Armarouge\n|-damage|p2b: Armarouge|135/267\n|-enditem|p2b: Armarouge|Choice Specs|[from] move: Knock Off|[of] p1a: Hypno\n|move|p2b: Armarouge|Heat Wave|p1a: Hypno|[spread] p1a,p1b\n|-damage|p1a: Hypno|149/315\n|-damage|p1b: Wigglytuff|84/403 brn\n|move|p1b: Wigglytuff|Dazzling Gleam|p2b: Armarouge|[spread] p2a,p2b\n|-resisted|p2b: Armarouge\n|-damage|p2a: Vikavolt|198/267\n|-damage|p2b: Armarouge|101/267\n|\n|-damage|p1b: Wigglytuff|59/403 brn|[from] brn\n|upkeep\n|turn|7\n|\n|t:|1770784723\n|move|p1a: Hypno|Psychic|p2a: Vikavolt\n|-damage|p2a: Vikavolt|86/267\n|-enditem|p2a: Vikavolt|Sitrus Berry|[eat]\n|-heal|p2a: Vikavolt|152/267|[from] item: Sitrus Berry\n|move|p2b: Armarouge|Heat Wave|p1b: Wigglytuff|[spread] p1a,p1b\n|-damage|p1a: Hypno|86/315\n|-damage|p1b: Wigglytuff|0 fnt\n|-status|p1a: Hypno|brn\n|faint|p1b: Wigglytuff\n|move|p2a: Vikavolt|Bug Buzz|p1a: Hypno\n|-supereffective|p1a: Hypno\n|-damage|p1a: Hypno|0 fnt\n|faint|p1a: Hypno\n|\n|upkeep\n|inactive|baseballlover has 120 seconds left.\n|\n|t:|1770784742\n|switch|p1a: Iron Boulder|Iron Boulder, L77|265/265\n|switch|p1b: Magmortar|Magmortar, L84, F|263/263\n|-enditem|p1a: Iron Boulder|Booster Energy\n|-activate|p1a: Iron Boulder|ability: Quark Drive|[fromitem]\n|-start|p1a: Iron Boulder|quarkdrivespe\n|turn|8\n|\n|t:|1770784769\n|move|p1a: Iron Boulder|Mighty Cleave|p2b: Armarouge\n|-supereffective|p2b: Armarouge\n|-crit|p2b: Armarouge\n|-damage|p2b: Armarouge|0 fnt\n|faint|p2b: Armarouge\n|move|p1b: Magmortar|Fire Blast|p2a: Vikavolt\n|-supereffective|p2a: Vikavolt\n|-damage|p2a: Vikavolt|0 fnt\n|faint|p2a: Vikavolt\n|\n|upkeep\n|inactive|rikkehardaa has 120 seconds left.\n|\n|t:|1770784779\n|switch|p2b: Slowbro|Slowbro, L88, M|149/310\n|switch|p2a: Magmar|Magmar, L84, F|246/246\n|turn|9\n|\n|t:|1770784802\n|-terastallize|p2a: Magmar|Grass\n|move|p1a: Iron Boulder|Mighty Cleave|p2a: Magmar\n|-damage|p2a: Magmar|149/246\n|move|p2a: Magmar|Will-O-Wisp|p1a: Iron Boulder\n|-status|p1a: Iron Boulder|brn\n|move|p1b: Magmortar|Knock Off|p2b: Slowbro\n|-supereffective|p2b: Slowbro\n|-damage|p2b: Slowbro|73/310\n|move|p2b: Slowbro|Trick Room|p2b: Slowbro\n|-fieldstart|move: Trick Room|[of] p2b: Slowbro\n|\n|-damage|p1a: Iron Boulder|249/265 brn|[from] brn\n|upkeep\n|turn|10\n|inactive|rikkehardaa has 120 seconds left.\n|\n|t:|1770784852\n|move|p2b: Slowbro|Scald|p1b: Magmortar\n|-supereffective|p1b: Magmortar\n|-damage|p1b: Magmortar|81/263\n|-enditem|p1b: Magmortar|Sitrus Berry|[eat]\n|-heal|p1b: Magmortar|146/263|[from] item: Sitrus Berry\n|move|p1b: Magmortar|Fire Blast|p2a: Magmar|[miss]\n|-miss|p1b: Magmortar|p2a: Magmar\n|move|p2a: Magmar|Heat Wave|p1a: Iron Boulder|[spread] p1a,p1b\n|-resisted|p1a: Iron Boulder\n|-resisted|p1b: Magmortar\n|-damage|p1a: Iron Boulder|213/265 brn\n|-damage|p1b: Magmortar|112/263\n|move|p1a: Iron Boulder|Mighty Cleave|p2b: Slowbro\n|-damage|p2b: Slowbro|30/310\n|\n|-damage|p1a: Iron Boulder|197/265 brn|[from] brn\n|upkeep\n|turn|11\n|inactive|rikkehardaa has 120 seconds left.\n|\n|t:|1770784874\n|move|p1b: Magmortar|Protect|p1b: Magmortar\n|-singleturn|p1b: Magmortar|Protect\n|move|p2b: Slowbro|Scald|p1b: Magmortar\n|-activate|p1b: Magmortar|move: Protect\n|move|p2a: Magmar|Heat Wave|p1a: Iron Boulder|[spread] p1a\n|-activate|p1b: Magmortar|move: Protect\n|-resisted|p1a: Iron Boulder\n|-damage|p1a: Iron Boulder|161/265 brn\n|move|p1a: Iron Boulder|Mighty Cleave|p2b: Slowbro\n|-damage|p2b: Slowbro|0 fnt\n|faint|p2b: Slowbro\n|\n|-damage|p1a: Iron Boulder|145/265 brn|[from] brn\n|upkeep\n|turn|12\n|inactive|rikkehardaa has 120 seconds left.\n|-message|rikkehardaa forfeited.\n|\n|win|baseballlover\n|raw|baseballlover's rating: 1628 &rarr; <strong>1648</strong><br />(+20 for winning)\n|raw|rikkehardaa's rating: 1627 &rarr; <strong>1607</strong><br />(-20 for losing)\n", "inputlog": ">version ccdc32dd7cde25fd9e4bed64820e885f66e78a4e\n>start {\"formatid\":\"gen9randomdoublesbattle\",\"seed\":\"sodium,d3c46f483a31b2066507e329ecf3819d\",\"rated\":\"Rated battle\"}\n>player p1 {\"name\":\"baseballlover\",\"avatar\":\"266\",\"rating\":1628,\"seed\":\"sodium,bcb6584d5b58c437eb2062ca7ec0d691\"}\n>player p2 {\"name\":\"rikkehardaa\",\"avatar\":\"brycen\",\"rating\":1627,\"seed\":\"sodium,eaa1ea64c1de0b31916bfd124a35a2d0\"}\n>p1 move fireblast +2, move psychic +2\n>p2 move trickroom, switch 4\n>p1 switch 3, switch 6\n>p2 move scald +1, move diamondstorm\n>p1 move heavyslam +2, move wildboltstorm\n>p2 move psychic +1, move diamondstorm\n>p1 pass, switch 4\n>p2 pass, switch 5\n>p1 move bodypress +2, move dazzlinggleam\n>p2 move scald +2, move seedbomb +1\n>p1 switch 6, pass\n>p1 move knockoff +1, move dazzlinggleam\n>p2 move scald +2, move suckerpunch +1\n>p2 pass, switch 6\n>p1 move knockoff +2, move dazzlinggleam\n>p2 switch 4, move heatwave\n>p1 move psychic +1, move dazzlinggleam\n>p2 move bugbuzz +1, move heatwave\n>p1 switch 5, switch 3\n>p1 move mightycleave +2, move fireblast +1\n>p2 move bugbuzz +1, move energyball +1\n>p2 switch 3, switch 4\n>p1 move mightycleave +1, move knockoff +2\n>p2 move willowisp +1 terastallize, move trickroom\n>p1 move mightycleave +2, move fireblast +1\n>p2 move heatwave, move scald +2\n>p1 move mightycleave +2, move protect\n>p2 move heatwave, move scald +2\n>forcelose p2", "uploadtime": 1770784893, "views": 67, "formatid": "gen9randomdoublesbattle", "rating": 1607, "private": 0, "password": null}