{"id": "gen9randomdoublesbattle-2534307998", "format": "[Gen 9] Random Doubles Battle", "players": ["Jenome", "jdaddy696969"], "log": "|j|☆Jenome\n|j|☆jdaddy696969\n|t:|1770407195\n|gametype|doubles\n|player|p1|Jenome|gentleman-gen4|1807\n|player|p2|jdaddy696969|102|1755\n|gen|9\n|tier|[Gen 9] Random Doubles Battle\n|rated|\n|rule|Species Clause: Limit one of each Pokémon\n|rule|HP Percentage Mod: HP is shown in percentages\n|rule|Illusion Level Mod: Illusion disguises the Pokémon's true level\n|rule|Sleep Clause Mod: Limit one foe put to sleep\n|\n|t:|1770407195\n|teamsize|p1|6\n|teamsize|p2|6\n|start\n|switch|p1a: Bronzong|Bronzong, L87|258/258\n|switch|p1b: Dragapult|Dragapult, L79, F|269/269\n|switch|p2a: Moltres|Moltres-Galar, L74|255/255\n|switch|p2b: Plusle|Plusle, L92, M|260/260\n|turn|1\n|inactive|Battle timer is ON: inactive players will automatically lose when time's up. (requested by jdaddy696969)\n|inactive|Jenome has 120 seconds left.\n|\n|t:|1770407270\n|switch|p1b: Granbull|Granbull, L88, F|302/302\n|-ability|p1b: Granbull|Intimidate|boost\n|-unboost|p2a: Moltres|atk|1\n|-unboost|p2b: Plusle|atk|1\n|move|p2b: Plusle|Alluring Voice|p1b: Granbull\n|-damage|p1b: Granbull|238/302\n|-damage|p2b: Plusle|234/260|[from] item: Life Orb\n|move|p2a: Moltres|Nasty Plot|p2a: Moltres\n|-boost|p2a: Moltres|spa|2\n|move|p1a: Bronzong|Trick Room|p1a: Bronzong\n|-fieldstart|move: Trick Room|[of] p1a: Bronzong\n|\n|upkeep\n|turn|2\n|inactive|Jenome has 120 seconds left.\n|\n|t:|1770407304\n|move|p2a: Moltres|Protect|p2a: Moltres\n|-singleturn|p2a: Moltres|Protect\n|move|p1a: Bronzong|Iron Defense|p1a: Bronzong\n|-boost|p1a: Bronzong|def|2\n|move|p1b: Granbull|Stomping Tantrum|p2b: Plusle\n|-supereffective|p2b: Plusle\n|-damage|p2b: Plusle|34/260\n|move|p2b: Plusle|Thunderbolt|p1b: Granbull\n|-damage|p1b: Granbull|116/302\n|-damage|p2b: Plusle|8/260|[from] item: Life Orb\n|\n|upkeep\n|turn|3\n|inactive|Jenome has 120 seconds left.\n|\n|t:|1770407336\n|-terastallize|p1a: Bronzong|Fighting\n|move|p1a: Bronzong|Iron Defense|p1a: Bronzong\n|-boost|p1a: Bronzong|def|2\n|move|p1b: Granbull|Stomping Tantrum|p2b: Plusle\n|-supereffective|p2b: Plusle\n|-damage|p2b: Plusle|0 fnt\n|faint|p2b: Plusle\n|move|p2a: Moltres|Fiery Wrath|p1a: Bronzong|[spread] p1a,p1b\n|-resisted|p1a: Bronzong\n|-resisted|p1b: Granbull\n|-damage|p1a: Bronzong|214/258\n|-damage|p1b: Granbull|71/302\n|\n|-heal|p1a: Bronzong|230/258|[from] item: Leftovers\n|upkeep\n|inactive|jdaddy696969 has 120 seconds left.\n|\n|t:|1770407355\n|switch|p2b: Bronzong|Bronzong, L87|258/258\n|turn|4\n|\n|t:|1770407374\n|move|p2b: Bronzong|Iron Head|p1b: Granbull\n|-supereffective|p1b: Granbull\n|-damage|p1b: Granbull|0 fnt\n|faint|p1b: Granbull\n|move|p1a: Bronzong|Body Press|p2a: Moltres\n|-damage|p2a: Moltres|0 fnt\n|faint|p2a: Moltres\n|\n|-heal|p1a: Bronzong|246/258|[from] item: Leftovers\n|upkeep\n|\n|t:|1770407384\n|switch|p1b: Porygon-Z|Porygon-Z, L84|280/280\n|switch|p2a: Sylveon|Sylveon, L79, M|280/280\n|turn|5\n|\n|t:|1770407398\n|-terastallize|p2a: Sylveon|Steel\n|move|p2b: Bronzong|Body Press|p1b: Porygon-Z\n|-supereffective|p1b: Porygon-Z\n|-damage|p1b: Porygon-Z|114/280\n|move|p1a: Bronzong|Body Press|p2b: Bronzong\n|-damage|p2b: Bronzong|18/258\n|move|p2a: Sylveon|Calm Mind|p2a: Sylveon\n|-boost|p2a: Sylveon|spa|1\n|-boost|p2a: Sylveon|spd|1\n|move|p1b: Porygon-Z|Tri Attack|p2a: Sylveon\n|-resisted|p2a: Sylveon\n|-damage|p2a: Sylveon|220/280\n|\n|-heal|p1a: Bronzong|258/258|[from] item: Leftovers\n|-heal|p2b: Bronzong|34/258|[from] item: Leftovers\n|-heal|p2a: Sylveon|237/280|[from] item: Leftovers\n|-fieldend|move: Trick Room\n|upkeep\n|turn|6\n|\n|t:|1770407422\n|move|p1b: Porygon-Z|Tri Attack|p2b: Bronzong\n|-resisted|p2b: Bronzong\n|-damage|p2b: Bronzong|0 fnt\n|faint|p2b: Bronzong\n|move|p2a: Sylveon|Hyper Voice|p1b: Porygon-Z|[spread] p1a,p1b\n|-supereffective|p1a: Bronzong\n|-damage|p1a: Bronzong|82/258\n|-damage|p1b: Porygon-Z|0 fnt\n|faint|p1b: Porygon-Z\n|move|p1a: Bronzong|Body Press|p2a: Sylveon\n|-supereffective|p2a: Sylveon\n|-damage|p2a: Sylveon|0 fnt\n|faint|p2a: Sylveon\n|\n|-heal|p1a: Bronzong|98/258|[from] item: Leftovers\n|upkeep\n|\n|t:|1770407435\n|switch|p1b: Pecharunt|Pecharunt, L78|265/265\n|switch|p2a: Oricorio|Oricorio-Sensu, L87, F|272/272\n|switch|p2b: Lycanroc|Lycanroc, L85, F|266/266\n|turn|7\n|\n|t:|1770407448\n|move|p2b: Lycanroc|Rock Slide|p1b: Pecharunt|[spread] p1a,p1b\n|-resisted|p1a: Bronzong\n|-damage|p1a: Bronzong|86/258\n|-damage|p1b: Pecharunt|203/265\n|-damage|p2b: Lycanroc|240/266|[from] item: Life Orb\n|move|p2a: Oricorio|Air Slash|p1a: Bronzong\n|-supereffective|p1a: Bronzong\n|-damage|p1a: Bronzong|0 fnt\n|faint|p1a: Bronzong\n|move|p1b: Pecharunt|Parting Shot|p2a: Oricorio\n|-unboost|p2a: Oricorio|atk|1\n|-unboost|p2a: Oricorio|spa|1\n|\n|t:|1770407458\n|switch|p1b: Dragapult|Dragapult, L79, F|269/269|[from] Parting Shot\n|\n|upkeep\n|\n|t:|1770407460\n|switch|p1a: Pecharunt|Pecharunt, L78|203/265\n|turn|8\n|\n|t:|1770407472\n|move|p2a: Oricorio|Protect|p2a: Oricorio\n|-singleturn|p2a: Oricorio|Protect\n|move|p1b: Dragapult|Phantom Force||[still]\n|-prepare|p1b: Dragapult|Phantom Force\n|move|p2b: Lycanroc|Swords Dance|p2b: Lycanroc\n|-boost|p2b: Lycanroc|atk|2\n|-activate|p2a: Oricorio|ability: Dancer\n|move|p2a: Oricorio|Swords Dance|p2a: Oricorio|[from] ability: Dancer\n|-boost|p2a: Oricorio|atk|2\n|move|p1a: Pecharunt|Malignant Chain|p2b: Lycanroc\n|-resisted|p2b: Lycanroc\n|-crit|p2b: Lycanroc\n|-damage|p2b: Lycanroc|159/266\n|-status|p2b: Lycanroc|tox\n|-start|p2b: Lycanroc|confusion|[from] ability: Poison Puppeteer|[of] p1a: Pecharunt\n|\n|-damage|p2b: Lycanroc|143/266 tox|[from] psn\n|upkeep\n|turn|9\n|\n|t:|1770407498\n|move|p1b: Dragapult|Phantom Force|p2a: Oricorio|[from] lockedmove\n|-supereffective|p2a: Oricorio\n|-damage|p2a: Oricorio|0 fnt\n|faint|p2a: Oricorio\n|-activate|p2b: Lycanroc|confusion\n|-damage|p2b: Lycanroc|61/266 tox|[from] confusion\n|move|p1a: Pecharunt|Shadow Ball|p2b: Lycanroc\n|-damage|p2b: Lycanroc|0 fnt\n|faint|p2b: Lycanroc\n|\n|win|Jenome\n|raw|Jenome's rating: 1807 &rarr; <strong>1824</strong><br />(+17 for winning)\n|raw|jdaddy696969's rating: 1755 &rarr; <strong>1738</strong><br />(-17 for losing)\n|l|☆jdaddy696969\n|player|p2|\n", "inputlog": ">version ccdc32dd7cde25fd9e4bed64820e885f66e78a4e\n>start {\"formatid\":\"gen9randomdoublesbattle\",\"seed\":\"sodium,0b025e8af40ba6d362cf2037238c0279\",\"rated\":\"Rated battle\"}\n>player p1 {\"name\":\"Jenome\",\"avatar\":\"gentleman-gen4\",\"rating\":1807,\"seed\":\"sodium,c8d247bc6bd1f3263c067339373ff66d\"}\n>player p2 {\"name\":\"jdaddy696969\",\"avatar\":\"102\",\"rating\":1755,\"seed\":\"sodium,b4a29cf38ce96db8e0669fe5640a203f\"}\n>p1 move trickroom, switch 5\n>p2 move nastyplot, move alluringvoice +2\n>p1 move irondefense, move stompingtantrum +2\n>p2 move protect, move thunderbolt +2\n>p1 move irondefense terastallize, move stompingtantrum +2\n>p2 move fierywrath, move thunderbolt +2\n>p2 pass, switch 6\n>p1 move bodypress +1, move playrough +1\n>p2 move hurricane +1, move ironhead +2\n>p1 pass, switch 4\n>p2 switch 4, pass\n>p1 move bodypress +2, move triattack +1\n>p2 move calmmind terastallize, move bodypress +2\n>p1 move bodypress +1, move triattack +2\n>p2 move hypervoice, move ironhead +1\n>p1 pass, switch 6\n>p2 switch 3, switch 5\n>p1 move bodypress +2, move partingshot +1\n>p2 move airslash +1, move rockslide\n>p1 pass, switch 5\n>p1 switch 5, pass\n>p1 move malignantchain +2, move phantomforce +1\n>p2 move protect, move swordsdance\n>p1 move shadowball +2, move phantomforce +1\n>p2 move revelationdance +2, move rockslide", "uploadtime": 1770407504, "views": 89, "formatid": "gen9randomdoublesbattle", "rating": 1738, "private": 0, "password": null}