{"id": "gen9randomdoublesbattle-2537100786", "format": "[Gen 9] Random Doubles Battle", "players": ["paulmisot", "jdaddy696969"], "log": "|j|☆paulmisot\n|j|☆jdaddy696969\n|t:|1770765914\n|gametype|doubles\n|player|p1|paulmisot|sage|1677\n|player|p2|jdaddy696969|2|1793\n|gen|9\n|tier|[Gen 9] Random Doubles Battle\n|rated|\n|rule|Species Clause: Limit one of each Pokémon\n|rule|HP Percentage Mod: HP is shown in percentages\n|rule|Illusion Level Mod: Illusion disguises the Pokémon's true level\n|rule|Sleep Clause Mod: Limit one foe put to sleep\n|\n|t:|1770765914\n|teamsize|p1|6\n|teamsize|p2|6\n|start\n|switch|p1a: Glastrier|Glastrier, L80|291/291\n|switch|p1b: Magnezone|Magnezone, L84|255/255\n|switch|p2a: Dedenne|Dedenne, L85, F|253/253\n|switch|p2b: Glimmora|Glimmora, L77, F|254/254\n|turn|1\n|inactive|Battle timer is ON: inactive players will automatically lose when time's up. (requested by paulmisot)\n|\n|t:|1770765954\n|move|p2a: Dedenne|Nuzzle|p1a: Glastrier\n|-damage|p1a: Glastrier|279/291\n|-status|p1a: Glastrier|par\n|move|p2b: Glimmora|Earth Power|p1b: Magnezone\n|-supereffective|p1b: Magnezone\n|-damage|p1b: Magnezone|7/255\n|-enditem|p1b: Magnezone|Sitrus Berry|[eat]\n|-heal|p1b: Magnezone|70/255|[from] item: Sitrus Berry\n|move|p1b: Magnezone|Electroweb|p2b: Glimmora|[spread] p2a,p2b\n|-resisted|p2a: Dedenne\n|-crit|p2b: Glimmora\n|-damage|p2a: Dedenne|218/253\n|-damage|p2b: Glimmora|161/254\n|-unboost|p2a: Dedenne|spe|1\n|-unboost|p2b: Glimmora|spe|1\n|move|p1a: Glastrier|High Horsepower|p2a: Dedenne\n|-supereffective|p2a: Dedenne\n|-damage|p2a: Dedenne|0 fnt\n|faint|p2a: Dedenne\n|-ability|p1a: Glastrier|Chilling Neigh|boost\n|-boost|p1a: Glastrier|atk|1\n|\n|upkeep\n|\n|t:|1770765975\n|switch|p2a: Comfey|Comfey, L88, F|233/233\n|turn|2\n|\n|t:|1770765983\n|-terastallize|p2b: Glimmora|Water\n|move|p1a: Glastrier|Protect|p1a: Glastrier\n|-singleturn|p1a: Glastrier|Protect\n|move|p2a: Comfey|Floral Healing|p2b: Glimmora\n|-heal|p2b: Glimmora|254/254\n|move|p1b: Magnezone|Electroweb|p2a: Comfey|[spread] p2a,p2b\n|-supereffective|p2b: Glimmora\n|-damage|p2a: Comfey|188/233\n|-damage|p2b: Glimmora|122/254\n|-unboost|p2a: Comfey|spe|1\n|-unboost|p2b: Glimmora|spe|1\n|move|p2b: Glimmora|Earth Power|p1b: Magnezone\n|-supereffective|p1b: Magnezone\n|-damage|p1b: Magnezone|0 fnt\n|faint|p1b: Magnezone\n|\n|upkeep\n|\n|t:|1770766005\n|switch|p1b: Morpeko|Morpeko, L88, F|245/245\n|turn|3\n|\n|t:|1770766023\n|move|p1b: Morpeko|Protect|p1b: Morpeko\n|-singleturn|p1b: Morpeko|Protect\n|move|p2b: Glimmora|Spiky Shield|p2b: Glimmora\n|-singleturn|p2b: Glimmora|move: Protect\n|move|p2a: Comfey|Draining Kiss|p1b: Morpeko\n|-activate|p1b: Morpeko|move: Protect\n|cant|p1a: Glastrier|par\n|\n|-formechange|p1b: Morpeko|Morpeko-Hangry||[from] ability: Hunger Switch\n|upkeep\n|turn|4\n|\n|t:|1770766047\n|move|p2a: Comfey|Floral Healing|p2b: Glimmora\n|-heal|p2b: Glimmora|249/254\n|move|p1b: Morpeko|Aura Wheel|p2b: Glimmora\n|-damage|p2b: Glimmora|108/254\n|-boost|p1b: Morpeko|spe|1\n|-activate|p2b: Glimmora|ability: Toxic Debris\n|-sidestart|p1: paulmisot|move: Toxic Spikes\n|move|p2b: Glimmora|Sludge Bomb|p1b: Morpeko\n|-damage|p1b: Morpeko|112/245\n|-enditem|p1b: Morpeko|Sitrus Berry|[eat]\n|-heal|p1b: Morpeko|173/245|[from] item: Sitrus Berry\n|cant|p1a: Glastrier|par\n|\n|-formechange|p1b: Morpeko|Morpeko||[from] ability: Hunger Switch\n|upkeep\n|turn|5\n|\n|t:|1770766069\n|move|p2b: Glimmora|Spiky Shield|p2b: Glimmora\n|-singleturn|p2b: Glimmora|move: Protect\n|move|p2a: Comfey|Draining Kiss|p1b: Morpeko\n|-supereffective|p1b: Morpeko\n|-damage|p1b: Morpeko|29/245\n|-heal|p2a: Comfey|233/233|[from] drain|[of] p1b: Morpeko\n|move|p1b: Morpeko|Knock Off|p2a: Comfey\n|-resisted|p2a: Comfey\n|-damage|p2a: Comfey|180/233\n|-enditem|p2a: Comfey|Sitrus Berry|[from] move: Knock Off|[of] p1b: Morpeko\n|move|p1a: Glastrier|Icicle Crash|p2a: Comfey\n|-damage|p2a: Comfey|5/233\n|\n|-formechange|p1b: Morpeko|Morpeko-Hangry||[from] ability: Hunger Switch\n|upkeep\n|turn|6\n|c|☆paulmisot|2 times in a row\n|\n|t:|1770766088\n|move|p1b: Morpeko|Protect|p1b: Morpeko\n|-singleturn|p1b: Morpeko|Protect\n|move|p2a: Comfey|Draining Kiss|p1b: Morpeko\n|-activate|p1b: Morpeko|move: Protect\n|move|p2b: Glimmora|Sludge Bomb|p1a: Glastrier\n|-damage|p1a: Glastrier|183/291 par\n|cant|p1a: Glastrier|par\n|\n|-formechange|p1b: Morpeko|Morpeko||[from] ability: Hunger Switch\n|upkeep\n|turn|7\n|c|☆paulmisot|Fuck\n|c|☆paulmisot|This\n|c|☆jdaddy696969|lmao\n|\n|t:|1770766105\n|move|p2a: Comfey|Draining Kiss|p1b: Morpeko\n|-supereffective|p1b: Morpeko\n|-damage|p1b: Morpeko|0 fnt\n|-heal|p2a: Comfey|27/233|[from] drain|[of] p1b: Morpeko\n|faint|p1b: Morpeko\n|move|p2b: Glimmora|Sludge Bomb|p1a: Glastrier\n|-damage|p1a: Glastrier|96/291 par\n|-enditem|p1a: Glastrier|Sitrus Berry|[eat]\n|-heal|p1a: Glastrier|168/291 par|[from] item: Sitrus Berry\n|cant|p1a: Glastrier|par\n|\n|upkeep\n|c|☆paulmisot|And this\n|\n|t:|1770766116\n|switch|p1b: Cramorant|Cramorant, L86, F|261/261\n|turn|8\n|c|☆jdaddy696969|just get better tbh\n|\n|t:|1770766131\n|move|p2a: Comfey|Floral Healing|p2b: Glimmora\n|-heal|p2b: Glimmora|235/254\n|move|p1b: Cramorant|Brave Bird|p2a: Comfey\n|-damage|p2a: Comfey|0 fnt\n|faint|p2a: Comfey\n|-damage|p1b: Cramorant|252/261|[from] Recoil\n|move|p2b: Glimmora|Sludge Bomb|p1b: Cramorant\n|-damage|p1b: Cramorant|156/261\n|move|p1a: Glastrier|Close Combat|p2b: Glimmora\n|-damage|p2b: Glimmora|48/254\n|-unboost|p1a: Glastrier|def|1\n|-unboost|p1a: Glastrier|spd|1\n|-activate|p2b: Glimmora|ability: Toxic Debris\n|-sidestart|p1: paulmisot|move: Toxic Spikes\n|\n|upkeep\n|c|☆paulmisot|Lucky\n|c|☆paulmisot|Ahahah\n|c|☆paulmisot|And you know\n|\n|t:|1770766150\n|switch|p2a: Clawitzer|Clawitzer, L84, M|256/256\n|turn|9\n|c|☆paulmisot|4 par\n|\n|t:|1770766164\n|move|p2b: Glimmora|Spiky Shield|p2b: Glimmora\n|-singleturn|p2b: Glimmora|move: Protect\n|move|p1b: Cramorant|Surf|p2a: Clawitzer|[spread] p1a,p2a\n|-activate|p2b: Glimmora|move: Protect\n|-formechange|p1b: Cramorant|Cramorant-Gulping|\n|-resisted|p2a: Clawitzer\n|-crit|p2a: Clawitzer\n|-damage|p1a: Glastrier|77/291 par\n|-damage|p2a: Clawitzer|206/256\n|move|p2a: Clawitzer|Muddy Water|p1a: Glastrier|[spread] p1a,p1b\n|-resisted|p1b: Cramorant\n|-damage|p1a: Glastrier|0 fnt\n|-damage|p1b: Cramorant|116/261\n|-unboost|p1b: Cramorant|accuracy|1\n|-damage|p2a: Clawitzer|142/256|[from] ability: Gulp Missile|[of] p1b: Cramorant\n|-unboost|p2a: Clawitzer|def|1\n|-formechange|p1b: Cramorant|Cramorant|\n|-enditem|p1b: Cramorant|Sitrus Berry|[eat]\n|-heal|p1b: Cramorant|181/261|[from] item: Sitrus Berry\n|faint|p1a: Glastrier\n|\n|upkeep\n|c|☆paulmisot|And the drop\n|c|☆paulmisot|Man\n|c|☆paulmisot|You are the luckiest player of today\n|c|☆paulmisot|Rng carriera\n|inactive|paulmisot has 120 seconds left.\n|\n|t:|1770766192\n|switch|p1a: Azelf|Azelf, L83|260/260\n|turn|10\n|c|☆jdaddy696969|id just recommend getting btter\n|\n|t:|1770766207\n|-terastallize|p1a: Azelf|Electric\n|move|p1a: Azelf|Thunderbolt|p2a: Clawitzer\n|-supereffective|p2a: Clawitzer\n|-damage|p2a: Clawitzer|0 fnt\n|faint|p2a: Clawitzer\n|-damage|p1a: Azelf|234/260|[from] item: Life Orb\n|move|p1b: Cramorant|Brave Bird|p2b: Glimmora\n|-damage|p2b: Glimmora|0 fnt\n|faint|p2b: Glimmora\n|-damage|p1b: Cramorant|165/261|[from] Recoil\n|\n|upkeep\n|c|☆paulmisot|😂😂😂😂😂😂\n|\n|t:|1770766218\n|switch|p2b: Zangoose|Zangoose, L87, M|269/269\n|switch|p2a: Cramorant|Cramorant, L86, F|261/261\n|turn|11\n|\n|t:|1770766242\n|move|p1a: Azelf|Protect|p1a: Azelf\n|-singleturn|p1a: Azelf|Protect\n|move|p2a: Cramorant|Protect|p2a: Cramorant\n|-singleturn|p2a: Cramorant|Protect\n|move|p2b: Zangoose|Knock Off|p1a: Azelf\n|-activate|p1a: Azelf|move: Protect\n|move|p1b: Cramorant|Tailwind|p1b: Cramorant\n|-sidestart|p1: paulmisot|move: Tailwind\n|\n|-status|p2b: Zangoose|tox|[from] item: Toxic Orb\n|upkeep\n|turn|12\n|c|☆jdaddy696969|gg\n|\n|t:|1770766257\n|switch|p1b: Sylveon|Sylveon, L79, M|280/280\n|-status|p1b: Sylveon|tox\n|move|p2a: Cramorant|Protect||[still]\n|-fail|p2a: Cramorant\n|move|p1a: Azelf|Thunderbolt|p2a: Cramorant\n|-supereffective|p2a: Cramorant\n|-damage|p2a: Cramorant|0 fnt\n|faint|p2a: Cramorant\n|-damage|p1a: Azelf|208/260|[from] item: Life Orb\n|move|p2b: Zangoose|Facade|p1a: Azelf\n|-damage|p1a: Azelf|0 fnt\n|faint|p1a: Azelf\n|\n|-damage|p1b: Sylveon|263/280 tox|[from] psn\n|-damage|p2b: Zangoose|253/269 tox|[from] psn\n|upkeep\n|c|☆jdaddy696969|you won\n|\n|t:|1770766259\n|switch|p1a: Cramorant|Cramorant, L86, F|165/261\n|turn|13\n|c|☆jdaddy696969|you got lucky\n|c|☆paulmisot|AHAHAHAH HAHAHAHAHAHAHA\n|c|☆paulmisot|I GOT LUCKY?????????????????\n|c|☆paulmisot|WHERE\n|\n|t:|1770766286\n|move|p1a: Cramorant|Brave Bird|p2b: Zangoose\n|-damage|p2b: Zangoose|97/269 tox\n|-damage|p1a: Cramorant|114/261|[from] Recoil\n|move|p1b: Sylveon|Tera Blast|p2b: Zangoose\n|-damage|p2b: Zangoose|0 fnt\n|faint|p2b: Zangoose\n|\n|win|paulmisot\n|raw|paulmisot's rating: 1677 &rarr; <strong>1703</strong><br />(+26 for winning)\n|raw|jdaddy696969's rating: 1793 &rarr; <strong>1767</strong><br />(-26 for losing)\n|c|☆paulmisot|AHAHAHAHHAHAHAHAHAHAHHAHAHAHAHAHAHHAHA\n|c|☆jdaddy696969|you got soc lucky\n|l|☆jdaddy696969\n|player|p2|\n|c|☆paulmisot|AHAHAHAHHAHAHAHAHAHAHAHHAHAHAHAHAHAHAHHAHAHAHAHAHAHAHHAHAHAHAHAHAHAHAHAHAHAHAHAHAHAHAHA\n", "inputlog": ">version ccdc32dd7cde25fd9e4bed64820e885f66e78a4e\n>start {\"formatid\":\"gen9randomdoublesbattle\",\"seed\":\"sodium,96e67caa165a62330614bc160bfec8a9\",\"rated\":\"Rated battle\"}\n>player p1 {\"name\":\"paulmisot\",\"avatar\":\"sage\",\"rating\":1677,\"seed\":\"sodium,8ac4a7e7fecf3fa16ed14d7322a5bda6\"}\n>player p2 {\"name\":\"jdaddy696969\",\"avatar\":\"2\",\"rating\":1793,\"seed\":\"sodium,613c156f7392027ad019ade511ca28ed\"}\n>p1 move highhorsepower +1, move electroweb\n>p2 move nuzzle +1, move earthpower +2\n>p2 switch 4, pass\n>p1 move protect, move electroweb\n>p2 move floralhealing -2, move earthpower +2 terastallize\n>p1 pass, switch 6\n>p1 move iciclecrash +1, move protect\n>p2 move drainingkiss +2, move spikyshield\n>p1 move iciclecrash +1, move aurawheel +2\n>p2 move floralhealing -2, move sludgebomb +2\n>p1 move iciclecrash +1, move knockoff +1\n>p2 move drainingkiss +2, move spikyshield\n>chat ☆paulmisot|2 times in a row\n>p1 move iciclecrash +1, move protect\n>p2 move drainingkiss +2, move sludgebomb +1\n>chat ☆paulmisot|Fuck\n>chat ☆paulmisot|This\n>chat ☆jdaddy696969|lmao\n>p1 move highhorsepower +1, move aurawheel +2\n>p2 move drainingkiss +2, move sludgebomb +1\n>chat ☆paulmisot|And this\n>p1 pass, switch 4\n>chat ☆jdaddy696969|just get better tbh\n>p1 move closecombat +2, move bravebird +1\n>p2 move floralhealing -2, move sludgebomb +2\n>chat ☆paulmisot|Lucky \n>chat ☆paulmisot|Ahahah\n>chat ☆paulmisot|And you know\n>p2 switch 3, pass\n>chat ☆paulmisot|4 par\n>p1 move closecombat +2, move surf\n>p2 move muddywater, move spikyshield\n>chat ☆paulmisot|And the drop\n>chat ☆paulmisot|Man\n>chat ☆paulmisot|You are the luckiest player of today\n>chat ☆paulmisot|Rng carriera\n>p1 switch 3, pass\n>chat ☆jdaddy696969|id just recommend getting btter\n>p1 move thunderbolt +1 terastallize, move bravebird +2\n>p2 move muddywater, move mortalspin\n>chat ☆paulmisot|😂😂😂😂😂😂\n>p2 switch 5, switch 6\n>p1 move protect, move tailwind\n>p2 move protect, move knockoff +1\n>chat ☆jdaddy696969|gg\n>p1 move thunderbolt +1, switch 5\n>p2 move protect, move facade +1\n>chat ☆jdaddy696969|you won\n>p1 switch 5, pass\n>chat ☆jdaddy696969|you got lucky\n>chat ☆paulmisot|AHAHAHAH HAHAHAHAHAHAHA\n>chat ☆paulmisot|I GOT LUCKY?????????????????\n>chat ☆paulmisot|WHERE\n>p1 move bravebird +2, move terablast +2\n>p2 pass, move facade +1", "uploadtime": 1770766346, "views": 72, "formatid": "gen9randomdoublesbattle", "rating": 1703, "private": 0, "password": null}