{"id": "gen9randomdoublesbattle-2539358548", "format": "[Gen 9] Random Doubles Battle", "players": ["shucklestrats", "shiro07"], "log": "|j|☆shucklestrats\n|j|☆shiro07\n|t:|1771043532\n|gametype|doubles\n|player|p1|shucklestrats|artist-gen8|1873\n|player|p2|shiro07|miku-psychic|1978\n|gen|9\n|tier|[Gen 9] Random Doubles Battle\n|rated|\n|rule|Species Clause: Limit one of each Pokémon\n|rule|HP Percentage Mod: HP is shown in percentages\n|rule|Illusion Level Mod: Illusion disguises the Pokémon's true level\n|rule|Sleep Clause Mod: Limit one foe put to sleep\n|\n|t:|1771043532\n|teamsize|p1|6\n|teamsize|p2|6\n|start\n|switch|p1a: Dragapult|Dragapult, L79, F|269/269\n|switch|p1b: Samurott|Samurott-Hisui, L83, M|285/285\n|switch|p2a: Sceptile|Sceptile, L88, M|266/266\n|switch|p2b: Giratina|Giratina-Origin, L74|344/344\n|turn|1\n|inactive|Battle timer is ON: inactive players will automatically lose when time's up. (requested by shucklestrats)\n|c|☆shucklestrats|gl hf\n|\n|t:|1771043552\n|switch|p2b: Wigglytuff|Wigglytuff, L91, F|403/403\n|-terastallize|p1b: Samurott|Fire\n|move|p1a: Dragapult|Dragon Darts|p2a: Sceptile\n|-damage|p2a: Sceptile|172/266\n|-anim|p1a: Dragapult|Dragon Darts|p2a: Sceptile\n|-damage|p2a: Sceptile|77/266\n|-damage|p1a: Dragapult|243/269|[from] item: Life Orb\n|move|p2a: Sceptile|Leaf Storm|p1b: Samurott\n|-resisted|p1b: Samurott\n|-damage|p1b: Samurott|190/285\n|-unboost|p2a: Sceptile|spa|2\n|-enditem|p2a: Sceptile|White Herb\n|-clearnegativeboost|p2a: Sceptile|[silent]\n|move|p1b: Samurott|Ceaseless Edge|p2b: Wigglytuff\n|-resisted|p2b: Wigglytuff\n|-damage|p2b: Wigglytuff|281/403\n|-sidestart|p2: shiro07|Spikes\n|\n|upkeep\n|turn|2\n|\n|t:|1771043576\n|switch|p1a: Rillaboom|Rillaboom, L81, M|295/295\n|-fieldstart|move: Grassy Terrain|[from] ability: Grassy Surge|[of] p1a: Rillaboom\n|move|p2a: Sceptile|Breaking Swipe|p1b: Samurott|[spread] p1a,p1b\n|-damage|p1a: Rillaboom|262/295\n|-damage|p1b: Samurott|154/285\n|-unboost|p1a: Rillaboom|atk|1\n|-unboost|p1b: Samurott|atk|1\n|move|p1b: Samurott|Ceaseless Edge|p2a: Sceptile\n|-damage|p2a: Sceptile|0 fnt\n|-sidestart|p2: shiro07|Spikes\n|faint|p2a: Sceptile\n|move|p2b: Wigglytuff|Icy Wind|p1b: Samurott|[spread] p1a,p1b\n|-supereffective|p1a: Rillaboom\n|-crit|p1a: Rillaboom\n|-resisted|p1b: Samurott\n|-damage|p1a: Rillaboom|186/295\n|-damage|p1b: Samurott|136/285\n|-unboost|p1a: Rillaboom|spe|1\n|-unboost|p1b: Samurott|spe|1\n|\n|-heal|p2b: Wigglytuff|306/403|[from] Grassy Terrain\n|-heal|p1b: Samurott|153/285|[from] Grassy Terrain\n|-heal|p1a: Rillaboom|204/295|[from] Grassy Terrain\n|upkeep\n|\n|t:|1771043590\n|switch|p2a: Kleavor|Kleavor, L79, F|240/240\n|-damage|p2a: Kleavor|200/240|[from] Spikes\n|turn|3\n|\n|t:|1771043609\n|switch|p2b: Giratina|Giratina-Origin, L74|344/344\n|move|p2a: Kleavor|Protect|p2a: Kleavor\n|-singleturn|p2a: Kleavor|Protect\n|move|p1a: Rillaboom|Fake Out|p2a: Kleavor\n|-activate|p2a: Kleavor|move: Protect\n|move|p1b: Samurott|Ceaseless Edge|p2a: Kleavor\n|-activate|p2a: Kleavor|move: Protect\n|\n|-heal|p2a: Kleavor|215/240|[from] Grassy Terrain\n|-heal|p1b: Samurott|170/285|[from] Grassy Terrain\n|-heal|p1a: Rillaboom|222/295|[from] Grassy Terrain\n|upkeep\n|turn|4\n|\n|t:|1771043622\n|move|p2a: Kleavor|Stone Axe|p1b: Samurott|[miss]\n|-miss|p2a: Kleavor|p1b: Samurott\n|move|p2b: Giratina|Poltergeist|p1a: Rillaboom|[miss]\n|-miss|p2b: Giratina|p1a: Rillaboom\n|move|p1b: Samurott|Ceaseless Edge|p2a: Kleavor\n|-damage|p2a: Kleavor|113/240\n|-sidestart|p2: shiro07|Spikes\n|move|p1a: Rillaboom|Wood Hammer|p2a: Kleavor\n|-damage|p2a: Kleavor|0 fnt\n|faint|p2a: Kleavor\n|-damage|p1a: Rillaboom|185/295|[from] Recoil\n|\n|-heal|p1b: Samurott|187/285|[from] Grassy Terrain\n|-heal|p1a: Rillaboom|203/295|[from] Grassy Terrain\n|upkeep\n|c|☆shucklestrats|dang unlcuky\n|\n|t:|1771043632\n|switch|p2a: Tyranitar|Tyranitar, L81, M|295/295\n|-damage|p2a: Tyranitar|222/295|[from] Spikes\n|-weather|Sandstorm|[from] ability: Sand Stream|[of] p2a: Tyranitar\n|turn|5\n|\n|t:|1771043659\n|switch|p1b: Muk|Muk, L86, M|321/321\n|move|p2b: Giratina|Poltergeist|p1a: Rillaboom\n|-activate|p1a: Rillaboom|move: Poltergeist|Assault Vest\n|-damage|p1a: Rillaboom|70/295\n|move|p2a: Tyranitar|Stone Edge|p1b: Muk\n|-crit|p1b: Muk\n|-damage|p1b: Muk|125/321\n|-enditem|p1b: Muk|Sitrus Berry|[eat]\n|-heal|p1b: Muk|205/321|[from] item: Sitrus Berry\n|move|p1a: Rillaboom|Wood Hammer|p2a: Tyranitar\n|-supereffective|p2a: Tyranitar\n|-damage|p2a: Tyranitar|0 fnt\n|faint|p2a: Tyranitar\n|-damage|p1a: Rillaboom|0 fnt|[from] Recoil\n|faint|p1a: Rillaboom\n|\n|-weather|Sandstorm|[upkeep]\n|-damage|p2b: Giratina|323/344|[from] Sandstorm\n|-damage|p1b: Muk|185/321|[from] Sandstorm\n|-heal|p1b: Muk|205/321|[from] Grassy Terrain\n|upkeep\n|inactive|shiro07 has 120 seconds left.\n|\n|t:|1771043674\n|switch|p1a: Urshifu|Urshifu, L75, M|274/274\n|switch|p2a: Dragonite|Dragonite, L82, F|283/283\n|turn|6\n|inactive|shucklestrats has 120 seconds left.\n|\n|t:|1771043714\n|switch|p1a: Samurott|Samurott-Hisui, L83, M, tera:Fire|187/285\n|switch|p2b: Wigglytuff|Wigglytuff, L91, F|306/403\n|-damage|p2b: Wigglytuff|206/403|[from] Spikes\n|move|p2a: Dragonite|Scale Shot|p1b: Muk\n|-damage|p1b: Muk|168/321\n|-crit|p1b: Muk\n|-damage|p1b: Muk|108/321\n|-damage|p1b: Muk|71/321\n|-damage|p1b: Muk|32/321\n|-damage|p1b: Muk|0 fnt\n|faint|p1b: Muk\n|-hitcount|p1: Muk|5\n|-unboost|p2a: Dragonite|def|1\n|-boost|p2a: Dragonite|spe|1\n|\n|-weather|Sandstorm|[upkeep]\n|-damage|p2a: Dragonite|266/283|[from] Sandstorm\n|-damage|p1a: Samurott|170/285|[from] Sandstorm\n|-damage|p2b: Wigglytuff|181/403|[from] Sandstorm\n|-enditem|p2b: Wigglytuff|Sitrus Berry|[eat]\n|-heal|p2b: Wigglytuff|281/403|[from] item: Sitrus Berry\n|-heal|p1a: Samurott|187/285|[from] Grassy Terrain\n|-heal|p2b: Wigglytuff|306/403|[from] Grassy Terrain\n|-fieldend|move: Grassy Terrain\n|upkeep\n|\n|t:|1771043735\n|switch|p1b: Urshifu|Urshifu, L75, M|274/274\n|turn|7\n|\n|t:|1771043762\n|move|p2b: Wigglytuff|Helping Hand|p2a: Dragonite\n|-singleturn|p2a: Dragonite|Helping Hand|[of] p2b: Wigglytuff\n|move|p1b: Urshifu|Sucker Punch|p2a: Dragonite\n|-damage|p2a: Dragonite|114/283\n|-damage|p1b: Urshifu|247/274|[from] item: Life Orb\n|move|p2a: Dragonite|Scale Shot|p1a: Samurott\n|-damage|p1a: Samurott|135/285\n|-crit|p1a: Samurott\n|-damage|p1a: Samurott|60/285\n|-damage|p1a: Samurott|5/285\n|-damage|p1a: Samurott|0 fnt\n|faint|p1a: Samurott\n|-hitcount|p1: Samurott|4\n|-unboost|p2a: Dragonite|def|1\n|-boost|p2a: Dragonite|spe|1\n|\n|-weather|Sandstorm|[upkeep]\n|-damage|p2a: Dragonite|97/283|[from] Sandstorm\n|-damage|p1b: Urshifu|230/274|[from] Sandstorm\n|-damage|p2b: Wigglytuff|281/403|[from] Sandstorm\n|upkeep\n|\n|t:|1771043772\n|switch|p1a: Spectrier|Spectrier, L77|281/281\n|turn|8\n|inactive|shucklestrats has 120 seconds left.\n|\n|t:|1771043789\n|move|p2a: Dragonite|Tailwind|p2a: Dragonite\n|-sidestart|p2: shiro07|move: Tailwind\n|move|p2b: Wigglytuff|Dazzling Gleam|p1a: Spectrier|[spread] p1a,p1b\n|-supereffective|p1b: Urshifu\n|-damage|p1a: Spectrier|199/281\n|-damage|p1b: Urshifu|0 fnt\n|faint|p1b: Urshifu\n|move|p1a: Spectrier|Nasty Plot|p1a: Spectrier\n|-boost|p1a: Spectrier|spa|2\n|\n|-weather|Sandstorm|[upkeep]\n|-damage|p2a: Dragonite|80/283|[from] Sandstorm\n|-damage|p2b: Wigglytuff|256/403|[from] Sandstorm\n|-damage|p1a: Spectrier|182/281|[from] Sandstorm\n|upkeep\n|\n|t:|1771043794\n|switch|p1b: Dragapult|Dragapult, L79, F|243/269\n|turn|9\n|\n|t:|1771043805\n|move|p1a: Spectrier|Protect|p1a: Spectrier\n|-singleturn|p1a: Spectrier|Protect\n|move|p2a: Dragonite|Scale Shot|p1a: Spectrier\n|-activate|p1a: Spectrier|move: Protect\n|move|p1b: Dragapult|Dragon Darts|p2a: Dragonite\n|-supereffective|p2a: Dragonite\n|-damage|p2a: Dragonite|0 fnt\n|faint|p2a: Dragonite\n|-damage|p1b: Dragapult|217/269|[from] item: Life Orb\n|move|p2b: Wigglytuff|Dazzling Gleam|p1b: Dragapult|[spread] p1b\n|-activate|p1a: Spectrier|move: Protect\n|-supereffective|p1b: Dragapult\n|-damage|p1b: Dragapult|71/269\n|\n|-weather|none\n|upkeep\n|\n|t:|1771043813\n|switch|p2a: Giratina|Giratina-Origin, L74|323/344\n|turn|10\n|c|☆shucklestrats|gg wp\n|c|☆shucklestrats|u played this really well\n|\n|t:|1771043826\n|-terastallize|p2a: Giratina|Steel\n|move|p2a: Giratina|Shadow Force||[still]\n|-prepare|p2a: Giratina|Shadow Force\n|move|p1b: Dragapult|Shadow Ball|p2a: Giratina|[miss]\n|-miss|p1b: Dragapult|p2a: Giratina\n|move|p2b: Wigglytuff|Dazzling Gleam|p1a: Spectrier|[spread] p1a,p1b\n|-supereffective|p1b: Dragapult\n|-damage|p1a: Spectrier|107/281\n|-damage|p1b: Dragapult|0 fnt\n|faint|p1b: Dragapult\n|move|p1a: Spectrier|Draining Kiss|p2a: Giratina|[miss]\n|-miss|p1a: Spectrier|p2a: Giratina\n|\n|upkeep\n|turn|11\n|\n|t:|1771043843\n|move|p2a: Giratina|Shadow Force|p1a: Spectrier|[from] lockedmove\n|-supereffective|p1a: Spectrier\n|-damage|p1a: Spectrier|0 fnt\n|faint|p1a: Spectrier\n|\n|win|shiro07\n|raw|shucklestrats's rating: 1873 &rarr; <strong>1859</strong><br />(-14 for losing)\n|raw|shiro07's rating: 1978 &rarr; <strong>1992</strong><br />(+14 for winning)\n|l|☆shucklestrats\n|player|p1|\n|c|☆shiro07|Gg\n", "inputlog": ">version ccdc32dd7cde25fd9e4bed64820e885f66e78a4e\n>start {\"formatid\":\"gen9randomdoublesbattle\",\"seed\":\"sodium,b225020cc157e00a7337ae6e29a391a1\",\"rated\":\"Rated battle\"}\n>player p1 {\"name\":\"shucklestrats\",\"avatar\":\"artist-gen8\",\"rating\":1873,\"seed\":\"sodium,f7f167538b26a18f95c53bd2d0f9d318\"}\n>player p2 {\"name\":\"shiro07\",\"avatar\":\"miku-psychic\",\"rating\":1978,\"seed\":\"sodium,25381c9e87c73bf389abc88e4d187265\"}\n>chat ☆shucklestrats|gl hf\n>p1 move dragondarts +2, move ceaselessedge +2 terastallize\n>p2 move leafstorm +2, switch 3\n>p1 switch 3, move ceaselessedge +1\n>p2 move breakingswipe, move icywind\n>p2 switch 4, pass\n>p1 move fakeout +1, move ceaselessedge +1\n>p2 move protect, switch 3\n>p1 move woodhammer +1, move ceaselessedge +1\n>p2 move stoneaxe +2, move poltergeist +1\n>chat ☆shucklestrats|dang unlcuky\n>p2 switch 5, pass\n>p1 move woodhammer +1, switch 6\n>p2 move stoneedge +2, move poltergeist +1\n>p1 switch 5, pass\n>p2 switch 6, pass\n>p1 switch 6, move knockoff +1\n>p2 move scaleshot +2, switch 3\n>p1 pass, switch 6\n>p1 move razorshell +2, move suckerpunch +1\n>p2 move scaleshot +1, move helpinghand -1\n>p1 switch 4, pass\n>p1 move nastyplot, move poisonjab +2\n>p2 move tailwind, move dazzlinggleam\n>p1 pass, switch 3\n>p1 move protect, move dragondarts +1\n>p2 move scaleshot +1, move dazzlinggleam\n>p2 switch 3, pass\n>chat ☆shucklestrats|gg wp\n>chat ☆shucklestrats|u played this really well\n>p1 move drainingkiss +1, move shadowball +1\n>p2 move shadowforce +1 terastallize, move dazzlinggleam\n>p1 move drainingkiss +2, pass\n>p2 move shadowforce +1, move dazzlinggleam", "uploadtime": 1771043859, "views": 79, "formatid": "gen9randomdoublesbattle", "rating": 1859, "private": 0, "password": null}