{"id": "gen9randomdoublesbattle-2539389863", "format": "[Gen 9] Random Doubles Battle", "players": ["Dunsparceismyhomie", "cobbwilli"], "log": "|j|☆Dunsparceismyhomie\n|j|☆cobbwilli\n|t:|1771048804\n|gametype|doubles\n|player|p1|Dunsparceismyhomie|101|1692\n|player|p2|cobbwilli|170|1660\n|gen|9\n|tier|[Gen 9] Random Doubles Battle\n|rated|\n|rule|Species Clause: Limit one of each Pokémon\n|rule|HP Percentage Mod: HP is shown in percentages\n|rule|Illusion Level Mod: Illusion disguises the Pokémon's true level\n|rule|Sleep Clause Mod: Limit one foe put to sleep\n|\n|t:|1771048804\n|teamsize|p1|6\n|teamsize|p2|6\n|start\n|switch|p1a: Palossand|Palossand, L90, F|299/299\n|switch|p1b: Clefairy|Clefairy, L98, F|296/296\n|switch|p2a: Keldeo|Keldeo-Resolute, L78|270/270\n|switch|p2b: Galvantula|Galvantula, L85, M|258/258\n|turn|1\n|inactive|Battle timer is ON: inactive players will automatically lose when time's up. (requested by cobbwilli)\n|\n|t:|1771048822\n|move|p2b: Galvantula|Sticky Web|p1a: Palossand\n|-sidestart|p1: Dunsparceismyhomie|move: Sticky Web\n|move|p2a: Keldeo|Muddy Water|p1a: Palossand|[spread] p1a,p1b\n|-supereffective|p1a: Palossand\n|-crit|p1a: Palossand\n|-damage|p1a: Palossand|46/299\n|-damage|p1b: Clefairy|211/296\n|-ability|p1a: Palossand|Water Compaction|boost\n|-boost|p1a: Palossand|def|2\n|move|p1b: Clefairy|Moonblast|p2a: Keldeo\n|-supereffective|p2a: Keldeo\n|-damage|p2a: Keldeo|64/270\n|-unboost|p2a: Keldeo|spa|1\n|move|p1a: Palossand|Earth Power|p2b: Galvantula\n|-damage|p2b: Galvantula|104/258\n|-enditem|p2b: Galvantula|Sitrus Berry|[eat]\n|-heal|p2b: Galvantula|168/258|[from] item: Sitrus Berry\n|\n|-heal|p1a: Palossand|64/299|[from] item: Leftovers\n|upkeep\n|turn|2\n|\n|t:|1771048839\n|move|p2b: Galvantula|Thunder|p1b: Clefairy\n|-damage|p1b: Clefairy|123/296\n|-status|p1b: Clefairy|par\n|move|p2a: Keldeo|Muddy Water|p1a: Palossand|[spread] p1a,p1b\n|-supereffective|p1a: Palossand\n|-damage|p1a: Palossand|0 fnt\n|-damage|p1b: Clefairy|66/296 par\n|faint|p1a: Palossand\n|move|p1b: Clefairy|Moonblast|p2a: Keldeo\n|-supereffective|p2a: Keldeo\n|-damage|p2a: Keldeo|0 fnt\n|faint|p2a: Keldeo\n|\n|upkeep\n|inactive|cobbwilli has 120 seconds left.\n|\n|t:|1771048867\n|switch|p2a: Scream Tail|Scream Tail, L82|323/323\n|switch|p1a: Cramorant|Cramorant, L86, F|261/261\n|turn|3\n|\n|t:|1771048878\n|switch|p1a: Clodsire|Clodsire, L87, F|368/368\n|-activate|p1a: Clodsire|move: Sticky Web\n|-unboost|p1a: Clodsire|spe|1\n|move|p2b: Galvantula|Thunder|p1a: Clodsire\n|-immune|p1a: Clodsire\n|move|p2a: Scream Tail|Stealth Rock|p1a: Clodsire\n|-sidestart|p1: Dunsparceismyhomie|move: Stealth Rock\n|move|p1b: Clefairy|Moonblast|p2b: Galvantula\n|-damage|p2b: Galvantula|33/258\n|\n|upkeep\n|turn|4\n|\n|t:|1771048896\n|-end|p2a: Scream Tail|Protosynthesis|[silent]\n|switch|p2a: Kingambit|Kingambit, L77, M|281/281\n|move|p2b: Galvantula|Thunder|p1b: Clefairy\n|-damage|p1b: Clefairy|0 fnt\n|faint|p1b: Clefairy\n|move|p1a: Clodsire|Gunk Shot|p2a: Kingambit\n|-immune|p2a: Kingambit\n|\n|upkeep\n|\n|t:|1771048904\n|switch|p1b: Oricorio|Oricorio-Pa'u, L89, M|278/278\n|-damage|p1b: Oricorio|209/278|[from] Stealth Rock\n|turn|5\n|\n|t:|1771048925\n|-terastallize|p1b: Oricorio|Ground\n|move|p2b: Galvantula|Thunder|p1b: Oricorio\n|-immune|p1b: Oricorio\n|move|p1b: Oricorio|Revelation Dance|p2a: Kingambit\n|-supereffective|p2a: Kingambit\n|-damage|p2a: Kingambit|59/281\n|-enditem|p2a: Kingambit|Sitrus Berry|[eat]\n|-heal|p2a: Kingambit|129/281|[from] item: Sitrus Berry\n|move|p2a: Kingambit|Kowtow Cleave|p1a: Clodsire\n|-damage|p1a: Clodsire|235/368\n|move|p1a: Clodsire|High Horsepower|p2a: Kingambit\n|-supereffective|p2a: Kingambit\n|-damage|p2a: Kingambit|0 fnt\n|faint|p2a: Kingambit\n|\n|-heal|p1b: Oricorio|226/278|[from] item: Leftovers\n|-heal|p1a: Clodsire|258/368|[from] item: Leftovers\n|upkeep\n|inactive|cobbwilli has 120 seconds left.\n|\n|t:|1771048968\n|switch|p2a: Gouging Fire|Gouging Fire, L75|281/281\n|turn|6\n|inactive|cobbwilli has 120 seconds left.\n|\n|t:|1771048994\n|switch|p2b: Malamar|Malamar, L80, F|269/269\n|move|p1b: Oricorio|Quiver Dance|p1b: Oricorio\n|-boost|p1b: Oricorio|spa|1\n|-boost|p1b: Oricorio|spd|1\n|-boost|p1b: Oricorio|spe|1\n|move|p2a: Gouging Fire|Dragon Dance|p2a: Gouging Fire\n|-boost|p2a: Gouging Fire|atk|1\n|-boost|p2a: Gouging Fire|spe|1\n|-activate|p1b: Oricorio|ability: Dancer\n|move|p1b: Oricorio|Dragon Dance|p1b: Oricorio|[from] ability: Dancer\n|-boost|p1b: Oricorio|atk|1\n|-boost|p1b: Oricorio|spe|1\n|move|p1a: Clodsire|High Horsepower|p2b: Malamar\n|-damage|p2b: Malamar|178/269\n|\n|-heal|p1b: Oricorio|243/278|[from] item: Leftovers\n|-heal|p1a: Clodsire|281/368|[from] item: Leftovers\n|upkeep\n|turn|7\n|inactive|cobbwilli has 120 seconds left.\n|\n|t:|1771049024\n|move|p2a: Gouging Fire|Burning Bulwark|p2a: Gouging Fire\n|-singleturn|p2a: Gouging Fire|move: Protect\n|move|p1b: Oricorio|Revelation Dance|p2b: Malamar\n|-damage|p2b: Malamar|0 fnt\n|faint|p2b: Malamar\n|move|p1a: Clodsire|High Horsepower|p2a: Gouging Fire\n|-activate|p2a: Gouging Fire|move: Protect\n|-status|p1a: Clodsire|brn\n|\n|-heal|p1b: Oricorio|260/278|[from] item: Leftovers\n|-heal|p1a: Clodsire|304/368 brn|[from] item: Leftovers\n|-damage|p1a: Clodsire|281/368 brn|[from] brn\n|upkeep\n|c|☆Dunsparceismyhomie|Gg\n|inactive|cobbwilli has 90 seconds left.\n|\n|t:|1771049045\n|switch|p2b: Scream Tail|Scream Tail, L82|323/323\n|turn|8\n|\n|t:|1771049061\n|move|p1b: Oricorio|Revelation Dance|p2a: Gouging Fire\n|-supereffective|p2a: Gouging Fire\n|-damage|p2a: Gouging Fire|0 fnt\n|faint|p2a: Gouging Fire\n|-end|p2a: Gouging Fire|Protosynthesis|[silent]\n|move|p2b: Scream Tail|Play Rough|p1b: Oricorio\n|-damage|p1b: Oricorio|185/278\n|move|p1a: Clodsire|Gunk Shot|p2b: Scream Tail\n|-supereffective|p2b: Scream Tail\n|-damage|p2b: Scream Tail|223/323\n|\n|-heal|p1b: Oricorio|202/278|[from] item: Leftovers\n|-heal|p1a: Clodsire|304/368 brn|[from] item: Leftovers\n|-damage|p1a: Clodsire|281/368 brn|[from] brn\n|upkeep\n|-message|cobbwilli forfeited.\n|\n|win|Dunsparceismyhomie\n|raw|Dunsparceismyhomie's rating: 1692 &rarr; <strong>1710</strong><br />(+18 for winning)\n|raw|cobbwilli's rating: 1660 &rarr; <strong>1642</strong><br />(-18 for losing)\n|l|☆cobbwilli\n|player|p2|\n", "inputlog": ">version ccdc32dd7cde25fd9e4bed64820e885f66e78a4e\n>start {\"formatid\":\"gen9randomdoublesbattle\",\"seed\":\"sodium,4bf4e23dcb4e86679151c96964c7000e\",\"rated\":\"Rated battle\"}\n>player p1 {\"name\":\"Dunsparceismyhomie\",\"avatar\":\"101\",\"rating\":1692,\"seed\":\"sodium,3e14499e712d46ffc4131e5fb57d83c3\"}\n>player p2 {\"name\":\"cobbwilli\",\"avatar\":\"170\",\"rating\":1660,\"seed\":\"sodium,004045cbf2619716f7c26483d059c930\"}\n>p1 move earthpower +2, move moonblast +1\n>p2 move muddywater, move stickyweb\n>p1 move shoreup, move moonblast +1\n>p2 move muddywater, move thunder +2\n>p1 switch 5, pass\n>p2 switch 6, pass\n>p1 switch 6, move moonblast +2\n>p2 move stealthrock, move thunder +1\n>p1 move gunkshot +1, move moonblast +2\n>p2 switch 4, move thunder +2\n>p1 pass, switch 4\n>p1 move highhorsepower +1, move revelationdance +1 terastallize\n>p2 move kowtowcleave +1, move thunder +2\n>p2 switch 3, pass\n>p1 move highhorsepower +2, move quiverdance\n>p2 move dragondance, switch 5\n>p1 move highhorsepower +1, move revelationdance +2\n>p2 move burningbulwark, move superpower +2\n>chat ☆Dunsparceismyhomie|Gg\n>p2 pass, switch 4\n>p1 move gunkshot +2, move revelationdance +1\n>p2 move heatcrash +2, move playrough +2\n>forcelose p2", "uploadtime": 1771049072, "views": 93, "formatid": "gen9randomdoublesbattle", "rating": 1642, "private": 0, "password": null}