{"id": "gen9randomdoublesbattle-2535179536", "format": "[Gen 9] Random Doubles Battle", "players": ["captainkirb", "Marakiss"], "log": "|j|☆captainkirb\n|j|☆Marakiss\n|t:|1770524547\n|gametype|doubles\n|player|p1|captainkirb|harlequin|1897\n|player|p2|Marakiss|lucas|2021\n|gen|9\n|tier|[Gen 9] Random Doubles Battle\n|rated|\n|rule|Species Clause: Limit one of each Pokémon\n|rule|HP Percentage Mod: HP is shown in percentages\n|rule|Illusion Level Mod: Illusion disguises the Pokémon's true level\n|rule|Sleep Clause Mod: Limit one foe put to sleep\n|\n|t:|1770524547\n|teamsize|p1|6\n|teamsize|p2|6\n|start\n|switch|p1a: Dragapult|Dragapult, L79, M|269/269\n|switch|p1b: Sandy Shocks|Sandy Shocks, L79|264/264\n|switch|p2a: Tauros|Tauros-Paldea-Combat, L82, M|257/257\n|switch|p2b: Slowbro|Slowbro, L88, F|310/310\n|-ability|p2a: Tauros|Intimidate|boost\n|-fail|p1a: Dragapult|unboost|[from] ability: Clear Body|[of] p1a: Dragapult\n|-unboost|p1b: Sandy Shocks|atk|1\n|turn|1\n|inactive|Battle timer is ON: inactive players will automatically lose when time's up. (requested by Marakiss)\n|inactive|Marakiss has 120 seconds left.\n|inactive|captainkirb has 120 seconds left.\n|\n|t:|1770524600\n|switch|p2b: Camerupt|Camerupt, L88, F|266/266\n|move|p1a: Dragapult|U-turn|p2b: Camerupt\n|-resisted|p2b: Camerupt\n|-damage|p2b: Camerupt|222/266\n|inactive|captainkirb has 120 seconds left.\n|\n|t:|1770524641\n|switch|p1a: Enamorus|Enamorus, L79, F|247/247|[from] U-turn\n|move|p2a: Tauros|Raging Bull|p1b: Sandy Shocks\n|-damage|p1b: Sandy Shocks|159/264\n|move|p1b: Sandy Shocks|Thunderbolt|p2b: Camerupt\n|-immune|p2b: Camerupt\n|\n|upkeep\n|turn|2\n|inactive|captainkirb has 120 seconds left.\n|inactive|Marakiss has 120 seconds left.\n|\n|t:|1770524683\n|switch|p2b: Lunala|Lunala, L71|312/312\n|move|p2a: Tauros|Protect|p2a: Tauros\n|-singleturn|p2a: Tauros|Protect\n|move|p1a: Enamorus|Earth Power|p2b: Lunala\n|-damage|p2b: Lunala|260/312\n|-damage|p1a: Enamorus|223/247|[from] item: Life Orb\n|move|p1b: Sandy Shocks|Earth Power|p2b: Lunala\n|-damage|p2b: Lunala|158/312\n|-unboost|p2b: Lunala|spd|1\n|\n|upkeep\n|turn|3\n|inactive|Marakiss has 120 seconds left.\n|\n|t:|1770524706\n|switch|p2b: Golduck|Golduck, L91, F|293/293\n|-ability|p2b: Golduck|Cloud Nine\n|-terastallize|p2a: Tauros|Steel\n|move|p1a: Enamorus|Springtide Storm|p2b: Golduck|[spread] p2b\n|-miss|p1a: Enamorus|p2a: Tauros\n|-damage|p2b: Golduck|175/293\n|-damage|p1a: Enamorus|199/247|[from] item: Life Orb\n|move|p2a: Tauros|Stone Edge|p1a: Enamorus\n|-supereffective|p1a: Enamorus\n|-damage|p1a: Enamorus|19/247\n|move|p1b: Sandy Shocks|Earth Power|p2b: Golduck\n|-damage|p2b: Golduck|76/293\n|-enditem|p2b: Golduck|Sitrus Berry|[eat]\n|-heal|p2b: Golduck|149/293|[from] item: Sitrus Berry\n|\n|upkeep\n|turn|4\n|inactive|captainkirb has 120 seconds left.\n|inactive|Marakiss has 120 seconds left.\n|\n|t:|1770524751\n|switch|p2b: Camerupt|Camerupt, L88, F|222/266\n|move|p2a: Tauros|Protect|p2a: Tauros\n|-singleturn|p2a: Tauros|Protect\n|move|p1a: Enamorus|Tailwind|p1a: Enamorus\n|-sidestart|p1: captainkirb|move: Tailwind\n|move|p1b: Sandy Shocks|Thunderbolt|p2b: Camerupt\n|-immune|p2b: Camerupt\n|\n|upkeep\n|turn|5\n|\n|t:|1770524768\n|switch|p2a: Golduck|Golduck, L91, F|149/293\n|-ability|p2a: Golduck|Cloud Nine\n|switch|p2b: Lunala|Lunala, L71|158/312\n|move|p1a: Enamorus|Earth Power|p2a: Golduck\n|-damage|p2a: Golduck|52/293\n|-damage|p1a: Enamorus|0 fnt|[from] item: Life Orb\n|faint|p1a: Enamorus\n|move|p1b: Sandy Shocks|Earth Power|p2a: Golduck\n|-damage|p2a: Golduck|0 fnt\n|faint|p2a: Golduck\n|\n|upkeep\n|inactive|captainkirb has 120 seconds left.\n|inactive|Marakiss has 120 seconds left.\n|\n|t:|1770524791\n|switch|p1a: Oinkologne|Oinkologne-F, L92, F|361/361\n|switch|p2a: Camerupt|Camerupt, L88, F|222/266\n|turn|6\n|\n|t:|1770524802\n|move|p1b: Sandy Shocks|Earth Power|p2a: Camerupt\n|-supereffective|p2a: Camerupt\n|-damage|p2a: Camerupt|69/266\n|-enditem|p2a: Camerupt|Sitrus Berry|[eat]\n|-heal|p2a: Camerupt|135/266|[from] item: Sitrus Berry\n|move|p1a: Oinkologne|Lash Out|p2b: Lunala\n|-supereffective|p2b: Lunala\n|-damage|p2b: Lunala|0 fnt\n|faint|p2b: Lunala\n|move|p2a: Camerupt|Earth Power|p1b: Sandy Shocks\n|-supereffective|p1b: Sandy Shocks\n|-damage|p1b: Sandy Shocks|0 fnt\n|faint|p1b: Sandy Shocks\n|-end|p1b: Sandy Shocks|Protosynthesis|[silent]\n|\n|upkeep\n|\n|t:|1770524817\n|switch|p1b: Milotic|Milotic, L81, M|287/287\n|switch|p2b: Tauros|Tauros-Paldea-Combat, L82, M, tera:Steel|257/257\n|-ability|p2b: Tauros|Intimidate|boost\n|-unboost|p1a: Oinkologne|atk|1\n|-unboost|p1b: Milotic|atk|1\n|-ability|p1b: Milotic|Competitive|boost\n|-boost|p1b: Milotic|spa|2\n|turn|7\n|inactive|captainkirb has 120 seconds left.\n|\n|t:|1770524852\n|move|p2b: Tauros|Protect|p2b: Tauros\n|-singleturn|p2b: Tauros|Protect\n|move|p1b: Milotic|Scald|p2a: Camerupt\n|-supereffective|p2a: Camerupt\n|-damage|p2a: Camerupt|0 fnt\n|faint|p2a: Camerupt\n|move|p1a: Oinkologne|Yawn|p2b: Tauros\n|-activate|p2b: Tauros|move: Protect\n|\n|-sideend|p1: captainkirb|move: Tailwind\n|upkeep\n|\n|t:|1770524865\n|switch|p2a: Slowbro|Slowbro, L88, F|310/310\n|turn|8\n|\n|t:|1770524877\n|move|p1a: Oinkologne|Helping Hand|p1b: Milotic\n|-singleturn|p1b: Milotic|Helping Hand|[of] p1a: Oinkologne\n|move|p2b: Tauros|Raging Bull|p1b: Milotic\n|-damage|p1b: Milotic|185/287\n|move|p1b: Milotic|Scald|p2b: Tauros\n|-damage|p2b: Tauros|0 fnt\n|faint|p2b: Tauros\n|move|p2a: Slowbro|Psychic|p1b: Milotic\n|-damage|p1b: Milotic|75/287\n|-enditem|p1b: Milotic|Sitrus Berry|[eat]\n|-heal|p1b: Milotic|146/287|[from] item: Sitrus Berry\n|-damage|p2a: Slowbro|279/310|[from] item: Life Orb\n|\n|upkeep\n|-message|Marakiss forfeited.\n|\n|win|captainkirb\n|raw|captainkirb's rating: 1897 &rarr; <strong>1924</strong><br />(+27 for winning)\n|raw|Marakiss's rating: 2021 &rarr; <strong>1994</strong><br />(-27 for losing)\n|l|☆Marakiss\n|player|p2|\n", "inputlog": ">version ccdc32dd7cde25fd9e4bed64820e885f66e78a4e\n>start {\"formatid\":\"gen9randomdoublesbattle\",\"seed\":\"sodium,b6a08b26ccf92cfad81a3e5093d74a1c\",\"rated\":\"Rated battle\"}\n>player p1 {\"name\":\"captainkirb\",\"avatar\":\"harlequin\",\"rating\":1897,\"seed\":\"sodium,47d2c24b88d03f507d1be521fbfc52ba\"}\n>player p2 {\"name\":\"Marakiss\",\"avatar\":\"lucas\",\"rating\":2021,\"seed\":\"sodium,fffb3c2bdd00fcc317303c95551d3a22\"}\n>p1 move uturn +2, move thunderbolt +2\n>p2 move ragingbull +2, switch 5\n>p1 switch 5, pass\n>p1 move earthpower +2, move earthpower +2\n>p2 move protect, switch 6\n>p1 move springtidestorm, move earthpower +2\n>p2 move stoneedge +1 terastallize, switch 3\n>p1 move tailwind, move thunderbolt +2\n>p2 move protect, switch 6\n>p1 move earthpower +1, move earthpower +1\n>p2 switch 6, switch 3\n>p1 switch 3, pass\n>p2 switch 3, pass\n>p1 move lashout +2, move earthpower +1\n>p2 move earthpower +2, move willowisp +1\n>p1 pass, switch 4\n>p2 pass, switch 6\n>p1 move yawn +2, move scald +1\n>p2 move earthpower +2, move protect\n>p2 switch 5, pass\n>p1 move helpinghand -2, move scald +2\n>p2 move psychic +2, move ragingbull +2\n>forcelose p2", "uploadtime": 1770524926, "views": 113, "formatid": "gen9randomdoublesbattle", "rating": 1924, "private": 0, "password": null}