{"id": "gen9randomdoublesbattle-2536381869", "format": "[Gen 9] Random Doubles Battle", "players": ["tikmasjien", "caoscontrol"], "log": "|j|☆tikmasjien\n|j|☆caoscontrol\n|t:|1770681203\n|gametype|doubles\n|player|p1|tikmasjien|170|1665\n|player|p2|caoscontrol|169|1737\n|gen|9\n|tier|[Gen 9] Random Doubles Battle\n|rated|\n|rule|Species Clause: Limit one of each Pokémon\n|rule|HP Percentage Mod: HP is shown in percentages\n|rule|Illusion Level Mod: Illusion disguises the Pokémon's true level\n|rule|Sleep Clause Mod: Limit one foe put to sleep\n|\n|t:|1770681203\n|teamsize|p1|6\n|teamsize|p2|6\n|start\n|switch|p1a: Solgaleo|Solgaleo, L74|325/325\n|switch|p1b: Koraidon|Koraidon, L66|242/242\n|switch|p2a: Qwilfish|Qwilfish, L87, F|255/255\n|switch|p2b: Drifblim|Drifblim, L85, M|394/394\n|-weather|SunnyDay|[from] ability: Orichalcum Pulse|[of] p1b: Koraidon\n|-activate|p1b: Koraidon|Orichalcum Pulse|[source]\n|-ability|p2a: Qwilfish|Intimidate|boost\n|-fail|p1a: Solgaleo|unboost|[from] ability: Full Metal Body|[of] p1a: Solgaleo\n|-unboost|p1b: Koraidon|atk|1\n|turn|1\n|inactive|Battle timer is ON: inactive players will automatically lose when time's up. (requested by tikmasjien)\n|\n|t:|1770681230\n|move|p1b: Koraidon|U-turn|p2b: Drifblim\n|-resisted|p2b: Drifblim\n|-damage|p2b: Drifblim|371/394\n|\n|t:|1770681234\n|switch|p1b: Tyranitar|Tyranitar, L81, F|295/295|[from] U-turn\n|-weather|Sandstorm|[from] ability: Sand Stream|[of] p1b: Tyranitar\n|move|p2a: Qwilfish|Icy Wind|p1b: Tyranitar|[spread] p1a\n|-miss|p2a: Qwilfish|p1b: Tyranitar\n|-resisted|p1a: Solgaleo\n|-damage|p1a: Solgaleo|313/325\n|move|p1a: Solgaleo|Flame Charge|p2b: Drifblim\n|-damage|p2b: Drifblim|315/394\n|-boost|p1a: Solgaleo|spe|1\n|move|p2b: Drifblim|Will-O-Wisp|p1a: Solgaleo\n|-status|p1a: Solgaleo|brn\n|\n|-weather|Sandstorm|[upkeep]\n|-damage|p2a: Qwilfish|240/255|[from] Sandstorm\n|-damage|p2b: Drifblim|291/394|[from] Sandstorm\n|-damage|p1a: Solgaleo|293/325 brn|[from] brn\n|upkeep\n|turn|2\n|\n|t:|1770681258\n|move|p1a: Solgaleo|Sunsteel Strike|p2a: Qwilfish\n|-resisted|p2a: Qwilfish\n|-damage|p2a: Qwilfish|214/255\n|move|p2a: Qwilfish|Flip Turn|p1a: Solgaleo\n|-damage|p1a: Solgaleo|227/325 brn\n|\n|t:|1770681268\n|switch|p2a: Sandaconda|Sandaconda, L88, M|270/270|[from] Flip Turn\n|move|p2b: Drifblim|Will-O-Wisp|p1b: Tyranitar\n|-status|p1b: Tyranitar|brn\n|move|p1b: Tyranitar|Dragon Dance|p1b: Tyranitar\n|-boost|p1b: Tyranitar|atk|1\n|-boost|p1b: Tyranitar|spe|1\n|\n|-weather|Sandstorm|[upkeep]\n|-damage|p2b: Drifblim|267/394|[from] Sandstorm\n|-damage|p1a: Solgaleo|207/325 brn|[from] brn\n|-damage|p1b: Tyranitar|277/295 brn|[from] brn\n|upkeep\n|turn|3\n|\n|t:|1770681291\n|switch|p2b: Qwilfish|Qwilfish, L87, F|214/255\n|-ability|p2b: Qwilfish|Intimidate|boost\n|-fail|p1a: Solgaleo|unboost|[from] ability: Full Metal Body|[of] p1a: Solgaleo\n|-fail|p1b: Tyranitar|unboost|[from] item: Clear Amulet|[of] p1b: Tyranitar\n|move|p1a: Solgaleo|Flame Charge|p2a: Sandaconda\n|-damage|p2a: Sandaconda|258/270\n|-boost|p1a: Solgaleo|spe|1\n|move|p1b: Tyranitar|Knock Off|p2b: Qwilfish\n|-damage|p2b: Qwilfish|120/255\n|-enditem|p2b: Qwilfish|Sitrus Berry|[from] move: Knock Off|[of] p1b: Tyranitar\n|move|p2a: Sandaconda|High Horsepower|p1b: Tyranitar\n|-supereffective|p1b: Tyranitar\n|-damage|p1b: Tyranitar|71/295 brn\n|\n|-weather|Sandstorm|[upkeep]\n|-damage|p2b: Qwilfish|105/255|[from] Sandstorm\n|-heal|p2a: Sandaconda|270/270|[from] item: Leftovers\n|-damage|p1a: Solgaleo|187/325 brn|[from] brn\n|-damage|p1b: Tyranitar|53/295 brn|[from] brn\n|upkeep\n|turn|4\n|\n|t:|1770681315\n|move|p1a: Solgaleo|Sunsteel Strike|p2a: Sandaconda\n|-damage|p2a: Sandaconda|232/270\n|move|p1b: Tyranitar|High Horsepower|p2b: Qwilfish\n|-supereffective|p2b: Qwilfish\n|-damage|p2b: Qwilfish|0 fnt\n|faint|p2b: Qwilfish\n|move|p2a: Sandaconda|High Horsepower|p1b: Tyranitar\n|-supereffective|p1b: Tyranitar\n|-damage|p1b: Tyranitar|0 fnt\n|faint|p1b: Tyranitar\n|\n|-weather|Sandstorm|[upkeep]\n|-heal|p2a: Sandaconda|248/270|[from] item: Leftovers\n|-damage|p1a: Solgaleo|167/325 brn|[from] brn\n|upkeep\n|inactive|caoscontrol has 120 seconds left.\n|\n|t:|1770681335\n|switch|p2b: Mandibuzz|Mandibuzz, L85, F|326/326\n|switch|p1b: Mewtwo|Mewtwo, L73|275/275\n|-ability|p1b: Mewtwo|Unnerve\n|turn|5\n|\n|t:|1770681346\n|move|p1a: Solgaleo|Close Combat|p2b: Mandibuzz\n|-damage|p2b: Mandibuzz|289/326\n|-unboost|p1a: Solgaleo|def|1\n|-unboost|p1a: Solgaleo|spd|1\n|move|p1b: Mewtwo|Aura Sphere|p2b: Mandibuzz\n|-damage|p2b: Mandibuzz|215/326\n|-damage|p1b: Mewtwo|248/275|[from] item: Life Orb\n|move|p2b: Mandibuzz|Tailwind|p2b: Mandibuzz\n|-sidestart|p2: caoscontrol|move: Tailwind\n|move|p2a: Sandaconda|Coil|p2a: Sandaconda\n|-boost|p2a: Sandaconda|atk|1\n|-boost|p2a: Sandaconda|def|1\n|-boost|p2a: Sandaconda|accuracy|1\n|\n|-weather|none\n|-heal|p2a: Sandaconda|264/270|[from] item: Leftovers\n|-damage|p1a: Solgaleo|147/325 brn|[from] brn\n|upkeep\n|turn|6\n|\n|t:|1770681370\n|switch|p1b: Koraidon|Koraidon, L66|242/242\n|-weather|SunnyDay|[from] ability: Orichalcum Pulse|[of] p1b: Koraidon\n|-activate|p1b: Koraidon|Orichalcum Pulse|[source]\n|move|p1a: Solgaleo|Sunsteel Strike|p2b: Mandibuzz\n|-damage|p2b: Mandibuzz|165/326\n|move|p2b: Mandibuzz|Foul Play|p1b: Koraidon\n|-resisted|p1b: Koraidon\n|-damage|p1b: Koraidon|191/242\n|move|p2a: Sandaconda|Coil|p2a: Sandaconda\n|-boost|p2a: Sandaconda|atk|1\n|-boost|p2a: Sandaconda|def|1\n|-boost|p2a: Sandaconda|accuracy|1\n|\n|-weather|SunnyDay|[upkeep]\n|-heal|p2a: Sandaconda|270/270|[from] item: Leftovers\n|-damage|p1a: Solgaleo|127/325 brn|[from] brn\n|upkeep\n|turn|7\n|\n|t:|1770681391\n|move|p1a: Solgaleo|Sunsteel Strike|p2b: Mandibuzz\n|-damage|p2b: Mandibuzz|115/326\n|-enditem|p2b: Mandibuzz|Sitrus Berry|[eat]\n|-heal|p2b: Mandibuzz|196/326|[from] item: Sitrus Berry\n|move|p2b: Mandibuzz|Roost|p2b: Mandibuzz\n|-heal|p2b: Mandibuzz|326/326\n|-singleturn|p2b: Mandibuzz|move: Roost\n|move|p2a: Sandaconda|High Horsepower|p1b: Koraidon\n|-damage|p1b: Koraidon|0 fnt\n|faint|p1b: Koraidon\n|\n|-weather|SunnyDay|[upkeep]\n|-damage|p1a: Solgaleo|107/325 brn|[from] brn\n|upkeep\n|inactive|tikmasjien has 120 seconds left.\n|c|☆tikmasjien|0 counters to anything is so fun\n|-message|tikmasjien forfeited.\n|\n|win|caoscontrol\n|raw|tikmasjien's rating: 1665 &rarr; <strong>1649</strong><br />(-16 for losing)\n|raw|caoscontrol's rating: 1737 &rarr; <strong>1753</strong><br />(+16 for winning)\n|l|☆tikmasjien\n|player|p1|\n", "inputlog": ">version ccdc32dd7cde25fd9e4bed64820e885f66e78a4e\n>start {\"formatid\":\"gen9randomdoublesbattle\",\"seed\":\"sodium,405f71522ba696bf8792c754259d202f\",\"rated\":\"Rated battle\"}\n>player p1 {\"name\":\"tikmasjien\",\"avatar\":\"170\",\"rating\":1665,\"seed\":\"sodium,64550d18f4f3dde04d5f21d42bdd3afd\"}\n>player p2 {\"name\":\"caoscontrol\",\"avatar\":\"169\",\"rating\":1737,\"seed\":\"sodium,f3dbbd5a4e81e8ef927673ded5aca3a7\"}\n>p1 move flamecharge +2, move uturn +2\n>p2 move icywind, move willowisp +1\n>p1 pass, switch 6\n>p1 move sunsteelstrike +1, move dragondance\n>p2 move flipturn +1, move willowisp +2\n>p2 switch 6, pass\n>p1 move flamecharge +1, move knockoff +2\n>p2 move highhorsepower +2, switch 6\n>p1 move sunsteelstrike +1, move highhorsepower +2\n>p2 move highhorsepower +2, move flipturn +1\n>p1 pass, switch 3\n>p2 pass, switch 4\n>p1 move closecombat +2, move aurasphere +2\n>p2 move coil, move tailwind\n>p1 move sunsteelstrike +2, switch 6\n>p2 move coil, move foulplay +2\n>p1 move sunsteelstrike +2, move collisioncourse +2\n>p2 move highhorsepower +2, move roost\n>chat ☆tikmasjien|0 counters to anything is so fun\n>forcelose p1", "uploadtime": 1770681447, "views": 69, "formatid": "gen9randomdoublesbattle", "rating": 1649, "private": 0, "password": null}