{"id": "gen9randomdoublesbattle-2540588728", "format": "[Gen 9] Random Doubles Battle", "players": ["NewToThis0192", "Moonlight Flutter"], "log": "|j|☆NewToThis0192\n|j|☆Moonlight Flutter\n|t:|1771222774\n|gametype|doubles\n|player|p1|NewToThis0192|clay|1742\n|player|p2|Moonlight Flutter|dawn-masters3|1872\n|gen|9\n|tier|[Gen 9] Random Doubles Battle\n|rated|\n|rule|Species Clause: Limit one of each Pokémon\n|rule|HP Percentage Mod: HP is shown in percentages\n|rule|Illusion Level Mod: Illusion disguises the Pokémon's true level\n|rule|Sleep Clause Mod: Limit one foe put to sleep\n|\n|t:|1771222774\n|teamsize|p1|6\n|teamsize|p2|6\n|start\n|switch|p1a: Golduck|Golduck, L91, M|293/293\n|switch|p1b: Raikou|Raikou, L81|278/278\n|switch|p2a: Tinkaton|Tinkaton, L82, F|274/274\n|switch|p2b: Moltres|Moltres-Galar, L74|255/255\n|-ability|p1a: Golduck|Cloud Nine\n|turn|1\n|\n|t:|1771222792\n|switch|p2b: Virizion|Virizion, L86|297/297\n|move|p2a: Tinkaton|Fake Out|p1b: Raikou\n|-damage|p1b: Raikou|252/278\n|move|p1b: Raikou|Snarl|p2a: Tinkaton|[spread] p2a,p2b\n|-resisted|p2a: Tinkaton\n|-resisted|p2b: Virizion\n|-damage|p2a: Tinkaton|259/274\n|-damage|p2b: Virizion|285/297\n|-unboost|p2a: Tinkaton|spa|1\n|-unboost|p2b: Virizion|spa|1\n|-ability|p2b: Virizion|Justified|boost\n|-boost|p2b: Virizion|atk|1\n|move|p1a: Golduck|Icy Wind|p2a: Tinkaton|[spread] p2a,p2b\n|-resisted|p2a: Tinkaton\n|-supereffective|p2b: Virizion\n|-damage|p2a: Tinkaton|244/274\n|-damage|p2b: Virizion|237/297\n|-unboost|p2a: Tinkaton|spe|1\n|-unboost|p2b: Virizion|spe|1\n|\n|upkeep\n|turn|2\n|\n|t:|1771222818\n|move|p1a: Golduck|Protect|p1a: Golduck\n|-singleturn|p1a: Golduck|Protect\n|move|p1b: Raikou|Scald|p2a: Tinkaton\n|-damage|p2a: Tinkaton|193/274\n|-status|p2a: Tinkaton|brn\n|move|p2b: Virizion|Close Combat|p1b: Raikou\n|-crit|p1b: Raikou\n|-damage|p1b: Raikou|0 fnt\n|-unboost|p2b: Virizion|def|1\n|-unboost|p2b: Virizion|spd|1\n|faint|p1b: Raikou\n|move|p2a: Tinkaton|Stealth Rock|p1a: Golduck\n|-sidestart|p1: NewToThis0192|move: Stealth Rock\n|\n|-damage|p2a: Tinkaton|176/274 brn|[from] brn\n|upkeep\n|\n|t:|1771222838\n|switch|p1b: Weavile|Weavile, L81, M|246/246\n|-damage|p1b: Weavile|185/246|[from] Stealth Rock\n|turn|3\n|\n|t:|1771222849\n|switch|p2b: Toxapex|Toxapex, L92, F|241/241\n|move|p1b: Weavile|Triple Axel|p2b: Toxapex\n|-resisted|p2b: Toxapex\n|-damage|p2b: Toxapex|232/241\n|-resisted|p2b: Toxapex\n|-damage|p2b: Toxapex|215/241\n|-hitcount|p2b: Toxapex|2\n|-damage|p1b: Weavile|161/246|[from] item: Life Orb\n|move|p1a: Golduck|Hydro Pump|p2a: Tinkaton|[miss]\n|-miss|p1a: Golduck|p2a: Tinkaton\n|move|p2a: Tinkaton|Gigaton Hammer|p1b: Weavile\n|-supereffective|p1b: Weavile\n|-crit|p1b: Weavile\n|-damage|p1b: Weavile|0 fnt\n|faint|p1b: Weavile\n|\n|-heal|p2b: Toxapex|230/241|[from] item: Leftovers\n|-damage|p2a: Tinkaton|159/274 brn|[from] brn\n|upkeep\n|\n|t:|1771222864\n|switch|p1b: Goodra|Goodra-Hisui, L81, F|262/262\n|-damage|p1b: Goodra|246/262|[from] Stealth Rock\n|turn|4\n|\n|t:|1771222879\n|switch|p2a: Virizion|Virizion, L86|237/297\n|move|p1a: Golduck|Protect|p1a: Golduck\n|-singleturn|p1a: Golduck|Protect\n|move|p1b: Goodra|Acid Armor|p1b: Goodra\n|-boost|p1b: Goodra|def|2\n|move|p2b: Toxapex|Infestation|p1b: Goodra\n|-resisted|p1b: Goodra\n|-damage|p1b: Goodra|242/262\n|-activate|p1b: Goodra|move: Infestation|[of] p2b: Toxapex\n|\n|-heal|p1b: Goodra|258/262|[from] item: Leftovers\n|-heal|p2b: Toxapex|241/241|[from] item: Leftovers\n|-damage|p1b: Goodra|226/262|[from] move: Infestation|[partiallytrapped]\n|upkeep\n|turn|5\n|\n|t:|1771222898\n|switch|p1a: Spidops|Spidops, M|282/282\n|-damage|p1a: Spidops|212/282|[from] Stealth Rock\n|move|p2a: Virizion|Close Combat|p1b: Goodra\n|-supereffective|p1b: Goodra\n|-damage|p1b: Goodra|106/262\n|-unboost|p2a: Virizion|def|1\n|-unboost|p2a: Virizion|spd|1\n|move|p1b: Goodra|Acid Armor|p1b: Goodra\n|-boost|p1b: Goodra|def|2\n|move|p2b: Toxapex|Infestation|p1a: Spidops\n|-damage|p1a: Spidops|203/282\n|-activate|p1a: Spidops|move: Infestation|[of] p2b: Toxapex\n|\n|-heal|p1b: Goodra|122/262|[from] item: Leftovers\n|-damage|p1b: Goodra|90/262|[from] move: Infestation|[partiallytrapped]\n|-damage|p1a: Spidops|168/282|[from] move: Infestation|[partiallytrapped]\n|upkeep\n|turn|6\n|\n|t:|1771222926\n|move|p2a: Virizion|Close Combat|p1b: Goodra\n|-supereffective|p1b: Goodra\n|-damage|p1b: Goodra|6/262\n|-unboost|p2a: Virizion|def|1\n|-unboost|p2a: Virizion|spd|1\n|move|p1b: Goodra|Life Dew|p1b: Goodra|[spread] p1a,p1b\n|-heal|p1a: Spidops|239/282\n|-heal|p1b: Goodra|72/262\n|move|p1a: Spidops|String Shot|p2a: Virizion|[spread] p2a,p2b\n|-unboost|p2a: Virizion|spe|2\n|-unboost|p2b: Toxapex|spe|2\n|move|p2b: Toxapex|Toxic|p1b: Goodra\n|-immune|p1b: Goodra\n|\n|-heal|p1b: Goodra|88/262|[from] item: Leftovers\n|-damage|p1b: Goodra|56/262|[from] move: Infestation|[partiallytrapped]\n|-damage|p1a: Spidops|204/282|[from] move: Infestation|[partiallytrapped]\n|upkeep\n|turn|7\n|\n|t:|1771222942\n|switch|p2a: Tinkaton|Tinkaton, L82, F|159/274 brn\n|move|p1b: Goodra|Life Dew|p1b: Goodra|[spread] p1a,p1b\n|-heal|p1a: Spidops|275/282\n|-heal|p1b: Goodra|122/262\n|move|p1a: Spidops|Lunge|p2a: Tinkaton\n|-resisted|p2a: Tinkaton\n|-damage|p2a: Tinkaton|97/274 brn\n|-unboost|p2a: Tinkaton|atk|1\n|-enditem|p2a: Tinkaton|Sitrus Berry|[eat]\n|-heal|p2a: Tinkaton|165/274 brn|[from] item: Sitrus Berry\n|move|p2b: Toxapex|Toxic|p1a: Spidops\n|-status|p1a: Spidops|tox\n|\n|-heal|p1b: Goodra|138/262|[from] item: Leftovers\n|-damage|p1a: Spidops|258/282 tox|[from] psn\n|-damage|p2a: Tinkaton|148/274 brn|[from] brn\n|-damage|p1b: Goodra|106/262|[from] move: Infestation|[partiallytrapped]\n|-damage|p1a: Spidops|223/282 tox|[from] move: Infestation|[partiallytrapped]\n|upkeep\n|turn|8\n|\n|t:|1771222984\n|switch|p2b: Moltres|Moltres-Galar, L74|255/255\n|move|p2a: Tinkaton|Fake Out|p1b: Goodra\n|-resisted|p1b: Goodra\n|-damage|p1b: Goodra|105/262\n|cant|p1b: Goodra|flinch\n|move|p1a: Spidops|Lunge|p2a: Tinkaton\n|-resisted|p2a: Tinkaton\n|-damage|p2a: Tinkaton|121/274 brn\n|-unboost|p2a: Tinkaton|atk|1\n|\n|-heal|p1b: Goodra|121/262|[from] item: Leftovers\n|-damage|p1a: Spidops|189/282 tox|[from] psn\n|-damage|p2a: Tinkaton|104/274 brn|[from] brn\n|-end|p1b: Goodra|Infestation|[partiallytrapped]|[silent]\n|-end|p1a: Spidops|Infestation|[partiallytrapped]|[silent]\n|upkeep\n|turn|9\n|\n|t:|1771222998\n|move|p2a: Tinkaton|Gigaton Hammer|p1a: Spidops\n|-damage|p1a: Spidops|162/282 tox\n|move|p2b: Moltres|Fiery Wrath|p1b: Goodra|[spread] p1a,p1b\n|-damage|p1a: Spidops|114/282 tox\n|-damage|p1b: Goodra|85/262\n|-enditem|p1a: Spidops|Sitrus Berry|[eat]\n|-heal|p1a: Spidops|184/282 tox|[from] item: Sitrus Berry\n|cant|p1b: Goodra|flinch\n|move|p1a: Spidops|String Shot|p2a: Tinkaton|[spread] p2a,p2b\n|-unboost|p2a: Tinkaton|spe|2\n|-unboost|p2b: Moltres|spe|2\n|\n|-heal|p1b: Goodra|101/262|[from] item: Leftovers\n|-damage|p1a: Spidops|133/282 tox|[from] psn\n|-damage|p2a: Tinkaton|87/274 brn|[from] brn\n|upkeep\n|turn|10\n|\n|t:|1771223012\n|switch|p1a: Golduck|Golduck, L91, M|293/293\n|-damage|p1a: Golduck|257/293|[from] Stealth Rock\n|-ability|p1a: Golduck|Cloud Nine\n|switch|p2b: Toxapex|Toxapex, L92, F|241/241\n|move|p1b: Goodra|Life Dew|p1b: Goodra|[spread] p1a,p1b\n|-heal|p1a: Golduck|293/293\n|-heal|p1b: Goodra|167/262\n|move|p2a: Tinkaton|Play Rough|p1a: Golduck\n|-damage|p1a: Golduck|273/293\n|\n|-heal|p1b: Goodra|183/262|[from] item: Leftovers\n|-damage|p2a: Tinkaton|70/274 brn|[from] brn\n|upkeep\n|turn|11\n|\n|t:|1771223033\n|switch|p2a: Virizion|Virizion, L86|237/297\n|move|p1a: Golduck|Grass Knot|p2b: Toxapex\n|-damage|p2b: Toxapex|219/241\n|move|p1b: Goodra|Acid Armor|p1b: Goodra\n|-boost|p1b: Goodra|def|2\n|move|p2b: Toxapex|Infestation|p1b: Goodra\n|-resisted|p1b: Goodra\n|-damage|p1b: Goodra|179/262\n|-activate|p1b: Goodra|move: Infestation|[of] p2b: Toxapex\n|\n|-heal|p1b: Goodra|195/262|[from] item: Leftovers\n|-heal|p2b: Toxapex|234/241|[from] item: Leftovers\n|-damage|p1b: Goodra|163/262|[from] move: Infestation|[partiallytrapped]\n|upkeep\n|turn|12\n|\n|t:|1771223062\n|-terastallize|p1a: Golduck|Grass\n|move|p2a: Virizion|Coaching|p2b: Toxapex\n|-boost|p2b: Toxapex|atk|1\n|-boost|p2b: Toxapex|def|1\n|move|p1a: Golduck|Icy Wind|p2a: Virizion|[spread] p2a,p2b\n|-supereffective|p2a: Virizion\n|-resisted|p2b: Toxapex\n|-damage|p2a: Virizion|189/297\n|-damage|p2b: Toxapex|223/241\n|-unboost|p2a: Virizion|spe|1\n|-unboost|p2b: Toxapex|spe|1\n|move|p1b: Goodra|Body Press|p2b: Toxapex\n|-resisted|p2b: Toxapex\n|-damage|p2b: Toxapex|183/241\n|move|p2b: Toxapex|Infestation|p1a: Golduck\n|-supereffective|p1a: Golduck\n|-damage|p1a: Golduck|251/293\n|-activate|p1a: Golduck|move: Infestation|[of] p2b: Toxapex\n|\n|-heal|p1b: Goodra|179/262|[from] item: Leftovers\n|-heal|p2b: Toxapex|198/241|[from] item: Leftovers\n|-damage|p1a: Golduck|215/293|[from] move: Infestation|[partiallytrapped]\n|-damage|p1b: Goodra|147/262|[from] move: Infestation|[partiallytrapped]\n|upkeep\n|turn|13\n|\n|t:|1771223087\n|switch|p2a: Tinkaton|Tinkaton, L82, F|70/274 brn\n|move|p1a: Golduck|Icy Wind|p2a: Tinkaton|[spread] p2a,p2b\n|-resisted|p2a: Tinkaton\n|-resisted|p2b: Toxapex\n|-damage|p2a: Tinkaton|54/274 brn\n|-damage|p2b: Toxapex|187/241\n|-unboost|p2a: Tinkaton|spe|1\n|-unboost|p2b: Toxapex|spe|1\n|move|p1b: Goodra|Life Dew|p1b: Goodra|[spread] p1a,p1b\n|-heal|p1a: Golduck|288/293\n|-heal|p1b: Goodra|213/262\n|move|p2b: Toxapex|Toxic|p1a: Golduck\n|-status|p1a: Golduck|tox\n|\n|-heal|p1b: Goodra|229/262|[from] item: Leftovers\n|-heal|p2b: Toxapex|202/241|[from] item: Leftovers\n|-damage|p1a: Golduck|270/293 tox|[from] psn\n|-damage|p2a: Tinkaton|37/274 brn|[from] brn\n|-damage|p1a: Golduck|234/293 tox|[from] move: Infestation|[partiallytrapped]\n|-damage|p1b: Goodra|197/262|[from] move: Infestation|[partiallytrapped]\n|upkeep\n|turn|14\n|\n|t:|1771223112\n|move|p1a: Golduck|Protect|p1a: Golduck\n|-singleturn|p1a: Golduck|Protect\n|move|p2a: Tinkaton|Fake Out|p1b: Goodra\n|-resisted|p1b: Goodra\n|-damage|p1b: Goodra|196/262\n|cant|p1b: Goodra|flinch\n|move|p2b: Toxapex|Infestation|p1a: Golduck\n|-activate|p1a: Golduck|move: Protect\n|\n|-heal|p1b: Goodra|212/262|[from] item: Leftovers\n|-heal|p2b: Toxapex|217/241|[from] item: Leftovers\n|-damage|p1a: Golduck|198/293 tox|[from] psn\n|-damage|p2a: Tinkaton|20/274 brn|[from] brn\n|-damage|p1a: Golduck|162/293 tox|[from] move: Infestation|[partiallytrapped]\n|-damage|p1b: Goodra|180/262|[from] move: Infestation|[partiallytrapped]\n|upkeep\n|turn|15\n|\n|t:|1771223125\n|move|p1a: Golduck|Grass Knot|p2b: Toxapex\n|-damage|p2b: Toxapex|184/241\n|move|p1b: Goodra|Heavy Slam|p2b: Toxapex\n|-resisted|p2b: Toxapex\n|-damage|p2b: Toxapex|159/241\n|move|p2a: Tinkaton|Gigaton Hammer|p1a: Golduck\n|-damage|p1a: Golduck|96/293 tox\n|-enditem|p1a: Golduck|Sitrus Berry|[eat]\n|-heal|p1a: Golduck|169/293 tox|[from] item: Sitrus Berry\n|move|p2b: Toxapex|Infestation|p1a: Golduck\n|-supereffective|p1a: Golduck\n|-damage|p1a: Golduck|145/293 tox\n|\n|-heal|p1b: Goodra|196/262|[from] item: Leftovers\n|-heal|p2b: Toxapex|174/241|[from] item: Leftovers\n|-damage|p1a: Golduck|91/293 tox|[from] psn\n|-damage|p2a: Tinkaton|3/274 brn|[from] brn\n|-damage|p1a: Golduck|55/293 tox|[from] move: Infestation|[partiallytrapped]\n|-damage|p1b: Goodra|164/262|[from] move: Infestation|[partiallytrapped]\n|upkeep\n|turn|16\n|\n|t:|1771223145\n|move|p2b: Toxapex|Baneful Bunker|p2b: Toxapex\n|-singleturn|p2b: Toxapex|move: Protect\n|move|p1a: Golduck|Grass Knot|p2b: Toxapex\n|-activate|p2b: Toxapex|move: Protect\n|move|p1b: Goodra|Life Dew|p1b: Goodra|[spread] p1a,p1b\n|-heal|p1a: Golduck|128/293 tox\n|-heal|p1b: Goodra|230/262\n|move|p2a: Tinkaton|Play Rough|p1b: Goodra\n|-damage|p1b: Goodra|221/262\n|-unboost|p1b: Goodra|atk|1\n|\n|-heal|p1b: Goodra|237/262|[from] item: Leftovers\n|-heal|p2b: Toxapex|189/241|[from] item: Leftovers\n|-damage|p1a: Golduck|56/293 tox|[from] psn\n|-damage|p2a: Tinkaton|0 fnt|[from] brn\n|faint|p2a: Tinkaton\n|-end|p1a: Golduck|Infestation|[partiallytrapped]\n|-end|p1b: Goodra|Infestation|[partiallytrapped]\n|upkeep\n|\n|t:|1771223162\n|switch|p2a: Virizion|Virizion, L86|189/297\n|turn|17\n|\n|t:|1771223173\n|switch|p1a: Spidops|Spidops, M|133/282 tox\n|-damage|p1a: Spidops|63/282 tox|[from] Stealth Rock\n|move|p2a: Virizion|Protect|p2a: Virizion\n|-singleturn|p2a: Virizion|Protect\n|move|p1b: Goodra|Body Press|p2a: Virizion\n|-activate|p2a: Virizion|move: Protect\n|move|p2b: Toxapex|Infestation|p1b: Goodra\n|-resisted|p1b: Goodra\n|-damage|p1b: Goodra|234/262\n|-activate|p1b: Goodra|move: Infestation|[of] p2b: Toxapex\n|\n|-heal|p1b: Goodra|250/262|[from] item: Leftovers\n|-heal|p2b: Toxapex|204/241|[from] item: Leftovers\n|-damage|p1a: Spidops|46/282 tox|[from] psn\n|-damage|p1b: Goodra|218/262|[from] move: Infestation|[partiallytrapped]\n|upkeep\n|turn|18\n|\n|t:|1771223200\n|move|p2a: Virizion|Close Combat|p1a: Spidops\n|-resisted|p1a: Spidops\n|-damage|p1a: Spidops|0 fnt\n|-unboost|p2a: Virizion|def|1\n|-unboost|p2a: Virizion|spd|1\n|faint|p1a: Spidops\n|move|p1b: Goodra|Body Press|p2a: Virizion\n|-damage|p2a: Virizion|0 fnt\n|faint|p2a: Virizion\n|move|p2b: Toxapex|Toxic|p1b: Goodra\n|-immune|p1b: Goodra\n|\n|-heal|p1b: Goodra|234/262|[from] item: Leftovers\n|-heal|p2b: Toxapex|219/241|[from] item: Leftovers\n|-damage|p1b: Goodra|202/262|[from] move: Infestation|[partiallytrapped]\n|upkeep\n|\n|t:|1771223218\n|switch|p2a: Moltres|Moltres-Galar, L74|255/255\n|switch|p1a: Grimmsnarl|Grimmsnarl, L82, M|290/290\n|-damage|p1a: Grimmsnarl|254/290|[from] Stealth Rock\n|turn|19\n|\n|t:|1771223233\n|move|p2a: Moltres|Protect|p2a: Moltres\n|-singleturn|p2a: Moltres|Protect\n|move|p1a: Grimmsnarl|Fake Out|p2a: Moltres\n|-activate|p2a: Moltres|move: Protect\n|move|p1b: Goodra|Body Press|p2a: Moltres\n|-activate|p2a: Moltres|move: Protect\n|move|p2b: Toxapex|Infestation|p1a: Grimmsnarl\n|-damage|p1a: Grimmsnarl|241/290\n|-activate|p1a: Grimmsnarl|move: Infestation|[of] p2b: Toxapex\n|\n|-heal|p1b: Goodra|218/262|[from] item: Leftovers\n|-heal|p2b: Toxapex|234/241|[from] item: Leftovers\n|-damage|p1a: Grimmsnarl|205/290|[from] move: Infestation|[partiallytrapped]\n|-damage|p1b: Goodra|186/262|[from] move: Infestation|[partiallytrapped]\n|upkeep\n|turn|20\n|\n|t:|1771223252\n|switch|p2a: Greedent|Greedent, L86, M|347/347\n|move|p1a: Grimmsnarl|Thunder Wave|p2b: Toxapex\n|-status|p2b: Toxapex|par\n|move|p1b: Goodra|Life Dew|p1b: Goodra|[spread] p1a,p1b\n|-heal|p1a: Grimmsnarl|278/290\n|-heal|p1b: Goodra|252/262\n|move|p2b: Toxapex|Toxic|p1a: Grimmsnarl\n|-status|p1a: Grimmsnarl|tox\n|\n|-heal|p1b: Goodra|262/262|[from] item: Leftovers\n|-heal|p2b: Toxapex|241/241 par|[from] item: Leftovers\n|-damage|p1a: Grimmsnarl|260/290 tox|[from] psn\n|-damage|p1a: Grimmsnarl|224/290 tox|[from] move: Infestation|[partiallytrapped]\n|-damage|p1b: Goodra|230/262|[from] move: Infestation|[partiallytrapped]\n|upkeep\n|turn|21\n|\n|t:|1771223272\n|-terastallize|p2a: Greedent|Ghost\n|cant|p2b: Toxapex|par\n|move|p1a: Grimmsnarl|Taunt|p2b: Toxapex\n|-start|p2b: Toxapex|move: Taunt\n|move|p1b: Goodra|Body Press|p2a: Greedent\n|-immune|p2a: Greedent\n|move|p2a: Greedent|Double-Edge|p1a: Grimmsnarl\n|-damage|p1a: Grimmsnarl|62/290 tox\n|-enditem|p1a: Grimmsnarl|Sitrus Berry|[eat]\n|-heal|p1a: Grimmsnarl|134/290 tox|[from] item: Sitrus Berry\n|-damage|p2a: Greedent|294/347|[from] Recoil\n|\n|-heal|p1b: Goodra|246/262|[from] item: Leftovers\n|-damage|p1a: Grimmsnarl|98/290 tox|[from] psn\n|-damage|p1a: Grimmsnarl|62/290 tox|[from] move: Infestation|[partiallytrapped]\n|-damage|p1b: Goodra|214/262|[from] move: Infestation|[partiallytrapped]\n|upkeep\n|turn|22\n|\n|t:|1771223291\n|move|p2a: Greedent|Protect|p2a: Greedent\n|-singleturn|p2a: Greedent|Protect\n|move|p1a: Grimmsnarl|Thunder Wave|p2a: Greedent\n|-activate|p2a: Greedent|move: Protect\n|move|p1b: Goodra|Life Dew|p1b: Goodra|[spread] p1a,p1b\n|-heal|p1a: Grimmsnarl|135/290 tox\n|-heal|p1b: Goodra|262/262\n|cant|p2b: Toxapex|par\n|\n|-damage|p1a: Grimmsnarl|81/290 tox|[from] psn\n|-damage|p1a: Grimmsnarl|45/290 tox|[from] move: Infestation|[partiallytrapped]\n|-end|p1b: Goodra|Infestation|[partiallytrapped]\n|upkeep\n|turn|23\n|\n|t:|1771223311\n|switch|p2a: Moltres|Moltres-Galar, L74|255/255\n|move|p1a: Grimmsnarl|Spirit Break|p2a: Moltres\n|-supereffective|p2a: Moltres\n|-damage|p2a: Moltres|61/255\n|-unboost|p2a: Moltres|spa|1\n|-ability|p2a: Moltres|Berserk|boost\n|-boost|p2a: Moltres|spa|1\n|-enditem|p2a: Moltres|Sitrus Berry|[eat]\n|-heal|p2a: Moltres|124/255|[from] item: Sitrus Berry\n|move|p1b: Goodra|Heavy Slam|p2a: Moltres\n|-damage|p2a: Moltres|28/255\n|move|p2b: Toxapex|Infestation|p1a: Grimmsnarl\n|-damage|p1a: Grimmsnarl|32/290 tox\n|\n|-damage|p1a: Grimmsnarl|0 fnt|[from] psn\n|faint|p1a: Grimmsnarl\n|upkeep\n|\n|t:|1771223324\n|switch|p1a: Golduck|Golduck, L91, M, tera:Grass|56/293 tox\n|-damage|p1a: Golduck|20/293 tox|[from] Stealth Rock\n|-ability|p1a: Golduck|Cloud Nine\n|turn|24\n|\n|t:|1771223337\n|switch|p2a: Greedent|Greedent, L86, M, tera:Ghost|294/347\n|move|p1a: Golduck|Icy Wind|p2a: Greedent|[spread] p2a,p2b\n|-resisted|p2b: Toxapex\n|-damage|p2a: Greedent|254/347\n|-damage|p2b: Toxapex|231/241 par\n|-unboost|p2a: Greedent|spe|1\n|-unboost|p2b: Toxapex|spe|1\n|move|p1b: Goodra|Body Press|p2b: Toxapex\n|-resisted|p2b: Toxapex\n|-damage|p2b: Toxapex|192/241 par\n|move|p2b: Toxapex|Infestation|p1a: Golduck\n|-supereffective|p1a: Golduck\n|-damage|p1a: Golduck|0 fnt\n|faint|p1a: Golduck\n|\n|-heal|p2b: Toxapex|207/241 par|[from] item: Leftovers\n|-end|p2b: Toxapex|move: Taunt\n|upkeep\n|turn|25\n|\n|t:|1771223354\n|move|p1b: Goodra|Heavy Slam|p2a: Greedent\n|-damage|p2a: Greedent|175/347\n|move|p2a: Greedent|High Horsepower|p1b: Goodra\n|-supereffective|p1b: Goodra\n|-damage|p1b: Goodra|228/262\n|move|p2b: Toxapex|Infestation|p1b: Goodra\n|-resisted|p1b: Goodra\n|-damage|p1b: Goodra|225/262\n|-activate|p1b: Goodra|move: Infestation|[of] p2b: Toxapex\n|\n|-heal|p1b: Goodra|241/262|[from] item: Leftovers\n|-heal|p2b: Toxapex|222/241 par|[from] item: Leftovers\n|-damage|p1b: Goodra|209/262|[from] move: Infestation|[partiallytrapped]\n|upkeep\n|turn|26\n|\n|t:|1771223372\n|move|p2a: Greedent|Protect|p2a: Greedent\n|-singleturn|p2a: Greedent|Protect\n|move|p1b: Goodra|Heavy Slam|p2a: Greedent\n|-activate|p2a: Greedent|move: Protect\n|move|p2b: Toxapex|Toxic|p1b: Goodra\n|-immune|p1b: Goodra\n|\n|-heal|p1b: Goodra|225/262|[from] item: Leftovers\n|-heal|p2b: Toxapex|237/241 par|[from] item: Leftovers\n|-damage|p1b: Goodra|193/262|[from] move: Infestation|[partiallytrapped]\n|upkeep\n|turn|27\n|\n|t:|1771223383\n|move|p1b: Goodra|Heavy Slam|p2a: Greedent\n|-damage|p2a: Greedent|102/347\n|-enditem|p2a: Greedent|Sitrus Berry|[eat]\n|-heal|p2a: Greedent|188/347|[from] item: Sitrus Berry\n|-heal|p2a: Greedent|303/347|[from] ability: Cheek Pouch\n|move|p2a: Greedent|High Horsepower|p1b: Goodra\n|-supereffective|p1b: Goodra\n|-damage|p1b: Goodra|155/262\n|move|p2b: Toxapex|Infestation|p1b: Goodra\n|-resisted|p1b: Goodra\n|-damage|p1b: Goodra|151/262\n|\n|-heal|p1b: Goodra|167/262|[from] item: Leftovers\n|-heal|p2b: Toxapex|241/241 par|[from] item: Leftovers\n|-damage|p1b: Goodra|135/262|[from] move: Infestation|[partiallytrapped]\n|upkeep\n|turn|28\n|-message|NewToThis0192 forfeited.\n|\n|win|Moonlight Flutter\n|raw|NewToThis0192's rating: 1742 &rarr; <strong>1729</strong><br />(-13 for losing)\n|raw|Moonlight Flutter's rating: 1872 &rarr; <strong>1885</strong><br />(+13 for winning)\n|l|☆NewToThis0192\n|player|p1|\n", "inputlog": ">version 686819e5e19f8a7fd2345cfc5a08a5085efa2cc3\n>start {\"formatid\":\"gen9randomdoublesbattle\",\"seed\":\"sodium,b2e398f39e3d17af13a825a35e393f1e\",\"rated\":\"Rated battle\"}\n>player p1 {\"name\":\"NewToThis0192\",\"avatar\":\"clay\",\"rating\":1742,\"seed\":\"sodium,af605ade3eaaa563565de7ea28d59c57\"}\n>player p2 {\"name\":\"Moonlight Flutter\",\"avatar\":\"dawn-masters3\",\"rating\":1872,\"seed\":\"sodium,567eaf70f290c11a0b31e51166f18966\"}\n>p1 move icywind, move snarl\n>p2 move fakeout +2, switch 3\n>p1 move protect, move scald +1\n>p2 move stealthrock, move closecombat +2\n>p1 pass, switch 5\n>p1 move hydropump +1, move tripleaxel +2\n>p2 move gigatonhammer +2, switch 5\n>p1 pass, switch 3\n>p1 move protect, move acidarmor\n>p2 switch 5, move infestation +2\n>p1 switch 4, move acidarmor\n>p2 move closecombat +2, move infestation +1\n>p1 move stringshot, move lifedew\n>p2 move closecombat +2, move toxic +2\n>p1 move lunge +1, move lifedew\n>p2 switch 5, move toxic +1\n>p1 move lunge +1, move lifedew\n>p2 move fakeout +2, switch 3\n>p1 move stringshot, move lifedew\n>p2 move gigatonhammer +1, move fierywrath\n>p1 switch 4, move lifedew\n>p2 move playrough +1, switch 3\n>p1 move grassknot +2, move acidarmor\n>p2 switch 5, move infestation +2\n>p1 move icywind terastallize, move bodypress +2\n>p2 move coaching -2, move infestation +1\n>p1 move icywind, move lifedew\n>p2 switch 5, move toxic +1\n>p1 move protect, move heavyslam +2\n>p2 move fakeout +2, move infestation +1\n>p1 move grassknot +2, move heavyslam +2\n>p2 move gigatonhammer +1, move infestation +1\n>p1 move grassknot +2, move lifedew\n>p2 move playrough +2, move banefulbunker\n>p2 switch 5, pass\n>p1 switch 4, move bodypress +1\n>p2 move protect, move infestation +2\n>p1 move knockoff +2, move bodypress +1\n>p2 move closecombat +1, move toxic +1\n>p1 switch 6, pass\n>p2 switch 3, pass\n>p1 move fakeout +1, move bodypress +1\n>p2 move protect, move infestation +1\n>p1 move thunderwave +2, move lifedew\n>p2 switch 4, move toxic +1\n>p1 move taunt +2, move bodypress +1\n>p2 move doubleedge +1 terastallize, move banefulbunker\n>p1 move thunderwave +1, move lifedew\n>p2 move protect, move infestation +1\n>p1 move spiritbreak +1, move heavyslam +1\n>p2 switch 4, move infestation +1\n>p1 switch 4, pass\n>p1 move icywind, move bodypress +2\n>p2 switch 4, move infestation +1\n>p1 pass, move heavyslam +1\n>p2 move highhorsepower +2, move infestation +2\n>p1 pass, move heavyslam +1\n>p2 move protect, move toxic +2\n>p1 pass, move heavyslam +1\n>p2 move highhorsepower +2, move infestation +2\n>forcelose p1", "uploadtime": 1771223399, "views": 31, "formatid": "gen9randomdoublesbattle", "rating": 1729, "private": 0, "password": null}