{"id": "gen9randomdoublesbattle-2537950208", "format": "[Gen 9] Random Doubles Battle", "players": ["xxx233", "IHeartGabeDavis"], "log": "|j|☆xxx233\n|j|☆IHeartGabeDavis\n|t:|1770867722\n|gametype|doubles\n|player|p1|xxx233|169|1590\n|player|p2|IHeartGabeDavis|fisherman-gen2jp|1683\n|gen|9\n|tier|[Gen 9] Random Doubles Battle\n|rated|\n|rule|Species Clause: Limit one of each Pokémon\n|rule|HP Percentage Mod: HP is shown in percentages\n|rule|Illusion Level Mod: Illusion disguises the Pokémon's true level\n|rule|Sleep Clause Mod: Limit one foe put to sleep\n|\n|t:|1770867722\n|teamsize|p1|6\n|teamsize|p2|6\n|start\n|switch|p1a: Gengar|Gengar, L84, M|238/238\n|switch|p1b: Spidops|Spidops, M|282/282\n|switch|p2a: Mismagius|Mismagius, L88, F|249/249\n|switch|p2b: Blaziken|Blaziken, L79, F|256/256\n|turn|1\n|inactive|Battle timer is ON: inactive players will automatically lose when time's up. (requested by xxx233)\n|\n|t:|1770867776\n|switch|p1b: Veluza|Veluza, L88, F|302/302\n|move|p2a: Mismagius|Shadow Ball|p1a: Gengar\n|-supereffective|p1a: Gengar\n|-damage|p1a: Gengar|0 fnt\n|faint|p1a: Gengar\n|-damage|p2a: Mismagius|225/249|[from] item: Life Orb\n|move|p2b: Blaziken|Overheat|p1b: Veluza|[miss]\n|-miss|p2b: Blaziken|p1b: Veluza\n|\n|-ability|p2b: Blaziken|Speed Boost|boost\n|-boost|p2b: Blaziken|spe|1\n|upkeep\n|\n|t:|1770867806\n|switch|p1a: Oinkologne|Oinkologne, L92, M|352/352\n|turn|2\n|inactive|IHeartGabeDavis has 120 seconds left.\n|inactive|IHeartGabeDavis has 90 seconds left.\n|\n|t:|1770867881\n|-terastallize|p1b: Veluza|Dark\n|move|p2b: Blaziken|Protect|p2b: Blaziken\n|-singleturn|p2b: Blaziken|Protect\n|move|p2a: Mismagius|Protect|p2a: Mismagius\n|-singleturn|p2a: Mismagius|Protect\n|move|p1b: Veluza|Night Slash|p2a: Mismagius\n|-activate|p2a: Mismagius|move: Protect\n|move|p1a: Oinkologne|High Horsepower|p2b: Blaziken\n|-activate|p2b: Blaziken|move: Protect\n|\n|-ability|p2b: Blaziken|Speed Boost|boost\n|-boost|p2b: Blaziken|spe|1\n|upkeep\n|turn|3\n|inactive|IHeartGabeDavis has 90 seconds left.\n|\n|t:|1770867914\n|switch|p1b: Flapple|Flapple, L95, F|287/287\n|move|p2b: Blaziken|Close Combat|p1b: Flapple\n|-damage|p1b: Flapple|134/287\n|-unboost|p2b: Blaziken|def|1\n|-unboost|p2b: Blaziken|spd|1\n|-activate|p1b: Flapple|ability: Ripen\n|-enditem|p1b: Flapple|Sitrus Berry|[eat]\n|-heal|p1b: Flapple|276/287|[from] item: Sitrus Berry\n|-damage|p2b: Blaziken|231/256|[from] item: Life Orb\n|move|p2a: Mismagius|Will-O-Wisp|p1a: Oinkologne\n|-status|p1a: Oinkologne|brn\n|move|p1a: Oinkologne|High Horsepower|p2b: Blaziken\n|-supereffective|p2b: Blaziken\n|-damage|p2b: Blaziken|2/256\n|\n|-damage|p1a: Oinkologne|330/352 brn|[from] brn\n|-ability|p2b: Blaziken|Speed Boost|boost\n|-boost|p2b: Blaziken|spe|1\n|upkeep\n|turn|4\n|inactive|IHeartGabeDavis has 90 seconds left.\n|inactive|IHeartGabeDavis has 60 seconds left.\n|\n|t:|1770867950\n|move|p1b: Flapple|Sucker Punch||[still]\n|-fail|p1b: Flapple\n|move|p2b: Blaziken|Close Combat|p1a: Oinkologne\n|-supereffective|p1a: Oinkologne\n|-crit|p1a: Oinkologne\n|-damage|p1a: Oinkologne|0 fnt\n|-unboost|p2b: Blaziken|def|1\n|-unboost|p2b: Blaziken|spd|1\n|faint|p1a: Oinkologne\n|-damage|p2b: Blaziken|0 fnt|[from] item: Life Orb\n|faint|p2b: Blaziken\n|move|p2a: Mismagius|Will-O-Wisp|p1b: Flapple\n|-status|p1b: Flapple|brn\n|\n|-damage|p1b: Flapple|259/287 brn|[from] brn\n|upkeep\n|inactive|IHeartGabeDavis has 60 seconds left.\n|\n|t:|1770867979\n|switch|p1a: Volcarona|Volcarona, L78, F|261/261\n|switch|p2b: Tornadus|Tornadus, L77, M|248/248\n|turn|5\n|inactive|IHeartGabeDavis has 60 seconds left.\n|\n|t:|1770868002\n|move|p2a: Mismagius|Protect|p2a: Mismagius\n|-singleturn|p2a: Mismagius|Protect\n|move|p2b: Tornadus|Bleakwind Storm|p1b: Flapple|[spread] p1a,p1b\n|-supereffective|p1a: Volcarona\n|-crit|p1a: Volcarona\n|-supereffective|p1b: Flapple\n|-damage|p1a: Volcarona|27/261\n|-damage|p1b: Flapple|65/287 brn\n|-unboost|p1b: Flapple|spe|1\n|move|p1a: Volcarona|Heat Wave|p2a: Mismagius|[spread] \n|-activate|p2a: Mismagius|move: Protect\n|-miss|p1a: Volcarona|p2b: Tornadus\n|move|p1b: Flapple|Grav Apple|p2b: Tornadus\n|-resisted|p2b: Tornadus\n|-damage|p2b: Tornadus|212/248\n|-unboost|p2b: Tornadus|def|1\n|\n|-damage|p1b: Flapple|48/287 brn|[from] brn\n|upkeep\n|turn|6\n|inactive|IHeartGabeDavis has 60 seconds left.\n|\n|t:|1770868015\n|move|p1b: Flapple|Sucker Punch|p2a: Mismagius\n|-supereffective|p2a: Mismagius\n|-damage|p2a: Mismagius|131/249\n|move|p2a: Mismagius|Dazzling Gleam|p1a: Volcarona|[spread] p1a,p1b\n|-resisted|p1a: Volcarona\n|-supereffective|p1b: Flapple\n|-damage|p1a: Volcarona|0 fnt\n|-damage|p1b: Flapple|0 fnt\n|faint|p1a: Volcarona\n|faint|p1b: Flapple\n|-damage|p2a: Mismagius|107/249|[from] item: Life Orb\n|move|p2b: Tornadus|Bleakwind Storm|p1: Volcarona|[notarget]\n|-fail|p2b: Tornadus\n|\n|upkeep\n|\n|t:|1770868023\n|switch|p1a: Veluza|Veluza, L88, F, tera:Dark|302/302\n|switch|p1b: Spidops|Spidops, M|282/282\n|turn|7\n|\n|t:|1770868036\n|switch|p2b: Hatterene|Hatterene, L84, F|233/233\n|-terastallize|p2a: Mismagius|Fairy\n|move|p2a: Mismagius|Dazzling Gleam|p1b: Spidops|[spread] p1a,p1b\n|-supereffective|p1a: Veluza\n|-damage|p1a: Veluza|81/302\n|-damage|p1b: Spidops|195/282\n|-damage|p2a: Mismagius|83/249|[from] item: Life Orb\n|move|p1a: Veluza|Night Slash|p2a: Mismagius\n|-resisted|p2a: Mismagius\n|-damage|p2a: Mismagius|0 fnt\n|faint|p2a: Mismagius\n|move|p1b: Spidops|String Shot|p2b: Hatterene\n|move|p2b: Hatterene|String Shot|p1b: Spidops|[from] ability: Magic Bounce|[spread] p1a,p1b\n|-unboost|p1a: Veluza|spe|2\n|-unboost|p1b: Spidops|spe|2\n|\n|upkeep\n|\n|t:|1770868058\n|switch|p2a: Tornadus|Tornadus, L77, M|212/248\n|turn|8\n|-message|xxx233 forfeited.\n|\n|win|IHeartGabeDavis\n|raw|xxx233's rating: 1590 &rarr; <strong>1575</strong><br />(-15 for losing)\n|raw|IHeartGabeDavis's rating: 1683 &rarr; <strong>1698</strong><br />(+15 for winning)\n|l|☆xxx233\n|player|p1|\n", "inputlog": ">version ccdc32dd7cde25fd9e4bed64820e885f66e78a4e\n>start {\"formatid\":\"gen9randomdoublesbattle\",\"seed\":\"sodium,9d1225988617d9476966cd4c00d8ec03\",\"rated\":\"Rated battle\"}\n>player p1 {\"name\":\"xxx233\",\"avatar\":\"169\",\"rating\":1590,\"seed\":\"sodium,04592bb77e82fb32352d8adedc7308f3\"}\n>player p2 {\"name\":\"IHeartGabeDavis\",\"avatar\":\"fisherman-gen2jp\",\"rating\":1683,\"seed\":\"sodium,ec8b3826b47e4e33a28cd80382aaa4bb\"}\n>p1 move shadowball +1, switch 4\n>p2 move shadowball +1, move overheat +2\n>p1 switch 5, pass\n>p1 move highhorsepower +2, move nightslash +1 terastallize\n>p2 move protect, move protect\n>p1 move highhorsepower +2, switch 3\n>p2 move willowisp +1, move closecombat +2\n>p1 move highhorsepower +2, move suckerpunch +1\n>p2 move willowisp +2, move closecombat +1\n>p1 switch 6, pass\n>p2 pass, switch 6\n>p1 move heatwave, move gravapple +2\n>p2 move protect, move bleakwindstorm\n>p1 move tailwind, move suckerpunch +1\n>p2 move dazzlinggleam, move bleakwindstorm\n>p1 switch 3, switch 4\n>p1 move nightslash +1, move stringshot\n>p2 move dazzlinggleam terastallize, switch 4\n>p2 switch 4, pass\n>forcelose p1", "uploadtime": 1770868070, "views": 104, "formatid": "gen9randomdoublesbattle", "rating": 1575, "private": 0, "password": null}