{"id": "gen9randomdoublesbattle-2537941565", "format": "[Gen 9] Random Doubles Battle", "players": ["Dunsparceismyhomie", "bbitg!!"], "log": "|j|☆Dunsparceismyhomie\n|j|☆bbitg!!\n|t:|1770866567\n|gametype|doubles\n|player|p1|Dunsparceismyhomie|170|1757\n|player|p2|bbitg!!|clown|1687\n|gen|9\n|tier|[Gen 9] Random Doubles Battle\n|rated|\n|rule|Species Clause: Limit one of each Pokémon\n|rule|HP Percentage Mod: HP is shown in percentages\n|rule|Illusion Level Mod: Illusion disguises the Pokémon's true level\n|rule|Sleep Clause Mod: Limit one foe put to sleep\n|\n|t:|1770866567\n|teamsize|p1|6\n|teamsize|p2|6\n|start\n|switch|p1a: Iron Valiant|Iron Valiant, L79|247/247\n|switch|p1b: Ludicolo|Ludicolo, L89, F|287/287\n|switch|p2a: Skarmory|Skarmory, L85, F|249/249\n|switch|p2b: Urshifu|Urshifu, L75, F|274/274\n|turn|1\n|inactive|Battle timer is ON: inactive players will automatically lose when time's up. (requested by Dunsparceismyhomie)\n|\n|t:|1770866598\n|switch|p2b: Arcanine|Arcanine, L82, M|282/282\n|-ability|p2b: Arcanine|Intimidate|boost\n|-unboost|p1a: Iron Valiant|atk|1\n|-unboost|p1b: Ludicolo|atk|1\n|move|p1b: Ludicolo|Fake Out|p2a: Skarmory\n|-resisted|p2a: Skarmory\n|-crit|p2a: Skarmory\n|-damage|p2a: Skarmory|235/249\n|move|p1a: Iron Valiant|Dazzling Gleam|p2a: Skarmory|[spread] p2a,p2b\n|-resisted|p2a: Skarmory\n|-resisted|p2b: Arcanine\n|-damage|p2a: Skarmory|182/249\n|-damage|p2b: Arcanine|231/282\n|-damage|p1a: Iron Valiant|223/247|[from] item: Life Orb\n|cant|p2a: Skarmory|flinch\n|\n|-heal|p2a: Skarmory|197/249|[from] item: Leftovers\n|upkeep\n|turn|2\n|inactive|bbitg!! has 120 seconds left.\n|\n|t:|1770866636\n|-end|p1a: Iron Valiant|Quark Drive|[silent]\n|switch|p1a: Jolteon|Jolteon, L85, M|249/249\n|switch|p2b: Dondozo|Dondozo, L85, M|394/394\n|move|p1b: Ludicolo|Hydro Pump|p2b: Dondozo|[miss]\n|-miss|p1b: Ludicolo|p2b: Dondozo\n|move|p2a: Skarmory|Tailwind|p2a: Skarmory\n|-sidestart|p2: bbitg!!|move: Tailwind\n|\n|-heal|p2a: Skarmory|212/249|[from] item: Leftovers\n|upkeep\n|turn|3\n|inactive|bbitg!! has 120 seconds left.\n|\n|t:|1770866678\n|move|p2a: Skarmory|Brave Bird|p1b: Ludicolo\n|-supereffective|p1b: Ludicolo\n|-damage|p1b: Ludicolo|9/287\n|-damage|p2a: Skarmory|120/249|[from] Recoil\n|move|p1a: Jolteon|Thunderbolt|p2a: Skarmory\n|-supereffective|p2a: Skarmory\n|-damage|p2a: Skarmory|0 fnt\n|faint|p2a: Skarmory\n|-damage|p1a: Jolteon|225/249|[from] item: Life Orb\n|move|p2b: Dondozo|Heavy Slam|p1a: Jolteon\n|-resisted|p1a: Jolteon\n|-damage|p1a: Jolteon|164/249\n|move|p1b: Ludicolo|Leaf Storm|p2b: Dondozo\n|-supereffective|p2b: Dondozo\n|-damage|p2b: Dondozo|134/394\n|-unboost|p1b: Ludicolo|spa|2\n|\n|upkeep\n|inactive|bbitg!! has 90 seconds left.\n|\n|t:|1770866703\n|switch|p2a: Cetitan|Cetitan, L83, M|418/418\n|turn|4\n|\n|t:|1770866712\n|switch|p1b: Milotic|Milotic, L81, F|287/287\n|move|p1a: Jolteon|Protect|p1a: Jolteon\n|-singleturn|p1a: Jolteon|Protect\n|move|p2a: Cetitan|High Horsepower|p1a: Jolteon\n|-activate|p1a: Jolteon|move: Protect\n|move|p2b: Dondozo|Body Press|p1b: Milotic\n|-damage|p1b: Milotic|207/287\n|\n|upkeep\n|turn|5\n|inactive|bbitg!! has 120 seconds left.\n|\n|t:|1770866734\n|switch|p1a: Arceus|Arceus-Bug, L74|300/300\n|move|p2a: Cetitan|High Horsepower|p1a: Arceus\n|-resisted|p1a: Arceus\n|-damage|p1a: Arceus|260/300\n|-damage|p2a: Cetitan|377/418|[from] item: Life Orb\n|move|p2b: Dondozo|Body Press|p1b: Milotic\n|-damage|p1b: Milotic|132/287\n|-enditem|p1b: Milotic|Sitrus Berry|[eat]\n|-heal|p1b: Milotic|203/287|[from] item: Sitrus Berry\n|move|p1b: Milotic|Scald|p2a: Cetitan\n|-damage|p2a: Cetitan|254/418\n|-status|p2a: Cetitan|brn\n|\n|-damage|p2a: Cetitan|228/418 brn|[from] brn\n|-sideend|p2: bbitg!!|move: Tailwind\n|upkeep\n|turn|6\n|inactive|bbitg!! has 120 seconds left.\n|\n|t:|1770866757\n|move|p1a: Arceus|Swords Dance|p1a: Arceus\n|-boost|p1a: Arceus|atk|2\n|move|p1b: Milotic|Scald|p2a: Cetitan\n|-damage|p2a: Cetitan|108/418 brn\n|move|p2a: Cetitan|Icicle Crash|p1a: Arceus\n|-damage|p1a: Arceus|190/300\n|move|p2b: Dondozo|Avalanche|p1a: Arceus\n|-damage|p1a: Arceus|149/300\n|\n|-damage|p2a: Cetitan|82/418 brn|[from] brn\n|upkeep\n|turn|7\n|inactive|bbitg!! has 120 seconds left.\n|\n|t:|1770866778\n|move|p1a: Arceus|X-Scissor|p2b: Dondozo\n|-damage|p2b: Dondozo|62/394\n|move|p1b: Milotic|Scald|p2a: Cetitan\n|-damage|p2a: Cetitan|0 fnt\n|faint|p2a: Cetitan\n|move|p2b: Dondozo|Avalanche|p1a: Arceus\n|-damage|p1a: Arceus|62/300\n|\n|upkeep\n|inactive|bbitg!! has 120 seconds left.\n|\n|t:|1770866800\n|switch|p2a: Arcanine|Arcanine, L82, M|231/282\n|-ability|p2a: Arcanine|Intimidate|boost\n|-unboost|p1a: Arceus|atk|1\n|-unboost|p1b: Milotic|atk|1\n|-ability|p1b: Milotic|Competitive|boost\n|-boost|p1b: Milotic|spa|2\n|turn|8\n|inactive|bbitg!! has 120 seconds left.\n|\n|t:|1770866822\n|-terastallize|p1a: Arceus|Normal\n|move|p1a: Arceus|Extreme Speed|p2b: Dondozo\n|-damage|p2b: Dondozo|1/394\n|move|p2a: Arcanine|Close Combat|p1b: Milotic\n|-damage|p1b: Milotic|105/287\n|-unboost|p2a: Arcanine|def|1\n|-unboost|p2a: Arcanine|spd|1\n|move|p1b: Milotic|Scald|p2a: Arcanine\n|-supereffective|p2a: Arcanine\n|-damage|p2a: Arcanine|0 fnt\n|faint|p2a: Arcanine\n|move|p2b: Dondozo|Body Press|p1b: Milotic\n|-damage|p1b: Milotic|23/287\n|\n|upkeep\n|\n|t:|1770866844\n|switch|p2a: Gholdengo|Gholdengo, L78|264/264\n|turn|9\n|c|☆Dunsparceismyhomie|Dondozo THICCC\n|inactive|bbitg!! has 120 seconds left.\n|\n|t:|1770866857\n|move|p2a: Gholdengo|Protect|p2a: Gholdengo\n|-singleturn|p2a: Gholdengo|Protect\n|move|p1a: Arceus|Stomping Tantrum|p2a: Gholdengo\n|-activate|p2a: Gholdengo|move: Protect\n|move|p1b: Milotic|Scald|p2b: Dondozo\n|-resisted|p2b: Dondozo\n|-damage|p2b: Dondozo|0 fnt\n|faint|p2b: Dondozo\n|\n|upkeep\n|\n|t:|1770866867\n|switch|p2b: Urshifu|Urshifu, L75, F|274/274\n|turn|10\n|\n|t:|1770866876\n|-terastallize|p2a: Gholdengo|Fairy\n|move|p2b: Urshifu|Protect|p2b: Urshifu\n|-singleturn|p2b: Urshifu|Protect\n|move|p1a: Arceus|Extreme Speed|p2b: Urshifu\n|-activate|p2b: Urshifu|move: Protect\n|move|p1b: Milotic|Recover|p1b: Milotic\n|-heal|p1b: Milotic|167/287\n|move|p2a: Gholdengo|Dazzling Gleam|p1a: Arceus|[spread] p1a,p1b\n|-damage|p1a: Arceus|0 fnt\n|-damage|p1b: Milotic|96/287\n|faint|p1a: Arceus\n|-damage|p2a: Gholdengo|238/264|[from] item: Life Orb\n|\n|upkeep\n|\n|t:|1770866881\n|switch|p1a: Ludicolo|Ludicolo, L89, F|9/287\n|turn|11\n|\n|t:|1770866898\n|move|p1a: Ludicolo|Fake Out|p2b: Urshifu\n|-damage|p2b: Urshifu|251/274\n|cant|p2b: Urshifu|flinch\n|move|p1b: Milotic|Scald|p2b: Urshifu\n|-damage|p2b: Urshifu|22/274\n|-status|p2b: Urshifu|brn\n|move|p2a: Gholdengo|Dazzling Gleam|p1a: Ludicolo|[spread] p1a,p1b\n|-damage|p1a: Ludicolo|0 fnt\n|-damage|p1b: Milotic|22/287\n|faint|p1a: Ludicolo\n|-damage|p2a: Gholdengo|212/264|[from] item: Life Orb\n|\n|-damage|p2b: Urshifu|5/274 brn|[from] brn\n|upkeep\n|\n|t:|1770866911\n|switch|p1a: Jolteon|Jolteon, L85, M|164/249\n|turn|12\n|\n|t:|1770866927\n|move|p2b: Urshifu|Sucker Punch||[still]\n|-fail|p2b: Urshifu\n|move|p1a: Jolteon|Thunderbolt|p2a: Gholdengo\n|-damage|p2a: Gholdengo|64/264\n|-damage|p1a: Jolteon|140/249|[from] item: Life Orb\n|move|p1b: Milotic|Recover|p1b: Milotic\n|-heal|p1b: Milotic|166/287\n|move|p2a: Gholdengo|Dazzling Gleam|p1b: Milotic|[spread] p1a,p1b\n|-damage|p1a: Jolteon|54/249\n|-damage|p1b: Milotic|88/287\n|-damage|p2a: Gholdengo|38/264|[from] item: Life Orb\n|\n|-damage|p2b: Urshifu|0 fnt|[from] brn\n|faint|p2b: Urshifu\n|upkeep\n|turn|13\n|-message|bbitg!! forfeited.\n|\n|win|Dunsparceismyhomie\n|raw|Dunsparceismyhomie's rating: 1757 &rarr; <strong>1773</strong><br />(+16 for winning)\n|raw|bbitg!!'s rating: 1687 &rarr; <strong>1671</strong><br />(-16 for losing)\n|l|☆bbitg!!\n|player|p2|\n", "inputlog": ">version ccdc32dd7cde25fd9e4bed64820e885f66e78a4e\n>start {\"formatid\":\"gen9randomdoublesbattle\",\"seed\":\"sodium,6b093db5b873c74528aadf32c724fd94\",\"rated\":\"Rated battle\"}\n>player p1 {\"name\":\"Dunsparceismyhomie\",\"avatar\":\"170\",\"rating\":1757,\"seed\":\"sodium,1e9608d32038c62ce512e03ad9e7fba8\"}\n>player p2 {\"name\":\"bbitg!!\",\"avatar\":\"clown\",\"rating\":1687,\"seed\":\"sodium,056b1a95d8335e3ca9072f97e8826a1e\"}\n>p1 move dazzlinggleam, move fakeout +1\n>p2 move tailwind, switch 6\n>p1 switch 5, move hydropump +2\n>p2 move tailwind, switch 5\n>p1 move thunderbolt +1, move leafstorm +2\n>p2 move bravebird +2, move heavyslam +1\n>p2 switch 3, pass\n>p1 move protect, switch 6\n>p2 move highhorsepower +1, move bodypress +2\n>p1 switch 4, move scald +1\n>p2 move highhorsepower +1, move bodypress +2\n>p1 move swordsdance, move scald +1\n>p2 move iciclecrash +1, move avalanche +1\n>p1 move xscissor +2, move scald +1\n>p2 move iciclecrash +1, move avalanche +1\n>p2 switch 5, pass\n>p1 move extremespeed +2 terastallize, move scald +1\n>p2 move closecombat +2, move bodypress +2\n>p2 switch 4, pass\n>chat ☆Dunsparceismyhomie|Dondozo THICCC\n>p1 move stompingtantrum +1, move scald +2\n>p2 move protect, move wavecrash +1\n>p2 pass, switch 6\n>p1 move extremespeed +2, move recover\n>p2 move dazzlinggleam terastallize, move protect\n>p1 switch 6, pass\n>p1 move fakeout +2, move scald +2\n>p2 move dazzlinggleam, move wickedblow +2\n>p1 switch 4, pass\n>p1 move thunderbolt +1, move recover\n>p2 move dazzlinggleam, move suckerpunch +2\n>forcelose p2", "uploadtime": 1770866939, "views": 86, "formatid": "gen9randomdoublesbattle", "rating": 1671, "private": 0, "password": null}