{"id": "gen9randomdoublesbattle-2537754612", "format": "[Gen 9] Random Doubles Battle", "players": ["ILoveTrump2028", "cefb2000"], "log": "|j|☆ILoveTrump2028\n|j|☆cefb2000\n|t:|1770844813\n|gametype|doubles\n|player|p1|ILoveTrump2028|102|1687\n|player|p2|cefb2000|101|1857\n|gen|9\n|tier|[Gen 9] Random Doubles Battle\n|rated|\n|rule|Species Clause: Limit one of each Pokémon\n|rule|HP Percentage Mod: HP is shown in percentages\n|rule|Illusion Level Mod: Illusion disguises the Pokémon's true level\n|rule|Sleep Clause Mod: Limit one foe put to sleep\n|\n|t:|1770844813\n|teamsize|p1|6\n|teamsize|p2|6\n|start\n|switch|p1a: Hydrapple|Hydrapple, L85, M|319/319\n|switch|p1b: Ludicolo|Ludicolo, L89, F|287/287\n|switch|p2a: Golurk|Golurk, L86|293/293\n|switch|p2b: Thundurus|Thundurus, L79, M|254/254\n|turn|1\n|\n|t:|1770844856\n|move|p2b: Thundurus|Nasty Plot|p2b: Thundurus\n|-boost|p2b: Thundurus|spa|2\n|move|p1b: Ludicolo|Muddy Water|p2b: Thundurus|[spread] p2a,p2b\n|-supereffective|p2a: Golurk\n|-damage|p2a: Golurk|158/293\n|-damage|p2b: Thundurus|141/254\n|-unboost|p2b: Thundurus|accuracy|1\n|-ability|p2b: Thundurus|Defiant|boost\n|-boost|p2b: Thundurus|atk|2\n|-damage|p1b: Ludicolo|259/287|[from] item: Life Orb\n|move|p2a: Golurk|Dynamic Punch|p1a: Hydrapple\n|-damage|p1a: Hydrapple|250/319\n|-start|p1a: Hydrapple|confusion\n|-activate|p1a: Hydrapple|confusion\n|move|p1a: Hydrapple|Fickle Beam|p2b: Thundurus\n|-damage|p2b: Thundurus|20/254\n|\n|upkeep\n|turn|2\n|inactive|Battle timer is ON: inactive players will automatically lose when time's up. (requested by ILoveTrump2028)\n|inactive|cefb2000 has 120 seconds left.\n|\n|t:|1770844893\n|move|p2b: Thundurus|Wildbolt Storm|p1a: Hydrapple|[spread] p1a,p1b\n|-resisted|p1a: Hydrapple\n|-damage|p1a: Hydrapple|208/319\n|-damage|p1b: Ludicolo|80/287\n|-damage|p2b: Thundurus|0 fnt|[from] item: Life Orb\n|faint|p2b: Thundurus\n|move|p1b: Ludicolo|Rain Dance|p1b: Ludicolo\n|-weather|RainDance\n|move|p2a: Golurk|Poltergeist|p1a: Hydrapple\n|-activate|p1a: Hydrapple|move: Poltergeist|Assault Vest\n|-damage|p1a: Hydrapple|90/319\n|-activate|p1a: Hydrapple|confusion\n|move|p1a: Hydrapple|Fickle Beam|p2a: Golurk\n|-damage|p2a: Golurk|77/293\n|\n|-weather|RainDance|[upkeep]\n|upkeep\n|\n|t:|1770844909\n|switch|p2b: Vigoroth|Vigoroth, L91, F|293/293\n|turn|3\n|\n|t:|1770844924\n|switch|p2a: Blissey|Blissey, L96, F|645/645\n|switch|p1a: Uxie|Uxie, L85|266/266\n|move|p1b: Ludicolo|Muddy Water|p2a: Blissey|[spread] p2a\n|-miss|p1b: Ludicolo|p2b: Vigoroth\n|-damage|p2a: Blissey|559/645\n|-unboost|p2a: Blissey|accuracy|1\n|-damage|p1b: Ludicolo|52/287|[from] item: Life Orb\n|move|p2b: Vigoroth|Icy Wind|p1a: Uxie|[spread] p1a,p1b\n|-damage|p1a: Uxie|247/266\n|-damage|p1b: Ludicolo|34/287\n|-unboost|p1a: Uxie|spe|1\n|-unboost|p1b: Ludicolo|spe|1\n|\n|-weather|RainDance|[upkeep]\n|upkeep\n|turn|4\n|inactive|cefb2000 has 120 seconds left.\n|\n|t:|1770844959\n|move|p1b: Ludicolo|Muddy Water|p2b: Vigoroth|[spread] p2b\n|-miss|p1b: Ludicolo|p2a: Blissey\n|-damage|p2b: Vigoroth|163/293\n|-damage|p1b: Ludicolo|6/287|[from] item: Life Orb\n|move|p2b: Vigoroth|Icy Wind|p1b: Ludicolo|[spread] p1a,p1b\n|-damage|p1a: Uxie|229/266\n|-damage|p1b: Ludicolo|0 fnt\n|-unboost|p1a: Uxie|spe|1\n|faint|p1b: Ludicolo\n|move|p2a: Blissey|Thunder Wave|p1a: Uxie|[miss]\n|-miss|p2a: Blissey|p1a: Uxie\n|move|p1a: Uxie|Stealth Rock|p2a: Blissey\n|-sidestart|p2: cefb2000|move: Stealth Rock\n|\n|-weather|RainDance|[upkeep]\n|upkeep\n|\n|t:|1770844977\n|switch|p1b: Excadrill|Excadrill, L82, M|315/315\n|-ability|p1b: Excadrill|Mold Breaker\n|turn|5\n|inactive|cefb2000 has 120 seconds left.\n|\n|t:|1770845003\n|move|p2b: Vigoroth|Icy Wind|p1b: Excadrill|[spread] p1b\n|-miss|p2b: Vigoroth|p1a: Uxie\n|-damage|p1b: Excadrill|295/315\n|-unboost|p1b: Excadrill|spe|1\n|move|p2a: Blissey|Life Dew|p2a: Blissey|[spread] p2a,p2b\n|-heal|p2a: Blissey|645/645\n|-heal|p2b: Vigoroth|236/293\n|move|p1b: Excadrill|Iron Head|p2a: Blissey\n|-damage|p2a: Blissey|392/645\n|move|p1a: Uxie|Mystical Power|p2b: Vigoroth\n|-damage|p2b: Vigoroth|185/293\n|-boost|p1a: Uxie|spa|1\n|\n|-weather|RainDance|[upkeep]\n|upkeep\n|turn|6\n|inactive|cefb2000 has 120 seconds left.\n|\n|t:|1770845033\n|move|p2b: Vigoroth|Knock Off|p1a: Uxie\n|-supereffective|p1a: Uxie\n|-damage|p1a: Uxie|133/266\n|-enditem|p1a: Uxie|Sitrus Berry|[from] move: Knock Off|[of] p2b: Vigoroth\n|move|p2a: Blissey|Life Dew|p2a: Blissey|[spread] p2a,p2b\n|-heal|p2a: Blissey|553/645\n|-heal|p2b: Vigoroth|258/293\n|move|p1b: Excadrill|Iron Head|p2a: Blissey\n|-damage|p2a: Blissey|285/645\n|-enditem|p2a: Blissey|Sitrus Berry|[eat]\n|-heal|p2a: Blissey|446/645|[from] item: Sitrus Berry\n|move|p1a: Uxie|Mystical Power|p2b: Vigoroth\n|-damage|p2b: Vigoroth|171/293\n|-boost|p1a: Uxie|spa|1\n|\n|-weather|none\n|upkeep\n|turn|7\n|inactive|cefb2000 has 120 seconds left.\n|\n|t:|1770845068\n|move|p2b: Vigoroth|Body Slam|p1a: Uxie\n|-damage|p1a: Uxie|69/266\n|move|p2a: Blissey|Life Dew|p2a: Blissey|[spread] p2a,p2b\n|-heal|p2a: Blissey|607/645\n|-heal|p2b: Vigoroth|244/293\n|move|p1b: Excadrill|Iron Head|p2a: Blissey\n|-damage|p2a: Blissey|324/645\n|move|p1a: Uxie|Mystical Power|p2b: Vigoroth\n|-damage|p2b: Vigoroth|138/293\n|-boost|p1a: Uxie|spa|1\n|\n|upkeep\n|turn|8\n|inactive|cefb2000 has 120 seconds left.\n|\n|t:|1770845089\n|move|p2b: Vigoroth|Knock Off|p1a: Uxie\n|-supereffective|p1a: Uxie\n|-damage|p1a: Uxie|1/266\n|move|p2a: Blissey|Life Dew|p2a: Blissey|[spread] p2a,p2b\n|-heal|p2a: Blissey|485/645\n|-heal|p2b: Vigoroth|211/293\n|move|p1b: Excadrill|High Horsepower|p2a: Blissey|[miss]\n|-miss|p1b: Excadrill|p2a: Blissey\n|move|p1a: Uxie|Mystical Power|p2b: Vigoroth\n|-damage|p2b: Vigoroth|72/293\n|-boost|p1a: Uxie|spa|1\n|\n|upkeep\n|turn|9\n|\n|t:|1770845106\n|move|p2b: Vigoroth|Icy Wind|p1a: Uxie|[spread] p1a,p1b\n|-damage|p1a: Uxie|0 fnt\n|-damage|p1b: Excadrill|276/315\n|-unboost|p1b: Excadrill|spe|1\n|faint|p1a: Uxie\n|move|p2a: Blissey|Life Dew|p2a: Blissey|[spread] p2a,p2b\n|-heal|p2a: Blissey|645/645\n|-heal|p2b: Vigoroth|145/293\n|move|p1b: Excadrill|High Horsepower|p2a: Blissey\n|-damage|p2a: Blissey|335/645\n|\n|upkeep\n|\n|t:|1770845110\n|switch|p1a: Dugtrio|Dugtrio-Alola, L89, F|207/207\n|turn|10\n|\n|t:|1770845125\n|move|p1a: Dugtrio|Stomping Tantrum|p2b: Vigoroth\n|-damage|p2b: Vigoroth|70/293\n|-damage|p1a: Dugtrio|187/207|[from] item: Life Orb\n|move|p2b: Vigoroth|Icy Wind|p1a: Dugtrio|[spread] p1a,p1b\n|-damage|p1a: Dugtrio|163/207\n|-damage|p1b: Excadrill|257/315\n|-unboost|p1a: Dugtrio|spe|1\n|-unboost|p1b: Excadrill|spe|1\n|move|p2a: Blissey|Life Dew|p2a: Blissey|[spread] p2a,p2b\n|-heal|p2a: Blissey|496/645\n|-heal|p2b: Vigoroth|143/293\n|move|p1b: Excadrill|High Horsepower|p2b: Vigoroth\n|-damage|p2b: Vigoroth|61/293\n|\n|upkeep\n|turn|11\n|inactive|cefb2000 has 120 seconds left.\n|\n|t:|1770845156\n|move|p2b: Vigoroth|Knock Off|p1a: Dugtrio\n|-damage|p1a: Dugtrio|81/207\n|-ability|p1a: Dugtrio|Tangling Hair\n|-unboost|p2b: Vigoroth|spe|1\n|-enditem|p1a: Dugtrio|Life Orb|[from] move: Knock Off|[of] p2b: Vigoroth\n|move|p1a: Dugtrio|Stomping Tantrum|p2a: Blissey\n|-crit|p2a: Blissey\n|-damage|p2a: Blissey|127/645\n|move|p2a: Blissey|Life Dew|p2a: Blissey|[spread] p2a,p2b\n|-heal|p2a: Blissey|288/645\n|-heal|p2b: Vigoroth|134/293\n|move|p1b: Excadrill|High Horsepower|p2a: Blissey\n|-damage|p2a: Blissey|0 fnt\n|faint|p2a: Blissey\n|\n|upkeep\n|inactive|cefb2000 has 120 seconds left.\n|\n|t:|1770845174\n|switch|p2a: Overqwil|Overqwil, L82, F|274/274\n|-damage|p2a: Overqwil|240/274|[from] Stealth Rock\n|-ability|p2a: Overqwil|Intimidate|boost\n|-unboost|p1a: Dugtrio|atk|1\n|-unboost|p1b: Excadrill|atk|1\n|turn|12\n|\n|t:|1770845189\n|move|p2a: Overqwil|Liquidation|p1a: Dugtrio\n|-supereffective|p1a: Dugtrio\n|-damage|p1a: Dugtrio|0 fnt\n|-ability|p1a: Dugtrio|Tangling Hair\n|-unboost|p2a: Overqwil|spe|1\n|faint|p1a: Dugtrio\n|-damage|p2a: Overqwil|213/274|[from] item: Life Orb\n|move|p2b: Vigoroth|Knock Off|p1b: Excadrill\n|-damage|p1b: Excadrill|171/315\n|-enditem|p1b: Excadrill|Assault Vest|[from] move: Knock Off|[of] p2b: Vigoroth\n|move|p1b: Excadrill|High Horsepower|p2a: Overqwil\n|-supereffective|p2a: Overqwil\n|-damage|p2a: Overqwil|39/274\n|\n|upkeep\n|\n|t:|1770845193\n|switch|p1a: Regieleki|Regieleki, L79|256/256\n|turn|13\n|inactive|cefb2000 has 120 seconds left.\n|\n|t:|1770845243\n|switch|p2a: Golurk|Golurk, L86|77/293\n|-damage|p2a: Golurk|59/293|[from] Stealth Rock\n|move|p1a: Regieleki|Electroweb|p2a: Golurk|[spread] p2b\n|-immune|p2a: Golurk\n|-damage|p2b: Vigoroth|79/293\n|-unboost|p2b: Vigoroth|spe|1\n|move|p2b: Vigoroth|Icy Wind|p1a: Regieleki|[spread] p1a,p1b\n|-damage|p1a: Regieleki|220/256\n|-damage|p1b: Excadrill|143/315\n|-unboost|p1a: Regieleki|spe|1\n|-unboost|p1b: Excadrill|spe|1\n|move|p1b: Excadrill|High Horsepower|p2b: Vigoroth|[miss]\n|-miss|p1b: Excadrill|p2b: Vigoroth\n|\n|upkeep\n|turn|14\n|inactive|cefb2000 has 120 seconds left.\n|inactive|ILoveTrump2028 has 120 seconds left.\n|inactive|cefb2000 has 90 seconds left.\n|\n|t:|1770845298\n|-terastallize|p1a: Regieleki|Ice\n|move|p1a: Regieleki|Tera Blast|p2a: Golurk|[anim] Tera Blast Ice\n|-supereffective|p2a: Golurk\n|-damage|p2a: Golurk|0 fnt\n|faint|p2a: Golurk\n|move|p2b: Vigoroth|Body Slam|p1a: Regieleki\n|-damage|p1a: Regieleki|82/256\n|move|p1b: Excadrill|High Horsepower|p2b: Vigoroth\n|-damage|p2b: Vigoroth|24/293\n|\n|upkeep\n|\n|t:|1770845306\n|switch|p2a: Overqwil|Overqwil, L82, F|39/274\n|-damage|p2a: Overqwil|5/274|[from] Stealth Rock\n|-ability|p2a: Overqwil|Intimidate|boost\n|-unboost|p1a: Regieleki|atk|1\n|-unboost|p1b: Excadrill|atk|1\n|turn|15\n|\n|t:|1770845324\n|switch|p1b: Hydrapple|Hydrapple, L85, M|196/319\n|move|p1a: Regieleki|Electroweb|p2a: Overqwil|[spread] p2a,p2b\n|-damage|p2a: Overqwil|0 fnt\n|-damage|p2b: Vigoroth|0 fnt\n|faint|p2a: Overqwil\n|faint|p2b: Vigoroth\n|\n|upkeep\n|\n|t:|1770845330\n|switch|p2b: Rabsca|Rabsca, L87, M|272/272\n|-damage|p2b: Rabsca|204/272|[from] Stealth Rock\n|turn|16\n|inactive|cefb2000 has 90 seconds left.\n|\n|t:|1770845364\n|-terastallize|p2b: Rabsca|Steel\n|move|p1a: Regieleki|Thunderbolt|p2b: Rabsca\n|-damage|p2b: Rabsca|95/272\n|-enditem|p2b: Rabsca|Sitrus Berry|[eat]\n|-heal|p2b: Rabsca|163/272|[from] item: Sitrus Berry\n|move|p1b: Hydrapple|Fickle Beam|p2b: Rabsca\n|-resisted|p2b: Rabsca\n|-damage|p2b: Rabsca|114/272\n|move|p2b: Rabsca|Revival Blessing|p2b: Rabsca\n|inactive|cefb2000 has 90 seconds left.\n|inactive|cefb2000 has 60 seconds left.\n|\n|t:|1770845401\n|-heal|p2: Vigoroth|146/293|[from] move: Revival Blessing\n|\n|upkeep\n|\n|t:|1770845403\n|switch|p2a: Vigoroth|Vigoroth, L91, F|146/293\n|-damage|p2a: Vigoroth|110/293|[from] Stealth Rock\n|turn|17\n|\n|t:|1770845421\n|move|p1a: Regieleki|Electroweb|p2b: Rabsca|[spread] p2a,p2b\n|-damage|p2a: Vigoroth|61/293\n|-damage|p2b: Rabsca|63/272\n|-unboost|p2a: Vigoroth|spe|1\n|-unboost|p2b: Rabsca|spe|1\n|move|p2a: Vigoroth|Icy Wind|p1b: Hydrapple|[spread] p1a,p1b\n|-resisted|p1a: Regieleki\n|-supereffective|p1b: Hydrapple\n|-damage|p1a: Regieleki|63/256\n|-damage|p1b: Hydrapple|128/319\n|-unboost|p1a: Regieleki|spe|1\n|-unboost|p1b: Hydrapple|spe|1\n|move|p1b: Hydrapple|Earth Power|p2b: Rabsca\n|-supereffective|p2b: Rabsca\n|-damage|p2b: Rabsca|0 fnt\n|faint|p2b: Rabsca\n|\n|upkeep\n|turn|18\n|-message|cefb2000 forfeited.\n|\n|win|ILoveTrump2028\n|raw|ILoveTrump2028's rating: 1687 &rarr; <strong>1716</strong><br />(+29 for winning)\n|raw|cefb2000's rating: 1857 &rarr; <strong>1828</strong><br />(-29 for losing)\n|l|☆cefb2000\n|player|p2|\n", "inputlog": ">version ccdc32dd7cde25fd9e4bed64820e885f66e78a4e\n>start {\"formatid\":\"gen9randomdoublesbattle\",\"seed\":\"sodium,51e4178db177c1fa6053316f669c283d\",\"rated\":\"Rated battle\"}\n>player p1 {\"name\":\"ILoveTrump2028\",\"avatar\":\"102\",\"rating\":1687,\"seed\":\"sodium,c038c4e140032833e7592e08d3b556d5\"}\n>player p2 {\"name\":\"cefb2000\",\"avatar\":\"101\",\"rating\":1857,\"seed\":\"sodium,83ffd6983bda0fd1bce6b55c0c0e4adf\"}\n>p1 move ficklebeam +2, move muddywater\n>p2 move dynamicpunch +1, move nastyplot\n>p1 move ficklebeam +2, move raindance\n>p2 move poltergeist +1, move wildboltstorm\n>p2 pass, switch 6\n>p1 switch 6, move muddywater\n>p2 switch 3, move icywind\n>p1 move stealthrock, move muddywater\n>p2 move thunderwave +1, move icywind\n>p1 pass, switch 5\n>p1 move mysticalpower +2, move ironhead +1\n>p2 move lifedew, move icywind\n>p1 move mysticalpower +2, move ironhead +1\n>p2 move lifedew, move knockoff +1\n>p1 move mysticalpower +2, move ironhead +1\n>p2 move lifedew, move bodyslam +1\n>p1 move mysticalpower +2, move highhorsepower +1\n>p2 move lifedew, move knockoff +1\n>p1 move mysticalpower +2, move highhorsepower +1\n>p2 move lifedew, move icywind\n>p1 switch 3, pass\n>p1 move stompingtantrum +2, move highhorsepower +2\n>p2 move lifedew, move icywind\n>p1 move stompingtantrum +1, move highhorsepower +1\n>p2 move lifedew, move knockoff +1\n>p2 switch 4, pass\n>p1 move stompingtantrum +1, move highhorsepower +1\n>p2 move liquidation +1, move knockoff +2\n>p1 switch 4, pass\n>p1 move electroweb, move highhorsepower +2\n>p2 switch 3, move icywind\n>p1 move terablast +1 terastallize, move highhorsepower +2\n>p2 move dynamicpunch +2, move bodyslam +1\n>p2 switch 3, pass\n>p1 move electroweb, switch 6\n>p2 move liquidation +1, move icywind\n>p2 pass, switch 5\n>p1 move thunderbolt +2, move ficklebeam +2\n>p2 pass, move revivalblessing terastallize\n>p2 pass, switch 5\n>p2 switch 5, pass\n>p1 move electroweb, move earthpower +2\n>p2 move icywind, move strugglebug\n>forcelose p2", "uploadtime": 1770845435, "views": 67, "formatid": "gen9randomdoublesbattle", "rating": 1716, "private": 0, "password": null}