{"id": "gen9randomdoublesbattle-2539869319", "format": "[Gen 9] Random Doubles Battle", "players": ["Showdownkween", "JAMAICA PAPI"], "log": "|j|☆Showdownkween\n|j|☆JAMAICA PAPI\n|t:|1771120002\n|gametype|doubles\n|player|p1|Showdownkween|beauty|1796\n|player|p2|JAMAICA PAPI|plasmagrunt|1939\n|gen|9\n|tier|[Gen 9] Random Doubles Battle\n|rated|\n|rule|Species Clause: Limit one of each Pokémon\n|rule|HP Percentage Mod: HP is shown in percentages\n|rule|Illusion Level Mod: Illusion disguises the Pokémon's true level\n|rule|Sleep Clause Mod: Limit one foe put to sleep\n|\n|t:|1771120002\n|teamsize|p1|6\n|teamsize|p2|6\n|start\n|switch|p1a: Espathra|Espathra, L83, F|293/293\n|switch|p1b: Blissey|Blissey, L96, F|645/645\n|switch|p2a: Lugia|Lugia, L71|268/268\n|switch|p2b: Hippowdon|Hippowdon, L86, F|326/326\n|-weather|Sandstorm|[from] ability: Sand Stream|[of] p2b: Hippowdon\n|turn|1\n|\n|t:|1771120034\n|move|p1a: Espathra|Protect|p1a: Espathra\n|-singleturn|p1a: Espathra|Protect\n|move|p2a: Lugia|Calm Mind|p2a: Lugia\n|-boost|p2a: Lugia|spa|1\n|-boost|p2a: Lugia|spd|1\n|move|p1b: Blissey|Thunder Wave|p2a: Lugia\n|-status|p2a: Lugia|par\n|move|p2b: Hippowdon|High Horsepower|p1b: Blissey|[miss]\n|-miss|p2b: Hippowdon|p1b: Blissey\n|\n|-weather|Sandstorm|[upkeep]\n|-damage|p1a: Espathra|275/293|[from] Sandstorm\n|-damage|p1b: Blissey|605/645|[from] Sandstorm\n|-damage|p2a: Lugia|252/268 par|[from] Sandstorm\n|-heal|p2a: Lugia|268/268 par|[from] item: Leftovers\n|-ability|p1a: Espathra|Speed Boost|boost\n|-boost|p1a: Espathra|spe|1\n|upkeep\n|turn|2\n|\n|t:|1771120056\n|move|p1a: Espathra|Lumina Crash|p2a: Lugia\n|-resisted|p2a: Lugia\n|-damage|p2a: Lugia|254/268 par\n|-unboost|p2a: Lugia|spd|2\n|-damage|p1a: Espathra|246/293|[from] item: Life Orb\n|move|p1b: Blissey|Hyper Voice|p2a: Lugia|[spread] p2a,p2b\n|-damage|p2a: Lugia|173/268 par\n|-damage|p2b: Hippowdon|238/326\n|move|p2b: Hippowdon|High Horsepower|p1b: Blissey\n|-damage|p1b: Blissey|281/645\n|-enditem|p1b: Blissey|Sitrus Berry|[eat]\n|-heal|p1b: Blissey|442/645|[from] item: Sitrus Berry\n|cant|p2a: Lugia|par\n|\n|-weather|Sandstorm|[upkeep]\n|-damage|p1a: Espathra|228/293|[from] Sandstorm\n|-damage|p1b: Blissey|402/645|[from] Sandstorm\n|-damage|p2a: Lugia|157/268 par|[from] Sandstorm\n|-heal|p2b: Hippowdon|258/326|[from] item: Leftovers\n|-heal|p2a: Lugia|173/268 par|[from] item: Leftovers\n|-ability|p1a: Espathra|Speed Boost|boost\n|-boost|p1a: Espathra|spe|1\n|upkeep\n|turn|3\n|\n|t:|1771120078\n|move|p1a: Espathra|Lumina Crash|p2b: Hippowdon\n|-damage|p2b: Hippowdon|120/326\n|-unboost|p2b: Hippowdon|spd|2\n|-damage|p1a: Espathra|199/293|[from] item: Life Orb\n|move|p1b: Blissey|Hyper Voice|p2b: Hippowdon|[spread] p2a,p2b\n|-damage|p2a: Lugia|94/268 par\n|-damage|p2b: Hippowdon|0 fnt\n|faint|p2b: Hippowdon\n|cant|p2a: Lugia|par\n|\n|-weather|Sandstorm|[upkeep]\n|-damage|p1a: Espathra|181/293|[from] Sandstorm\n|-damage|p1b: Blissey|362/645|[from] Sandstorm\n|-damage|p2a: Lugia|78/268 par|[from] Sandstorm\n|-heal|p2a: Lugia|94/268 par|[from] item: Leftovers\n|-ability|p1a: Espathra|Speed Boost|boost\n|-boost|p1a: Espathra|spe|1\n|upkeep\n|inactive|Battle timer is ON: inactive players will automatically lose when time's up. (requested by Showdownkween)\n|\n|t:|1771120090\n|switch|p2b: Coalossal|Coalossal, L90, M|344/344\n|turn|4\n|\n|t:|1771120102\n|move|p1a: Espathra|Lumina Crash|p2b: Coalossal\n|-damage|p2b: Coalossal|273/344\n|-unboost|p2b: Coalossal|spd|2\n|-damage|p1a: Espathra|152/293|[from] item: Life Orb\n|move|p1b: Blissey|Soft-Boiled|p1b: Blissey\n|-heal|p1b: Blissey|645/645\n|move|p2b: Coalossal|Stealth Rock|p1b: Blissey\n|-sidestart|p1: Showdownkween|move: Stealth Rock\n|cant|p2a: Lugia|par\n|\n|-weather|Sandstorm|[upkeep]\n|-damage|p1a: Espathra|134/293|[from] Sandstorm\n|-damage|p1b: Blissey|605/645|[from] Sandstorm\n|-damage|p2a: Lugia|78/268 par|[from] Sandstorm\n|-heal|p2a: Lugia|94/268 par|[from] item: Leftovers\n|-ability|p1a: Espathra|Speed Boost|boost\n|-boost|p1a: Espathra|spe|1\n|upkeep\n|turn|5\n|\n|t:|1771120131\n|move|p1a: Espathra|Baton Pass|p1a: Espathra\n|\n|t:|1771120132\n|switch|p1a: Skeledirge|Skeledirge, L80, F|298/298|[from] Baton Pass\n|-damage|p1a: Skeledirge|224/298|[from] Stealth Rock\n|move|p1b: Blissey|Hyper Voice|p2b: Coalossal|[spread] p2a,p2b\n|-crit|p2a: Lugia\n|-resisted|p2b: Coalossal\n|-damage|p2a: Lugia|0 fnt\n|-damage|p2b: Coalossal|226/344\n|faint|p2a: Lugia\n|move|p2b: Coalossal|Fire Blast|p1a: Skeledirge|[miss]\n|-miss|p2b: Coalossal|p1a: Skeledirge\n|\n|-weather|none\n|-heal|p1a: Skeledirge|242/298|[from] item: Leftovers\n|upkeep\n|\n|t:|1771120142\n|switch|p2a: Cramorant|Cramorant, L86, M|261/261\n|turn|6\n|\n|t:|1771120163\n|switch|p2b: Luvdisc|Luvdisc, M|248/248\n|move|p1a: Skeledirge|Shadow Ball|p2b: Luvdisc\n|-damage|p2b: Luvdisc|154/248\n|move|p2a: Cramorant|Surf|p1a: Skeledirge|[spread] p2b,p1a,p1b\n|-formechange|p2a: Cramorant|Cramorant-Gulping|\n|-resisted|p2b: Luvdisc\n|-supereffective|p1a: Skeledirge\n|-crit|p1a: Skeledirge\n|-damage|p2b: Luvdisc|120/248\n|-damage|p1a: Skeledirge|6/298\n|-damage|p1b: Blissey|560/645\n|-enditem|p2b: Luvdisc|Sitrus Berry|[eat]\n|-heal|p2b: Luvdisc|182/248|[from] item: Sitrus Berry\n|move|p1b: Blissey|Thunder Wave|p2a: Cramorant\n|-status|p2a: Cramorant|par\n|\n|-heal|p1a: Skeledirge|24/298|[from] item: Leftovers\n|upkeep\n|turn|7\n|\n|t:|1771120184\n|move|p1a: Skeledirge|Protect|p1a: Skeledirge\n|-singleturn|p1a: Skeledirge|Protect\n|move|p2b: Luvdisc|Hydro Pump|p1a: Skeledirge\n|-activate|p1a: Skeledirge|move: Protect\n|move|p1b: Blissey|Hyper Voice|p2b: Luvdisc|[spread] p2a,p2b\n|-damage|p2a: Cramorant|186/261 par\n|-damage|p2b: Luvdisc|109/248\n|-damage|p1b: Blissey|399/645|[from] ability: Gulp Missile|[of] p2a: Cramorant\n|-unboost|p1b: Blissey|def|1\n|-formechange|p2a: Cramorant|Cramorant|\n|move|p2a: Cramorant|Tailwind|p2a: Cramorant\n|-sidestart|p2: JAMAICA PAPI|move: Tailwind\n|\n|-heal|p1a: Skeledirge|42/298|[from] item: Leftovers\n|upkeep\n|turn|8\n|\n|t:|1771120207\n|move|p2b: Luvdisc|Endeavor|p1b: Blissey\n|-damage|p1b: Blissey|109/645\n|move|p1a: Skeledirge|Shadow Ball|p2b: Luvdisc\n|-crit|p2b: Luvdisc\n|-damage|p2b: Luvdisc|0 fnt\n|faint|p2b: Luvdisc\n|cant|p2a: Cramorant|par\n|move|p1b: Blissey|Hyper Voice|p2a: Cramorant\n|-crit|p2a: Cramorant\n|-damage|p2a: Cramorant|41/261 par\n|-enditem|p2a: Cramorant|Sitrus Berry|[eat]\n|-heal|p2a: Cramorant|106/261 par|[from] item: Sitrus Berry\n|\n|-heal|p1a: Skeledirge|60/298|[from] item: Leftovers\n|upkeep\n|\n|t:|1771120218\n|switch|p2b: Bellibolt|Bellibolt, L81, F|309/309\n|turn|9\n|\n|t:|1771120235\n|move|p1a: Skeledirge|Shadow Ball|p2a: Cramorant\n|-damage|p2a: Cramorant|33/261 par\n|move|p2b: Bellibolt|Electroweb|p1a: Skeledirge|[spread] p1a,p1b\n|-damage|p1a: Skeledirge|9/298\n|-damage|p1b: Blissey|82/645\n|-unboost|p1a: Skeledirge|spe|1\n|-unboost|p1b: Blissey|spe|1\n|move|p2a: Cramorant|Surf|p1a: Skeledirge|[spread] p2b,p1a,p1b\n|-formechange|p2a: Cramorant|Cramorant-Gorging|\n|-supereffective|p1a: Skeledirge\n|-damage|p2b: Bellibolt|239/309\n|-damage|p1a: Skeledirge|0 fnt\n|-damage|p1b: Blissey|43/645\n|-start|p2b: Bellibolt|Charge|Surf|[from] ability: Electromorphosis\n|faint|p1a: Skeledirge\n|move|p1b: Blissey|Soft-Boiled|p1b: Blissey\n|-heal|p1b: Blissey|366/645\n|\n|upkeep\n|\n|t:|1771120247\n|switch|p1a: Espathra|Espathra, L83, F|134/293\n|-damage|p1a: Espathra|98/293|[from] Stealth Rock\n|turn|10\n|\n|t:|1771120255\n|move|p1a: Espathra|Protect|p1a: Espathra\n|-singleturn|p1a: Espathra|Protect\n|move|p2b: Bellibolt|Electroweb|p1b: Blissey|[spread] p1b\n|-activate|p1a: Espathra|move: Protect\n|-damage|p1b: Blissey|311/645\n|-unboost|p1b: Blissey|spe|1\n|-end|p2b: Bellibolt|Charge|[silent]\n|cant|p2a: Cramorant|par\n|move|p1b: Blissey|Soft-Boiled|p1b: Blissey\n|-heal|p1b: Blissey|634/645\n|\n|-sideend|p2: JAMAICA PAPI|move: Tailwind\n|-ability|p1a: Espathra|Speed Boost|boost\n|-boost|p1a: Espathra|spe|1\n|upkeep\n|turn|11\n|\n|t:|1771120274\n|move|p2a: Cramorant|Protect|p2a: Cramorant\n|-singleturn|p2a: Cramorant|Protect\n|move|p1a: Espathra|Dazzling Gleam|p2b: Bellibolt|[spread] p2b\n|-activate|p2a: Cramorant|move: Protect\n|-crit|p2b: Bellibolt\n|-damage|p2b: Bellibolt|144/309\n|-start|p2b: Bellibolt|Charge|Dazzling Gleam|[from] ability: Electromorphosis\n|-enditem|p2b: Bellibolt|Sitrus Berry|[eat]\n|-heal|p2b: Bellibolt|221/309|[from] item: Sitrus Berry\n|-damage|p1a: Espathra|69/293|[from] item: Life Orb\n|move|p2b: Bellibolt|Thunderbolt|p1a: Espathra\n|-damage|p1a: Espathra|0 fnt\n|faint|p1a: Espathra\n|-end|p2b: Bellibolt|Charge|[silent]\n|move|p1b: Blissey|Hyper Voice|p2a: Cramorant|[spread] p2b\n|-activate|p2a: Cramorant|move: Protect\n|-damage|p2b: Bellibolt|142/309\n|-start|p2b: Bellibolt|Charge|Hyper Voice|[from] ability: Electromorphosis\n|\n|upkeep\n|\n|t:|1771120287\n|switch|p1a: Quaquaval|Quaquaval, L82, M|274/274\n|-damage|p1a: Quaquaval|257/274|[from] Stealth Rock\n|turn|12\n|\n|t:|1771120299\n|-terastallize|p2b: Bellibolt|Water\n|move|p1b: Blissey|Helping Hand|p1a: Quaquaval\n|-singleturn|p1a: Quaquaval|Helping Hand|[of] p1b: Blissey\n|move|p1a: Quaquaval|Aqua Step|p2b: Bellibolt\n|-resisted|p2b: Bellibolt\n|-damage|p2b: Bellibolt|47/309\n|-boost|p1a: Quaquaval|spe|1\n|-start|p2b: Bellibolt|Charge|Aqua Step|[from] ability: Electromorphosis\n|-damage|p1a: Quaquaval|230/274|[from] item: Life Orb\n|move|p2b: Bellibolt|Thunderbolt|p1a: Quaquaval\n|-supereffective|p1a: Quaquaval\n|-damage|p1a: Quaquaval|0 fnt\n|faint|p1a: Quaquaval\n|-end|p2b: Bellibolt|Charge|[silent]\n|move|p2a: Cramorant|Tailwind|p2a: Cramorant\n|-sidestart|p2: JAMAICA PAPI|move: Tailwind\n|\n|upkeep\n|\n|t:|1771120308\n|switch|p1a: Blastoise|Blastoise, L83, M|267/267\n|-damage|p1a: Blastoise|234/267|[from] Stealth Rock\n|turn|13\n|\n|t:|1771120325\n|move|p1a: Blastoise|Protect|p1a: Blastoise\n|-singleturn|p1a: Blastoise|Protect\n|move|p2b: Bellibolt|Slack Off|p2b: Bellibolt\n|-heal|p2b: Bellibolt|202/309\n|move|p2a: Cramorant|Brave Bird|p1b: Blissey\n|-damage|p1b: Blissey|148/645\n|-damage|p2a: Cramorant|0 fnt|[from] Recoil\n|faint|p2a: Cramorant\n|move|p1b: Blissey|Hyper Voice|p2b: Bellibolt\n|-damage|p2b: Bellibolt|82/309\n|-start|p2b: Bellibolt|Charge|Hyper Voice|[from] ability: Electromorphosis\n|\n|upkeep\n|\n|t:|1771120330\n|switch|p2a: Coalossal|Coalossal, L90, M|226/344\n|turn|14\n|\n|t:|1771120343\n|-terastallize|p1a: Blastoise|Dragon\n|move|p2b: Bellibolt|Slack Off|p2b: Bellibolt\n|-heal|p2b: Bellibolt|237/309\n|move|p2a: Coalossal|Stone Edge|p1b: Blissey\n|-damage|p1b: Blissey|0 fnt\n|faint|p1b: Blissey\n|move|p1a: Blastoise|Shell Smash|p1a: Blastoise\n|-unboost|p1a: Blastoise|def|1\n|-unboost|p1a: Blastoise|spd|1\n|-boost|p1a: Blastoise|atk|2\n|-boost|p1a: Blastoise|spa|2\n|-boost|p1a: Blastoise|spe|2\n|-enditem|p1a: Blastoise|White Herb\n|-clearnegativeboost|p1a: Blastoise|[silent]\n|\n|upkeep\n|\n|t:|1771120353\n|switch|p1b: Azelf|Azelf, L83|260/260\n|-damage|p1b: Azelf|228/260|[from] Stealth Rock\n|turn|15\n|\n|t:|1771120365\n|move|p1a: Blastoise|Protect|p1a: Blastoise\n|-singleturn|p1a: Blastoise|Protect\n|move|p2b: Bellibolt|Electroweb|p1a: Blastoise|[spread] p1b\n|-activate|p1a: Blastoise|move: Protect\n|-damage|p1b: Azelf|122/260\n|-unboost|p1b: Azelf|spe|1\n|-end|p2b: Bellibolt|Charge|[silent]\n|move|p2a: Coalossal|Fire Blast|p1b: Azelf\n|-damage|p1b: Azelf|0 fnt\n|faint|p1b: Azelf\n|\n|-sideend|p2: JAMAICA PAPI|move: Tailwind\n|upkeep\n|turn|16\n|\n|t:|1771120373\n|move|p1a: Blastoise|Muddy Water|p2b: Bellibolt|[spread] p2a\n|-miss|p1a: Blastoise|p2b: Bellibolt\n|-supereffective|p2a: Coalossal\n|-damage|p2a: Coalossal|0 fnt\n|faint|p2a: Coalossal\n|move|p2b: Bellibolt|Electroweb|p1a: Blastoise\n|-resisted|p1a: Blastoise\n|-damage|p1a: Blastoise|208/267\n|-unboost|p1a: Blastoise|spe|1\n|\n|upkeep\n|turn|17\n|\n|t:|1771120382\n|move|p1a: Blastoise|Dragon Pulse|p2b: Bellibolt\n|-damage|p2b: Bellibolt|69/309\n|-start|p2b: Bellibolt|Charge|Dragon Pulse|[from] ability: Electromorphosis\n|move|p2b: Bellibolt|Thunderbolt|p1a: Blastoise\n|-resisted|p1a: Blastoise\n|-damage|p1a: Blastoise|132/267\n|-end|p2b: Bellibolt|Charge|[silent]\n|\n|upkeep\n|turn|18\n|\n|t:|1771120389\n|move|p1a: Blastoise|Dragon Pulse|p2b: Bellibolt\n|-damage|p2b: Bellibolt|0 fnt\n|faint|p2b: Bellibolt\n|\n|win|Showdownkween\n|raw|Showdownkween's rating: 1796 &rarr; <strong>1824</strong><br />(+28 for winning)\n|raw|JAMAICA PAPI's rating: 1939 &rarr; <strong>1911</strong><br />(-28 for losing)\n|c|☆Showdownkween|gg <3\n|l|☆JAMAICA PAPI\n|player|p2|\n", "inputlog": ">version ccdc32dd7cde25fd9e4bed64820e885f66e78a4e\n>start {\"formatid\":\"gen9randomdoublesbattle\",\"seed\":\"sodium,853cdc56219c42f1649361325135fe94\",\"rated\":\"Rated battle\"}\n>player p1 {\"name\":\"Showdownkween\",\"avatar\":\"beauty\",\"rating\":1796,\"seed\":\"sodium,3b10a41205ffed35f58141a138abd965\"}\n>player p2 {\"name\":\"JAMAICA PAPI\",\"avatar\":\"plasmagrunt\",\"rating\":1939,\"seed\":\"sodium,2f973680c4652152f3dfe300a3f56c3a\"}\n>p1 move protect, move thunderwave +1\n>p2 move calmmind, move highhorsepower +2\n>p1 move luminacrash +1, move hypervoice\n>p2 move aeroblast +1, move highhorsepower +2\n>p1 move luminacrash +2, move hypervoice\n>p2 move recover, move highhorsepower +1\n>p2 pass, switch 5\n>p1 move luminacrash +2, move softboiled\n>p2 move recover, move stealthrock\n>p1 move batonpass, move hypervoice\n>p2 move recover, move fireblast +1\n>p1 switch 4, pass\n>p2 switch 4, pass\n>p1 move shadowball +2, move thunderwave +1\n>p2 move surf, switch 3\n>p1 move protect, move hypervoice\n>p2 move tailwind, move hydropump +1\n>p1 move shadowball +2, move hypervoice\n>p2 move surf, move endeavor +2\n>p2 pass, switch 6\n>p1 move shadowball +1, move softboiled\n>p2 move surf, move electroweb\n>p1 switch 4, pass\n>p1 move protect, move softboiled\n>p2 move bravebird +2, move electroweb\n>p1 move dazzlinggleam, move hypervoice\n>p2 move protect, move thunderbolt +1\n>p1 switch 5, pass\n>p1 move aquastep +2, move helpinghand -1\n>p2 move tailwind, move thunderbolt +1 terastallize\n>p1 switch 3, pass\n>p1 move protect, move hypervoice\n>p2 move bravebird +2, move slackoff\n>p2 switch 3, pass\n>p1 move shellsmash terastallize, move hypervoice\n>p2 move stoneedge +2, move slackoff\n>p1 pass, switch 6\n>p1 move protect, move psychic +2\n>p2 move fireblast +2, move electroweb\n>p1 move muddywater, pass\n>p2 move stoneedge +1, move electroweb\n>p1 move dragonpulse +2, pass\n>p2 pass, move thunderbolt +1\n>p1 move dragonpulse +2, pass\n>p2 pass, move thunderbolt +1", "uploadtime": 1771120402, "views": 68, "formatid": "gen9randomdoublesbattle", "rating": 1824, "private": 0, "password": null}