{"id": "gen9randomdoublesbattle-2539825665", "format": "[Gen 9] Random Doubles Battle", "players": ["red5551", "improvguy"], "log": "|j|☆red5551\n|j|☆improvguy\n|t:|1771113937\n|gametype|doubles\n|player|p1|red5551|169|1781\n|player|p2|improvguy|cameraman|1894\n|gen|9\n|tier|[Gen 9] Random Doubles Battle\n|rated|\n|rule|Species Clause: Limit one of each Pokémon\n|rule|HP Percentage Mod: HP is shown in percentages\n|rule|Illusion Level Mod: Illusion disguises the Pokémon's true level\n|rule|Sleep Clause Mod: Limit one foe put to sleep\n|\n|t:|1771113937\n|teamsize|p1|6\n|teamsize|p2|6\n|start\n|switch|p1a: Ogerpon|Ogerpon-Wellspring, L77, F|250/250\n|switch|p1b: Seviper|Seviper, L96, M|296/296\n|switch|p2a: Dragapult|Dragapult, L79, M|269/269\n|switch|p2b: Vikavolt|Vikavolt, L84, F|267/267\n|turn|1\n|inactive|Battle timer is ON: inactive players will automatically lose when time's up. (requested by red5551)\n|inactive|red5551 has 120 seconds left.\n|inactive|improvguy has 120 seconds left.\n|\n|t:|1771113977\n|switch|p2a: Pincurchin|Pincurchin, L97, M|250/250\n|-fieldstart|move: Electric Terrain|[from] ability: Electric Surge|[of] p2a: Pincurchin\n|switch|p1a: Ho-Oh|Ho-Oh, L70|264/264\n|move|p1b: Seviper|Knock Off|p2a: Pincurchin\n|-damage|p2a: Pincurchin|159/250\n|-enditem|p2a: Pincurchin|Sitrus Berry|[from] move: Knock Off|[of] p1b: Seviper\n|-damage|p1b: Seviper|267/296|[from] item: Life Orb\n|move|p2b: Vikavolt|Sticky Web|p1a: Ho-Oh\n|-sidestart|p1: red5551|move: Sticky Web\n|\n|upkeep\n|turn|2\n|inactive|red5551 has 120 seconds left.\n|\n|t:|1771114013\n|-terastallize|p1a: Ho-Oh|Ground\n|move|p2b: Vikavolt|Protect|p2b: Vikavolt\n|-singleturn|p2b: Vikavolt|Protect\n|move|p1b: Seviper|Gunk Shot|p2a: Pincurchin\n|-damage|p2a: Pincurchin|0 fnt\n|faint|p2a: Pincurchin\n|-damage|p1b: Seviper|238/296|[from] item: Life Orb\n|move|p1a: Ho-Oh|Tailwind|p1a: Ho-Oh\n|-sidestart|p1: red5551|move: Tailwind\n|\n|upkeep\n|\n|t:|1771114024\n|switch|p2a: Giratina|Giratina-Origin, L74|344/344\n|turn|3\n|\n|t:|1771114031\n|move|p1b: Seviper|Knock Off|p2a: Giratina\n|-supereffective|p2a: Giratina\n|-damage|p2a: Giratina|196/344\n|-damage|p1b: Seviper|209/296|[from] item: Life Orb\n|move|p1a: Ho-Oh|Sacred Fire|p2b: Vikavolt\n|-supereffective|p2b: Vikavolt\n|-damage|p2b: Vikavolt|81/267\n|-enditem|p2b: Vikavolt|Sitrus Berry|[eat]\n|-heal|p2b: Vikavolt|147/267|[from] item: Sitrus Berry\n|move|p2a: Giratina|Will-O-Wisp|p1a: Ho-Oh\n|-status|p1a: Ho-Oh|brn\n|move|p2b: Vikavolt|Thunderbolt|p1b: Seviper\n|-damage|p1b: Seviper|59/296\n|\n|-damage|p1a: Ho-Oh|248/264 brn|[from] brn\n|upkeep\n|turn|4\n|\n|t:|1771114052\n|move|p2a: Giratina|Protect|p2a: Giratina\n|-singleturn|p2a: Giratina|Protect\n|move|p1b: Seviper|Flamethrower|p2b: Vikavolt\n|-supereffective|p2b: Vikavolt\n|-damage|p2b: Vikavolt|0 fnt\n|faint|p2b: Vikavolt\n|-damage|p1b: Seviper|30/296|[from] item: Life Orb\n|move|p1a: Ho-Oh|Sacred Fire|p2a: Giratina\n|-activate|p2a: Giratina|move: Protect\n|\n|-damage|p1a: Ho-Oh|232/264 brn|[from] brn\n|upkeep\n|\n|t:|1771114063\n|switch|p2b: Beartic|Beartic, L91, M|321/321\n|turn|5\n|\n|t:|1771114076\n|move|p2b: Beartic|Aqua Jet|p1b: Seviper\n|-damage|p1b: Seviper|0 fnt\n|faint|p1b: Seviper\n|-damage|p2b: Beartic|289/321|[from] item: Life Orb\n|move|p1a: Ho-Oh|Sacred Fire|p2a: Giratina\n|-resisted|p2a: Giratina\n|-damage|p2a: Giratina|170/344\n|-status|p2a: Giratina|brn\n|move|p2a: Giratina|Shadow Force||[still]\n|-prepare|p2a: Giratina|Shadow Force\n|\n|-damage|p1a: Ho-Oh|216/264 brn|[from] brn\n|-damage|p2a: Giratina|149/344 brn|[from] brn\n|-sideend|p1: red5551|move: Tailwind\n|-fieldend|move: Electric Terrain\n|upkeep\n|\n|t:|1771114093\n|switch|p1b: Tinkaton|Tinkaton, L82, F|274/274\n|-activate|p1b: Tinkaton|move: Sticky Web\n|-unboost|p1b: Tinkaton|spe|1\n|-ability|p1b: Tinkaton|Mold Breaker\n|turn|6\n|\n|t:|1771114102\n|move|p1b: Tinkaton|Fake Out|p2b: Beartic\n|-damage|p2b: Beartic|265/321\n|move|p2a: Giratina|Shadow Force|p1a: Ho-Oh|[from] lockedmove\n|-crit|p1a: Ho-Oh\n|-damage|p1a: Ho-Oh|91/264 brn\n|-enditem|p1a: Ho-Oh|Sitrus Berry|[eat]\n|-heal|p1a: Ho-Oh|157/264 brn|[from] item: Sitrus Berry\n|move|p1a: Ho-Oh|Sacred Fire|p2b: Beartic|[miss]\n|-miss|p1a: Ho-Oh|p2b: Beartic\n|cant|p2b: Beartic|flinch\n|\n|-damage|p2a: Giratina|128/344 brn|[from] brn\n|-damage|p1a: Ho-Oh|141/264 brn|[from] brn\n|upkeep\n|turn|7\n|\n|t:|1771114118\n|-terastallize|p2b: Beartic|Water\n|move|p2b: Beartic|Aqua Jet|p1a: Ho-Oh\n|-supereffective|p1a: Ho-Oh\n|-damage|p1a: Ho-Oh|0 fnt\n|faint|p1a: Ho-Oh\n|-damage|p2b: Beartic|233/321|[from] item: Life Orb\n|move|p2a: Giratina|Will-O-Wisp|p1b: Tinkaton\n|-status|p1b: Tinkaton|brn\n|move|p1b: Tinkaton|Gigaton Hammer|p2b: Beartic\n|-resisted|p2b: Beartic\n|-damage|p2b: Beartic|199/321\n|\n|-damage|p2a: Giratina|107/344 brn|[from] brn\n|-damage|p1b: Tinkaton|257/274 brn|[from] brn\n|upkeep\n|inactive|red5551 has 120 seconds left.\n|\n|t:|1771114139\n|switch|p1a: Cyclizar|Cyclizar, L87, M|264/264\n|-activate|p1a: Cyclizar|move: Sticky Web\n|-unboost|p1a: Cyclizar|spe|1\n|turn|8\n|\n|t:|1771114146\n|move|p2a: Giratina|Draco Meteor|p1a: Cyclizar\n|-supereffective|p1a: Cyclizar\n|-damage|p1a: Cyclizar|0 fnt\n|-unboost|p2a: Giratina|spa|2\n|faint|p1a: Cyclizar\n|move|p2b: Beartic|Icicle Crash|p1b: Tinkaton|[miss]\n|-miss|p2b: Beartic|p1b: Tinkaton\n|move|p1b: Tinkaton|Play Rough|p2b: Beartic\n|-damage|p2b: Beartic|166/321\n|\n|-damage|p2a: Giratina|86/344 brn|[from] brn\n|-damage|p1b: Tinkaton|240/274 brn|[from] brn\n|upkeep\n|\n|t:|1771114162\n|switch|p1a: Ogerpon|Ogerpon-Wellspring, L77, F|250/250\n|-activate|p1a: Ogerpon|move: Sticky Web\n|-unboost|p1a: Ogerpon|spe|1\n|turn|9\n|\n|t:|1771114172\n|move|p1a: Ogerpon|Spiky Shield|p1a: Ogerpon\n|-singleturn|p1a: Ogerpon|move: Protect\n|move|p2a: Giratina|Will-O-Wisp|p1a: Ogerpon\n|-activate|p1a: Ogerpon|move: Protect\n|move|p2b: Beartic|Icicle Crash|p1a: Ogerpon\n|-activate|p1a: Ogerpon|move: Protect\n|move|p1b: Tinkaton|Play Rough|p2a: Giratina\n|-supereffective|p2a: Giratina\n|-damage|p2a: Giratina|8/344 brn\n|\n|-damage|p2a: Giratina|0 fnt|[from] brn\n|faint|p2a: Giratina\n|-damage|p1b: Tinkaton|223/274 brn|[from] brn\n|upkeep\n|\n|t:|1771114184\n|switch|p2a: Great Tusk|Great Tusk, L81|319/319\n|turn|10\n|\n|t:|1771114211\n|move|p2a: Great Tusk|Close Combat|p1a: Ogerpon\n|-damage|p1a: Ogerpon|88/250\n|-unboost|p2a: Great Tusk|def|1\n|-unboost|p2a: Great Tusk|spd|1\n|move|p2b: Beartic|Icicle Crash|p1a: Ogerpon\n|-damage|p1a: Ogerpon|0 fnt\n|faint|p1a: Ogerpon\n|-damage|p2b: Beartic|134/321|[from] item: Life Orb\n|move|p1b: Tinkaton|Play Rough|p2a: Great Tusk\n|-supereffective|p2a: Great Tusk\n|-damage|p2a: Great Tusk|226/319\n|\n|-damage|p1b: Tinkaton|206/274 brn|[from] brn\n|upkeep\n|inactive|red5551 has 120 seconds left.\n|\n|t:|1771114224\n|switch|p1a: Flygon|Flygon, L83, M|268/268\n|turn|11\n|\n|t:|1771114234\n|move|p1a: Flygon|Protect|p1a: Flygon\n|-singleturn|p1a: Flygon|Protect\n|move|p2a: Great Tusk|Headlong Rush|p1b: Tinkaton\n|-supereffective|p1b: Tinkaton\n|-damage|p1b: Tinkaton|0 fnt\n|-unboost|p2a: Great Tusk|def|1\n|-unboost|p2a: Great Tusk|spd|1\n|faint|p1b: Tinkaton\n|move|p2b: Beartic|Icicle Crash|p1a: Flygon\n|-activate|p1a: Flygon|move: Protect\n|\n|upkeep\n|turn|12\n|\n|t:|1771114245\n|move|p1a: Flygon|Earth Power|p2b: Beartic\n|-damage|p2b: Beartic|47/321\n|move|p2a: Great Tusk|Close Combat|p1a: Flygon\n|-damage|p1a: Flygon|99/268\n|-unboost|p2a: Great Tusk|def|1\n|-unboost|p2a: Great Tusk|spd|1\n|-enditem|p1a: Flygon|Sitrus Berry|[eat]\n|-heal|p1a: Flygon|166/268|[from] item: Sitrus Berry\n|move|p2b: Beartic|Icicle Crash|p1a: Flygon\n|-supereffective|p1a: Flygon\n|-damage|p1a: Flygon|0 fnt\n|faint|p1a: Flygon\n|-damage|p2b: Beartic|15/321|[from] item: Life Orb\n|\n|win|improvguy\n|raw|red5551's rating: 1781 &rarr; <strong>1767</strong><br />(-14 for losing)\n|raw|improvguy's rating: 1894 &rarr; <strong>1908</strong><br />(+14 for winning)\n|c|☆improvguy|gg\n", "inputlog": ">version ccdc32dd7cde25fd9e4bed64820e885f66e78a4e\n>start {\"formatid\":\"gen9randomdoublesbattle\",\"seed\":\"sodium,99117b2f6e0e9a345fa8c5cb6f4d5ad4\",\"rated\":\"Rated battle\"}\n>player p1 {\"name\":\"red5551\",\"avatar\":\"169\",\"rating\":1781,\"seed\":\"sodium,c24c63e3bf4af8a9a8172aef49882d89\"}\n>player p2 {\"name\":\"improvguy\",\"avatar\":\"cameraman\",\"rating\":1894,\"seed\":\"sodium,72f6fabd5e7ffce152c4360ac04fae3b\"}\n>p1 switch 6, move knockoff +1\n>p2 switch 3, move stickyweb\n>p1 move tailwind terastallize, move gunkshot +1\n>p2 move electroweb, move protect\n>p2 switch 4, pass\n>p1 move sacredfire +2, move knockoff +1\n>p2 move willowisp +1, move thunderbolt +2\n>p1 move sacredfire +1, move flamethrower +2\n>p2 move protect, move thunderbolt +2\n>p2 pass, switch 6\n>p1 move sacredfire +1, move flamethrower +2\n>p2 move shadowforce +1, move aquajet +2\n>p1 pass, switch 4\n>p1 move sacredfire +2, move fakeout +2\n>p2 move shadowforce +1, move iciclecrash +1\n>p1 move tailwind, move gigatonhammer +2\n>p2 move willowisp +2, move aquajet +1 terastallize\n>p1 switch 5, pass\n>p1 move dracometeor +2, move playrough +2\n>p2 move dracometeor +1, move iciclecrash +1\n>p1 switch 6, pass\n>p1 move spikyshield, move playrough +1\n>p2 move willowisp +1, move iciclecrash +1\n>p2 switch 5, pass\n>p1 move hornleech +2, move playrough +1\n>p2 move closecombat +1, move iciclecrash +1\n>p1 switch 3, pass\n>p1 move protect, move playrough +2\n>p2 move headlongrush +2, move iciclecrash +1\n>p1 move earthpower +2, pass\n>p2 move closecombat +1, move iciclecrash +1", "uploadtime": 1771114284, "views": 77, "formatid": "gen9randomdoublesbattle", "rating": 1767, "private": 0, "password": null}