{"id": "gen9randomdoublesbattle-2540670670", "format": "[Gen 9] Random Doubles Battle", "players": ["NoraPhobia", "Maltyy"], "log": "|j|☆NoraPhobia\n|j|☆Maltyy\n|t:|1771237607\n|gametype|doubles\n|player|p1|NoraPhobia|lady-gen4|1521\n|player|p2|Maltyy|266|1625\n|gen|9\n|tier|[Gen 9] Random Doubles Battle\n|rated|\n|rule|Species Clause: Limit one of each Pokémon\n|rule|HP Percentage Mod: HP is shown in percentages\n|rule|Illusion Level Mod: Illusion disguises the Pokémon's true level\n|rule|Sleep Clause Mod: Limit one foe put to sleep\n|\n|t:|1771237607\n|teamsize|p1|6\n|teamsize|p2|6\n|start\n|switch|p1a: Glimmora|Glimmora, L77, F|254/254\n|switch|p1b: Scovillain|Scovillain, L90, M|263/263\n|switch|p2a: Dewgong|Dewgong, L91, F|312/312\n|switch|p2b: Weavile|Weavile, L81, M|246/246\n|turn|1\n|inactive|Battle timer is ON: inactive players will automatically lose when time's up. (requested by NoraPhobia)\n|\n|t:|1771237644\n|switch|p2b: Palossand|Palossand, L90, F|299/299\n|move|p1b: Scovillain|Burning Jealousy|p2a: Dewgong|[spread] p2a,p2b\n|-damage|p2a: Dewgong|270/312\n|-damage|p2b: Palossand|179/299\n|move|p2a: Dewgong|Hydro Pump|p1a: Glimmora\n|-supereffective|p1a: Glimmora\n|-enditem|p1a: Glimmora|Focus Sash\n|-damage|p1a: Glimmora|1/254\n|move|p1a: Glimmora|Mortal Spin|p2b: Palossand|[spread] p2a,p2b\n|-resisted|p2b: Palossand\n|-damage|p2a: Dewgong|257/312\n|-damage|p2b: Palossand|177/299\n|-status|p2a: Dewgong|psn\n|-status|p2b: Palossand|psn\n|\n|-heal|p2b: Palossand|195/299 psn|[from] item: Leftovers\n|-damage|p2a: Dewgong|218/312 psn|[from] psn\n|-damage|p2b: Palossand|158/299 psn|[from] psn\n|upkeep\n|turn|2\n|\n|t:|1771237666\n|switch|p1b: Orthworm|Orthworm, L88, F|266/266\n|switch|p1a: Sawsbuck|Sawsbuck-Summer, L91, M|293/293\n|move|p2a: Dewgong|Icy Wind|p1b: Orthworm|[spread] p1a,p1b\n|-supereffective|p1a: Sawsbuck\n|-resisted|p1b: Orthworm\n|-damage|p1a: Sawsbuck|207/293\n|-damage|p1b: Orthworm|242/266\n|-unboost|p1a: Sawsbuck|spe|1\n|-unboost|p1b: Orthworm|spe|1\n|move|p2b: Palossand|Earth Power|p1b: Orthworm\n|-heal|p1b: Orthworm|266/266|[from] ability: Earth Eater|[of] p2b: Palossand\n|\n|-heal|p2b: Palossand|176/299 psn|[from] item: Leftovers\n|-damage|p2a: Dewgong|179/312 psn|[from] psn\n|-damage|p2b: Palossand|139/299 psn|[from] psn\n|upkeep\n|turn|3\n|\n|t:|1771237690\n|switch|p2a: Gholdengo|Gholdengo, L78|264/264\n|move|p1a: Sawsbuck|Horn Leech|p2a: Gholdengo\n|-resisted|p2a: Gholdengo\n|-damage|p2a: Gholdengo|202/264\n|-heal|p1a: Sawsbuck|238/293|[from] drain|[of] p2a: Gholdengo\n|-damage|p1a: Sawsbuck|209/293|[from] item: Life Orb\n|move|p2b: Palossand|Shadow Ball|p1b: Orthworm\n|-damage|p1b: Orthworm|124/266\n|-enditem|p1b: Orthworm|Sitrus Berry|[eat]\n|-heal|p1b: Orthworm|190/266|[from] item: Sitrus Berry\n|move|p1b: Orthworm|Shed Tail|p1b: Orthworm\n|-start|p1b: Orthworm|Substitute|[from] move: Shed Tail\n|-damage|p1b: Orthworm|57/266\n|\n|t:|1771237700\n|switch|p1b: Scovillain|Scovillain, L90, M|263/263|[from] Shed Tail\n|\n|-heal|p2b: Palossand|157/299 psn|[from] item: Leftovers\n|-damage|p2b: Palossand|120/299 psn|[from] psn\n|upkeep\n|turn|4\n|\n|t:|1771237719\n|switch|p2a: Dewgong|Dewgong, L91, F|179/312 psn\n|move|p2b: Palossand|Protect|p2b: Palossand\n|-singleturn|p2b: Palossand|Protect\n|move|p1b: Scovillain|Burning Jealousy|p2b: Palossand|[spread] p2a\n|-activate|p2b: Palossand|move: Protect\n|-damage|p2a: Dewgong|130/312 psn\n|-enditem|p2a: Dewgong|Sitrus Berry|[eat]\n|-heal|p2a: Dewgong|208/312 psn|[from] item: Sitrus Berry\n|move|p1a: Sawsbuck|Horn Leech|p2b: Palossand\n|-activate|p2b: Palossand|move: Protect\n|\n|-heal|p2b: Palossand|138/299 psn|[from] item: Leftovers\n|-damage|p2a: Dewgong|169/312 psn|[from] psn\n|-damage|p2b: Palossand|101/299 psn|[from] psn\n|upkeep\n|turn|5\n|\n|t:|1771237743\n|move|p2a: Dewgong|Fake Out|p1a: Sawsbuck\n|-damage|p1a: Sawsbuck|180/293\n|move|p1b: Scovillain|Burning Jealousy|p2b: Palossand|[spread] p2a,p2b\n|-damage|p2a: Dewgong|120/312 psn\n|-damage|p2b: Palossand|0 fnt\n|faint|p2b: Palossand\n|cant|p1a: Sawsbuck|flinch\n|\n|-damage|p2a: Dewgong|81/312 psn|[from] psn\n|upkeep\n|\n|t:|1771237751\n|switch|p2b: Cinderace|Cinderace, L82, F|265/265\n|turn|6\n|\n|t:|1771237765\n|switch|p1a: Glimmora|Glimmora, L77, F|1/254\n|move|p2b: Cinderace|Pyro Ball|p1b: Scovillain\n|-end|p1b: Scovillain|Substitute\n|move|p1b: Scovillain|Burning Jealousy|p2b: Cinderace|[spread] p2a,p2b\n|-resisted|p2b: Cinderace\n|-damage|p2a: Dewgong|30/312 psn\n|-damage|p2b: Cinderace|202/265\n|move|p2a: Dewgong|Hydro Pump|p1b: Scovillain\n|-damage|p1b: Scovillain|139/263\n|\n|-damage|p2a: Dewgong|0 fnt|[from] psn\n|faint|p2a: Dewgong\n|upkeep\n|\n|t:|1771237781\n|switch|p2a: Gholdengo|Gholdengo, L78|202/264\n|turn|7\n|\n|t:|1771237791\n|move|p2a: Gholdengo|Make It Rain|p1a: Glimmora|[spread] p1a,p1b\n|-supereffective|p1a: Glimmora\n|-resisted|p1b: Scovillain\n|-damage|p1a: Glimmora|0 fnt\n|-damage|p1b: Scovillain|77/263\n|-unboost|p2a: Gholdengo|spa|1\n|faint|p1a: Glimmora\n|move|p2b: Cinderace|Pyro Ball|p1b: Scovillain\n|-damage|p1b: Scovillain|0 fnt\n|faint|p1b: Scovillain\n|\n|upkeep\n|\n|t:|1771237811\n|switch|p1b: Arceus|Arceus-Fairy, L70|284/284\n|switch|p1a: Dragonite|Dragonite, L82, M|283/283\n|turn|8\n|\n|t:|1771237836\n|-terastallize|p1b: Arceus|Ground\n|move|p2a: Gholdengo|Make It Rain|p1b: Arceus|[spread] p1a,p1b\n|-damage|p1a: Dragonite|211/283\n|-damage|p1b: Arceus|223/284\n|-unboost|p2a: Gholdengo|spa|1\n|move|p2b: Cinderace|Pyro Ball|p1b: Arceus\n|-crit|p1b: Arceus\n|-damage|p1b: Arceus|12/284\n|move|p1b: Arceus|Earth Power|p2a: Gholdengo\n|-supereffective|p2a: Gholdengo\n|-damage|p2a: Gholdengo|28/264\n|move|p1a: Dragonite|Tailwind|p1a: Dragonite\n|-sidestart|p1: NoraPhobia|move: Tailwind\n|\n|upkeep\n|turn|9\n|inactive|Maltyy has 120 seconds left.\n|\n|t:|1771237876\n|switch|p2a: Conkeldurr|Conkeldurr, L81, M|303/303\n|move|p1b: Arceus|Earth Power|p2b: Cinderace\n|-supereffective|p2b: Cinderace\n|-damage|p2b: Cinderace|14/265\n|move|p1a: Dragonite|Fire Blast|p2a: Conkeldurr|[miss]\n|-miss|p1a: Dragonite|p2a: Conkeldurr\n|move|p2b: Cinderace|Court Change|p2b: Cinderace\n|-swapsideconditions\n|-activate|p2b: Cinderace|move: Court Change\n|\n|-status|p2a: Conkeldurr|brn|[from] item: Flame Orb\n|upkeep\n|turn|10\n|inactive|Maltyy has 120 seconds left.\n|inactive|NoraPhobia has 120 seconds left.\n|\n|t:|1771237911\n|move|p2b: Cinderace|Pyro Ball|p1b: Arceus\n|-damage|p1b: Arceus|0 fnt\n|faint|p1b: Arceus\n|move|p2a: Conkeldurr|Knock Off|p1a: Dragonite\n|-damage|p1a: Dragonite|86/283\n|-enditem|p1a: Dragonite|Loaded Dice|[from] move: Knock Off|[of] p2a: Conkeldurr\n|move|p1a: Dragonite|Tailwind|p1a: Dragonite\n|-sidestart|p1: NoraPhobia|move: Tailwind\n|\n|-damage|p2a: Conkeldurr|285/303 brn|[from] brn\n|upkeep\n|inactive|NoraPhobia has 120 seconds left.\n|\n|t:|1771237921\n|switch|p1b: Orthworm|Orthworm, L88, F|57/266\n|turn|11\n|\n|t:|1771237934\n|move|p2a: Conkeldurr|Mach Punch|p1b: Orthworm\n|-supereffective|p1b: Orthworm\n|-damage|p1b: Orthworm|0 fnt\n|faint|p1b: Orthworm\n|move|p2b: Cinderace|Pyro Ball|p1a: Dragonite\n|-resisted|p1a: Dragonite\n|-damage|p1a: Dragonite|0 fnt\n|faint|p1a: Dragonite\n|\n|-damage|p2a: Conkeldurr|267/303 brn|[from] brn\n|-sideend|p2: Maltyy|move: Tailwind\n|upkeep\n|\n|t:|1771237936\n|switch|p1b: Sawsbuck|Sawsbuck-Summer, L91, M|180/293\n|turn|12\n|\n|t:|1771237947\n|move|p2b: Cinderace|Protect|p2b: Cinderace\n|-singleturn|p2b: Cinderace|Protect\n|move|p2a: Conkeldurr|Protect|p2a: Conkeldurr\n|-singleturn|p2a: Conkeldurr|Protect\n|move|p1b: Sawsbuck|Double-Edge|p2b: Cinderace\n|-activate|p2b: Cinderace|move: Protect\n|\n|-damage|p2a: Conkeldurr|249/303 brn|[from] brn\n|upkeep\n|turn|13\n|\n|t:|1771237957\n|switch|p2b: Gholdengo|Gholdengo, L78|28/264\n|move|p2a: Conkeldurr|Mach Punch|p1b: Sawsbuck\n|-supereffective|p1b: Sawsbuck\n|-damage|p1b: Sawsbuck|16/293\n|move|p1b: Sawsbuck|Double-Edge|p2b: Gholdengo\n|-immune|p2b: Gholdengo\n|\n|-damage|p2a: Conkeldurr|231/303 brn|[from] brn\n|-sideend|p1: NoraPhobia|move: Tailwind\n|upkeep\n|turn|14\n|-message|NoraPhobia forfeited.\n|\n|win|Maltyy\n|raw|NoraPhobia's rating: 1521 &rarr; <strong>1507</strong><br />(-14 for losing)\n|raw|Maltyy's rating: 1625 &rarr; <strong>1639</strong><br />(+14 for winning)\n|l|☆NoraPhobia\n|player|p1|\n|c|☆Maltyy|gg\n", "inputlog": ">version 686819e5e19f8a7fd2345cfc5a08a5085efa2cc3\n>start {\"formatid\":\"gen9randomdoublesbattle\",\"seed\":\"sodium,fd3d557a17d9a2fca2d0615176ca9802\",\"rated\":\"Rated battle\"}\n>player p1 {\"name\":\"NoraPhobia\",\"avatar\":\"lady-gen4\",\"rating\":1521,\"seed\":\"sodium,6cefa5f08891799912d681e80b58dc6f\"}\n>player p2 {\"name\":\"Maltyy\",\"avatar\":\"266\",\"rating\":1625,\"seed\":\"sodium,216000a2d669b143ae38dc2c23642411\"}\n>p1 move mortalspin, move burningjealousy\n>p2 move hydropump +1, switch 6\n>p1 switch 5, switch 6\n>p2 move icywind, move earthpower +2\n>p1 move hornleech +1, move shedtail\n>p2 switch 3, move shadowball +2\n>p1 pass, switch 6\n>p1 move hornleech +2, move burningjealousy\n>p2 switch 3, move protect\n>p1 move hornleech +1, move burningjealousy\n>p2 move fakeout +1, move shadowball +2\n>p2 pass, switch 5\n>p1 switch 5, move burningjealousy\n>p2 move hydropump +2, move pyroball +2\n>p2 switch 3, pass\n>p1 move powergem +2, move burningjealousy\n>p2 move makeitrain, move pyroball +2\n>p1 switch 3, switch 4\n>p1 move tailwind, move earthpower +1 terastallize\n>p2 move makeitrain, move pyroball +2\n>p1 move fireblast +1, move earthpower +2\n>p2 switch 4, move courtchange\n>p1 move tailwind, move dazzlinggleam\n>p2 move knockoff +1, move pyroball +2\n>p1 pass, switch 6\n>p1 move scaleshot +1, move bodypress +2\n>p2 move machpunch +2, move pyroball +1\n>p1 pass, switch 5\n>p1 pass, move doubleedge +2\n>p2 move protect, move protect\n>p1 pass, move doubleedge +2\n>p2 move machpunch +2, switch 4\n>forcelose p1", "uploadtime": 1771237965, "views": 23, "formatid": "gen9randomdoublesbattle", "rating": 1507, "private": 0, "password": null}