{"id": "gen9randomdoublesbattle-2537994209", "format": "[Gen 9] Random Doubles Battle", "players": ["ArticMoney", "nomadel147"], "log": "|j|☆ArticMoney\n|j|☆nomadel147\n|t:|1770874346\n|gametype|doubles\n|player|p1|ArticMoney|hugh|1704\n|player|p2|nomadel147|265|1757\n|gen|9\n|tier|[Gen 9] Random Doubles Battle\n|rated|\n|rule|Species Clause: Limit one of each Pokémon\n|rule|HP Percentage Mod: HP is shown in percentages\n|rule|Illusion Level Mod: Illusion disguises the Pokémon's true level\n|rule|Sleep Clause Mod: Limit one foe put to sleep\n|\n|t:|1770874346\n|teamsize|p1|6\n|teamsize|p2|6\n|start\n|switch|p1a: Magmortar|Magmortar, L84, F|263/263\n|switch|p1b: Whimsicott|Whimsicott, L80, M|227/227\n|switch|p2a: Froslass|Froslass, L88, F|266/266\n|switch|p2b: Dachsbun|Dachsbun, L90, F|249/249\n|turn|1\n|\n|t:|1770874371\n|-terastallize|p2a: Froslass|Water\n|move|p1b: Whimsicott|Tailwind|p1b: Whimsicott\n|-sidestart|p1: ArticMoney|move: Tailwind\n|move|p1a: Magmortar|Fire Blast|p2a: Froslass\n|-resisted|p2a: Froslass\n|-damage|p2a: Froslass|152/266\n|-start|p1a: Magmortar|Disable|Fire Blast|[from] ability: Cursed Body|[of] p2a: Froslass\n|move|p2a: Froslass|Triple Axel|p1b: Whimsicott\n|-supereffective|p1b: Whimsicott\n|-damage|p1b: Whimsicott|185/227\n|-supereffective|p1b: Whimsicott\n|-damage|p1b: Whimsicott|101/227\n|-enditem|p1b: Whimsicott|Sitrus Berry|[eat]\n|-heal|p1b: Whimsicott|157/227|[from] item: Sitrus Berry\n|-supereffective|p1b: Whimsicott\n|-damage|p1b: Whimsicott|29/227\n|-hitcount|p1b: Whimsicott|3\n|move|p2b: Dachsbun|Snarl|p1b: Whimsicott|[spread] p1a,p1b\n|-resisted|p1b: Whimsicott\n|-crit|p1b: Whimsicott\n|-damage|p1a: Magmortar|243/263\n|-damage|p1b: Whimsicott|8/227\n|-unboost|p1a: Magmortar|spa|1\n|-unboost|p1b: Whimsicott|spa|1\n|\n|upkeep\n|turn|2\n|\n|t:|1770874406\n|switch|p1a: Minun|Minun, L91, M|257/257\n|switch|p2a: Toxapex|Toxapex, L92, M|241/241\n|move|p1b: Whimsicott|Encore||[still]\n|-fail|p1b: Whimsicott\n|move|p2b: Dachsbun|Snarl|p1a: Minun|[spread] p1a,p1b\n|-resisted|p1b: Whimsicott\n|-crit|p1b: Whimsicott\n|-damage|p1a: Minun|235/257\n|-damage|p1b: Whimsicott|0 fnt\n|-unboost|p1a: Minun|spa|1\n|faint|p1b: Whimsicott\n|\n|upkeep\n|\n|t:|1770874421\n|switch|p1b: Feraligatr|Feraligatr, L82, F|274/274\n|turn|3\n|inactive|Battle timer is ON: inactive players will automatically lose when time's up. (requested by ArticMoney)\n|\n|t:|1770874442\n|move|p1a: Minun|Nuzzle|p2b: Dachsbun\n|-damage|p2b: Dachsbun|237/249\n|-status|p2b: Dachsbun|par\n|move|p1b: Feraligatr|Swords Dance|p1b: Feraligatr\n|-boost|p1b: Feraligatr|atk|2\n|move|p2a: Toxapex|Toxic|p1b: Feraligatr\n|-status|p1b: Feraligatr|tox\n|cant|p2b: Dachsbun|par\n|\n|-damage|p1b: Feraligatr|257/274 tox|[from] psn\n|upkeep\n|turn|4\n|\n|t:|1770874456\n|switch|p2b: Gastrodon|Gastrodon, L82, F|316/316\n|move|p1a: Minun|Thunderbolt|p2a: Toxapex\n|-supereffective|p2a: Toxapex\n|-crit|p2a: Toxapex\n|-damage|p2a: Toxapex|77/241\n|move|p1b: Feraligatr|Liquidation|p2b: Gastrodon\n|-ability|p2b: Gastrodon|Storm Drain|boost\n|-boost|p2b: Gastrodon|spa|1\n|move|p2a: Toxapex|Infestation|p1b: Feraligatr\n|-damage|p1b: Feraligatr|244/274 tox\n|-activate|p1b: Feraligatr|move: Infestation|[of] p2a: Toxapex\n|\n|-heal|p2a: Toxapex|92/241|[from] item: Leftovers\n|-damage|p1b: Feraligatr|210/274 tox|[from] psn\n|-damage|p1b: Feraligatr|176/274 tox|[from] move: Infestation|[partiallytrapped]\n|-sideend|p1: ArticMoney|move: Tailwind\n|upkeep\n|turn|5\n|\n|t:|1770874479\n|switch|p2b: Dachsbun|Dachsbun, L90, F|237/249 par\n|move|p2a: Toxapex|Baneful Bunker|p2a: Toxapex\n|-singleturn|p2a: Toxapex|move: Protect\n|move|p1a: Minun|Nuzzle|p2a: Toxapex\n|-activate|p2a: Toxapex|move: Protect\n|-status|p1a: Minun|psn\n|move|p1b: Feraligatr|Ice Punch|p2b: Dachsbun\n|-damage|p2b: Dachsbun|104/249 par\n|-enditem|p2b: Dachsbun|Sitrus Berry|[eat]\n|-heal|p2b: Dachsbun|166/249 par|[from] item: Sitrus Berry\n|\n|-heal|p2a: Toxapex|107/241|[from] item: Leftovers\n|-damage|p1a: Minun|203/257 psn|[from] psn\n|-damage|p1b: Feraligatr|125/274 tox|[from] psn\n|-damage|p1b: Feraligatr|91/274 tox|[from] move: Infestation|[partiallytrapped]\n|upkeep\n|turn|6\n|\n|t:|1770874501\n|switch|p2a: Gastrodon|Gastrodon, L82, F|316/316\n|move|p1a: Minun|Super Fang|p2a: Gastrodon\n|-damage|p2a: Gastrodon|158/316\n|move|p1b: Feraligatr|Ice Punch|p2b: Dachsbun\n|-damage|p2b: Dachsbun|35/249 par\n|move|p2b: Dachsbun|Body Press|p1b: Feraligatr\n|-crit|p1b: Feraligatr\n|-damage|p1b: Feraligatr|0 fnt\n|faint|p1b: Feraligatr\n|\n|-damage|p1a: Minun|171/257 psn|[from] psn\n|upkeep\n|\n|t:|1770874517\n|switch|p1b: Latios|Latios, L79, M|256/256\n|turn|7\n|\n|t:|1770874529\n|move|p1a: Minun|Thunderbolt|p2b: Dachsbun\n|-damage|p2b: Dachsbun|0 fnt\n|faint|p2b: Dachsbun\n|move|p1b: Latios|Luster Purge|p2a: Gastrodon\n|-damage|p2a: Gastrodon|28/316\n|-unboost|p2a: Gastrodon|spd|1\n|move|p2a: Gastrodon|Icy Wind|p1b: Latios|[spread] p1a,p1b\n|-supereffective|p1b: Latios\n|-damage|p1a: Minun|144/257 psn\n|-damage|p1b: Latios|204/256\n|-unboost|p1a: Minun|spe|1\n|-unboost|p1b: Latios|spe|1\n|\n|-damage|p1a: Minun|112/257 psn|[from] psn\n|upkeep\n|-enditem|p1a: Minun|Sitrus Berry|[eat]\n|-heal|p1a: Minun|176/257 psn|[from] item: Sitrus Berry\n|inactive|nomadel147 has 120 seconds left.\n|\n|t:|1770874565\n|switch|p2b: Kyurem|Kyurem-White, L72|299/299\n|-ability|p2b: Kyurem|Turboblaze\n|turn|8\n|\n|t:|1770874580\n|switch|p1b: Magmortar|Magmortar, L84, F|243/263\n|move|p2b: Kyurem|Draco Meteor|p1a: Minun\n|-damage|p1a: Minun|0 fnt\n|-unboost|p2b: Kyurem|spa|2\n|faint|p1a: Minun\n|move|p2a: Gastrodon|Icy Wind|p1b: Magmortar\n|-resisted|p1b: Magmortar\n|-damage|p1b: Magmortar|226/263\n|-unboost|p1b: Magmortar|spe|1\n|\n|upkeep\n|\n|t:|1770874594\n|switch|p1a: Pyroar|Pyroar, L83, M|278/278\n|-ability|p1a: Pyroar|Unnerve\n|turn|9\n|\n|t:|1770874615\n|switch|p2a: Mismagius|Mismagius, L88, M|249/249\n|move|p1a: Pyroar|Hyper Voice|p2b: Kyurem|[spread] p2b\n|-immune|p2a: Mismagius\n|-damage|p2b: Kyurem|202/299\n|-damage|p1a: Pyroar|251/278|[from] item: Life Orb\n|move|p2b: Kyurem|Draco Meteor|p1b: Magmortar\n|-crit|p1b: Magmortar\n|-damage|p1b: Magmortar|0 fnt\n|-unboost|p2b: Kyurem|spa|2\n|faint|p1b: Magmortar\n|\n|upkeep\n|\n|t:|1770874626\n|switch|p1b: Latios|Latios, L79, M|204/256\n|turn|10\n|\n|t:|1770874651\n|switch|p2b: Gastrodon|Gastrodon, L82, F|28/316\n|-terastallize|p1b: Latios|Steel\n|move|p2a: Mismagius|Shadow Ball|p1b: Latios\n|-crit|p1b: Latios\n|-damage|p1b: Latios|39/256\n|-unboost|p1b: Latios|spd|1\n|-damage|p2a: Mismagius|225/249|[from] item: Life Orb\n|move|p1a: Pyroar|Fire Blast|p2a: Mismagius\n|-damage|p2a: Mismagius|99/249\n|-damage|p1a: Pyroar|224/278|[from] item: Life Orb\n|move|p1b: Latios|Trick|p2b: Gastrodon\n|-activate|p1b: Latios|move: Trick|[of] p2b: Gastrodon\n|-item|p2b: Gastrodon|Choice Specs|[from] move: Trick\n|-item|p1b: Latios|Assault Vest|[from] move: Trick\n|\n|upkeep\n|turn|11\n|\n|t:|1770874675\n|move|p2a: Mismagius|Mystical Fire|p1b: Latios\n|-supereffective|p1b: Latios\n|-damage|p1b: Latios|0 fnt\n|faint|p1b: Latios\n|-damage|p2a: Mismagius|75/249|[from] item: Life Orb\n|move|p1a: Pyroar|Hyper Voice|p2a: Mismagius|[spread] p2b\n|-immune|p2a: Mismagius\n|-damage|p2b: Gastrodon|0 fnt\n|faint|p2b: Gastrodon\n|-damage|p1a: Pyroar|197/278|[from] item: Life Orb\n|\n|upkeep\n|\n|t:|1770874687\n|switch|p2b: Toxapex|Toxapex, L92, M|187/241\n|turn|12\n|\n|t:|1770874692\n|move|p2a: Mismagius|Mystical Fire|p1a: Pyroar\n|-resisted|p1a: Pyroar\n|-damage|p1a: Pyroar|142/278\n|-unboost|p1a: Pyroar|spa|1\n|-damage|p2a: Mismagius|51/249|[from] item: Life Orb\n|move|p1a: Pyroar|Hyper Voice|p2a: Mismagius|[spread] p2b\n|-immune|p2a: Mismagius\n|-damage|p2b: Toxapex|147/241\n|-damage|p1a: Pyroar|115/278|[from] item: Life Orb\n|move|p2b: Toxapex|Toxic|p1a: Pyroar\n|-status|p1a: Pyroar|tox\n|\n|-heal|p2b: Toxapex|162/241|[from] item: Leftovers\n|-damage|p1a: Pyroar|98/278 tox|[from] psn\n|upkeep\n|turn|13\n|\n|t:|1770874709\n|move|p2a: Mismagius|Thunderbolt|p1a: Pyroar\n|-damage|p1a: Pyroar|0 fnt\n|faint|p1a: Pyroar\n|-damage|p2a: Mismagius|27/249|[from] item: Life Orb\n|\n|win|nomadel147\n|raw|ArticMoney's rating: 1704 &rarr; <strong>1687</strong><br />(-17 for losing)\n|raw|nomadel147's rating: 1757 &rarr; <strong>1774</strong><br />(+17 for winning)\n|l|☆ArticMoney\n|player|p1|\n", "inputlog": ">version ccdc32dd7cde25fd9e4bed64820e885f66e78a4e\n>start {\"formatid\":\"gen9randomdoublesbattle\",\"seed\":\"sodium,f6090fb178f80ba2f0bfc02031278058\",\"rated\":\"Rated battle\"}\n>player p1 {\"name\":\"ArticMoney\",\"avatar\":\"hugh\",\"rating\":1704,\"seed\":\"sodium,229d6d9b1ba6fd37c30c1b75a7d8e690\"}\n>player p2 {\"name\":\"nomadel147\",\"avatar\":\"265\",\"rating\":1757,\"seed\":\"sodium,ff13114e723c560a6ca792649321396b\"}\n>p1 move fireblast +1, move tailwind\n>p2 move tripleaxel +2 terastallize, move snarl\n>p1 switch 4, move encore +1\n>p2 switch 3, move snarl\n>p1 pass, switch 6\n>p1 move nuzzle +2, move swordsdance\n>p2 move toxic +2, move snarl\n>p1 move thunderbolt +1, move liquidation +2\n>p2 move infestation +2, switch 5\n>p1 move nuzzle +1, move icepunch +2\n>p2 move banefulbunker, switch 5\n>p1 move superfang +1, move icepunch +2\n>p2 switch 5, move bodypress +2\n>p1 pass, switch 5\n>p1 move thunderbolt +2, move lusterpurge +1\n>p2 move icywind, move snarl\n>p2 pass, switch 6\n>p1 move nuzzle +2, switch 4\n>p2 move icywind, move dracometeor +1\n>p1 switch 3, pass\n>p1 move hypervoice, move heatwave\n>p2 switch 4, move dracometeor +2\n>p1 pass, switch 4\n>p1 move fireblast +1, move trick +2 terastallize\n>p2 move shadowball +2, switch 4\n>p1 move hypervoice, move lusterpurge +1\n>p2 move mysticalfire +2, move earthpower +1\n>p2 pass, switch 5\n>p1 move hypervoice, pass\n>p2 move mysticalfire +1, move toxic +1\n>p1 move fireblast +1, pass\n>p2 move thunderbolt +1, move infestation +1", "uploadtime": 1770874723, "views": 71, "formatid": "gen9randomdoublesbattle", "rating": 1687, "private": 0, "password": null}