{"id": "gen9randomdoublesbattle-2534696564", "format": "[Gen 9] Random Doubles Battle", "players": ["Gappar", "LazzarinoCominazzo"], "log": "|j|☆Gappar\n|j|☆LazzarinoCominazzo\n|t:|1770463289\n|gametype|doubles\n|player|p1|Gappar|guitarist|1626\n|player|p2|LazzarinoCominazzo|266|1588\n|gen|9\n|tier|[Gen 9] Random Doubles Battle\n|rated|\n|rule|Species Clause: Limit one of each Pokémon\n|rule|HP Percentage Mod: HP is shown in percentages\n|rule|Illusion Level Mod: Illusion disguises the Pokémon's true level\n|rule|Sleep Clause Mod: Limit one foe put to sleep\n|\n|t:|1770463289\n|teamsize|p1|6\n|teamsize|p2|6\n|start\n|switch|p1a: Bombirdier|Bombirdier, L84, M|255/255\n|switch|p1b: Manaphy|Manaphy, L78|284/284\n|switch|p2a: Volcanion|Volcanion, L75|244/244\n|switch|p2b: Deoxys|Deoxys-Defense, L88|231/231\n|-ability|p2b: Deoxys|Pressure\n|turn|1\n|\n|t:|1770463315\n|move|p2b: Deoxys|Thunder Wave|p1a: Bombirdier\n|-status|p1a: Bombirdier|par\n|move|p1b: Manaphy|Tail Glow|p1b: Manaphy\n|-boost|p1b: Manaphy|spa|3\n|move|p2a: Volcanion|Steam Eruption|p1a: Bombirdier\n|-damage|p1a: Bombirdier|123/255 par\n|move|p1a: Bombirdier|Rock Slide|p2b: Deoxys|[spread] p2a,p2b\n|-supereffective|p2a: Volcanion\n|-crit|p2a: Volcanion\n|-damage|p2a: Volcanion|10/244\n|-damage|p2b: Deoxys|174/231\n|\n|upkeep\n|turn|2\n|\n|t:|1770463338\n|move|p1b: Manaphy|Protect|p1b: Manaphy\n|-singleturn|p1b: Manaphy|Protect\n|move|p2b: Deoxys|Thunder Wave|p1b: Manaphy\n|-activate|p1b: Manaphy|move: Protect\n|move|p2a: Volcanion|Steam Eruption|p1a: Bombirdier\n|-damage|p1a: Bombirdier|2/255 par\n|cant|p1a: Bombirdier|par\n|\n|upkeep\n|turn|3\n|\n|t:|1770463352\n|move|p2b: Deoxys|Thunder Wave|p1b: Manaphy\n|-status|p1b: Manaphy|par\n|move|p2a: Volcanion|Heat Wave|p1a: Bombirdier|[spread] p1a,p1b\n|-resisted|p1b: Manaphy\n|-damage|p1a: Bombirdier|0 fnt\n|-damage|p1b: Manaphy|249/284 par\n|faint|p1a: Bombirdier\n|cant|p1b: Manaphy|par\n|\n|-heal|p1b: Manaphy|266/284 par|[from] item: Leftovers\n|upkeep\n|\n|t:|1770463361\n|switch|p1a: Tropius|Tropius, L94, F|339/339\n|turn|4\n|\n|t:|1770463372\n|move|p2b: Deoxys|Night Shade|p1b: Manaphy\n|-damage|p1b: Manaphy|178/284 par\n|move|p1a: Tropius|Tailwind|p1a: Tropius\n|-sidestart|p1: Gappar|move: Tailwind\n|move|p1b: Manaphy|Scald|p2b: Deoxys\n|-crit|p2b: Deoxys\n|-damage|p2b: Deoxys|17/231\n|-enditem|p2b: Deoxys|Sitrus Berry|[eat]\n|-heal|p2b: Deoxys|74/231|[from] item: Sitrus Berry\n|move|p2a: Volcanion|Sludge Bomb|p1a: Tropius\n|-supereffective|p1a: Tropius\n|-damage|p1a: Tropius|229/339\n|-status|p1a: Tropius|psn\n|\n|-heal|p1b: Manaphy|195/284 par|[from] item: Leftovers\n|-damage|p1a: Tropius|187/339 psn|[from] psn\n|upkeep\n|turn|5\n|\n|t:|1770463398\n|move|p1a: Tropius|Energy Ball|p2b: Deoxys\n|-damage|p2b: Deoxys|22/231\n|move|p2b: Deoxys|Night Shade|p1b: Manaphy\n|-damage|p1b: Manaphy|107/284 par\n|move|p1b: Manaphy|Ice Beam|p2a: Volcanion\n|-resisted|p2a: Volcanion\n|-crit|p2a: Volcanion\n|-damage|p2a: Volcanion|0 fnt\n|faint|p2a: Volcanion\n|\n|-heal|p1b: Manaphy|124/284 par|[from] item: Leftovers\n|-damage|p1a: Tropius|145/339 psn|[from] psn\n|upkeep\n|-enditem|p1a: Tropius|Sitrus Berry|[eat]\n|-heal|p1a: Tropius|229/339 psn|[from] item: Sitrus Berry\n|\n|t:|1770463415\n|switch|p2a: Clefable|Clefable, L87, F|307/307\n|turn|6\n|\n|t:|1770463426\n|switch|p2b: Illumise|Illumise, L83, F|244/244\n|move|p1a: Tropius|Hurricane|p2a: Clefable\n|-damage|p2a: Clefable|205/307\n|-start|p2a: Clefable|confusion\n|move|p1b: Manaphy|Scald|p2a: Clefable\n|-damage|p2a: Clefable|132/307\n|-status|p2a: Clefable|brn\n|-activate|p2a: Clefable|confusion\n|move|p2a: Clefable|Moonblast|p1b: Manaphy\n|-damage|p1b: Manaphy|30/284 par\n|-unboost|p1b: Manaphy|spa|1\n|\n|-heal|p1b: Manaphy|47/284 par|[from] item: Leftovers\n|-damage|p1a: Tropius|187/339 psn|[from] psn\n|-damage|p2a: Clefable|113/307 brn|[from] brn\n|-item|p1a: Tropius|Sitrus Berry|[from] ability: Harvest\n|upkeep\n|turn|7\n|\n|t:|1770463450\n|move|p2b: Illumise|Tailwind|p2b: Illumise\n|-sidestart|p2: LazzarinoCominazzo|move: Tailwind\n|-activate|p2a: Clefable|confusion\n|move|p2a: Clefable|Moonblast|p1b: Manaphy\n|-damage|p1b: Manaphy|0 fnt\n|faint|p1b: Manaphy\n|move|p1a: Tropius|Hurricane|p2b: Illumise|[miss]\n|-miss|p1a: Tropius|p2b: Illumise\n|\n|-damage|p1a: Tropius|145/339 psn|[from] psn\n|-damage|p2a: Clefable|94/307 brn|[from] brn\n|-sideend|p1: Gappar|move: Tailwind\n|upkeep\n|-enditem|p1a: Tropius|Sitrus Berry|[eat]\n|-heal|p1a: Tropius|229/339 psn|[from] item: Sitrus Berry\n|\n|t:|1770463464\n|switch|p1b: Sinistcha|Sinistcha, L81|248/248\n|-heal|p1a: Tropius|313/339 psn|[from] ability: Hospitality|[of] p1b: Sinistcha\n|turn|8\n|\n|t:|1770463482\n|move|p2b: Illumise|Struggle Bug|p1a: Tropius|[spread] p1a,p1b\n|-damage|p1a: Tropius|282/339 psn\n|-damage|p1b: Sinistcha|212/248\n|-unboost|p1a: Tropius|spa|1\n|-unboost|p1b: Sinistcha|spa|1\n|-end|p2a: Clefable|confusion\n|move|p2a: Clefable|Fire Blast|p1b: Sinistcha\n|-supereffective|p1b: Sinistcha\n|-damage|p1b: Sinistcha|24/248\n|move|p1b: Sinistcha|Shadow Ball|p2b: Illumise\n|-damage|p2b: Illumise|174/244\n|move|p1a: Tropius|Hurricane|p2b: Illumise\n|-supereffective|p2b: Illumise\n|-damage|p2b: Illumise|4/244\n|-enditem|p2b: Illumise|Sitrus Berry|[eat]\n|-heal|p2b: Illumise|65/244|[from] item: Sitrus Berry\n|\n|-heal|p1b: Sinistcha|39/248|[from] item: Leftovers\n|-damage|p1a: Tropius|240/339 psn|[from] psn\n|-damage|p2a: Clefable|75/307 brn|[from] brn\n|-item|p1a: Tropius|Sitrus Berry|[from] ability: Harvest\n|upkeep\n|turn|9\n|\n|t:|1770463510\n|move|p2b: Illumise|Struggle Bug|p1a: Tropius|[spread] p1a,p1b\n|-crit|p1b: Sinistcha\n|-damage|p1a: Tropius|209/339 psn\n|-damage|p1b: Sinistcha|0 fnt\n|-unboost|p1a: Tropius|spa|1\n|faint|p1b: Sinistcha\n|move|p2a: Clefable|Fire Blast|p1a: Tropius\n|-supereffective|p1a: Tropius\n|-damage|p1a: Tropius|49/339 psn\n|-enditem|p1a: Tropius|Sitrus Berry|[eat]\n|-heal|p1a: Tropius|133/339 psn|[from] item: Sitrus Berry\n|move|p1a: Tropius|Energy Ball|p2a: Clefable\n|-damage|p2a: Clefable|0 fnt\n|faint|p2a: Clefable\n|\n|-damage|p1a: Tropius|91/339 psn|[from] psn\n|upkeep\n|\n|t:|1770463529\n|switch|p1b: Iron Bundle|Iron Bundle, L78|215/215\n|switch|p2a: Baxcalibur|Baxcalibur, L78, M|307/307\n|-enditem|p1b: Iron Bundle|Booster Energy\n|-activate|p1b: Iron Bundle|ability: Quark Drive|[fromitem]\n|-start|p1b: Iron Bundle|quarkdrivespe\n|turn|10\n|\n|t:|1770463540\n|-terastallize|p2a: Baxcalibur|Dragon\n|move|p1b: Iron Bundle|Icy Wind|p2a: Baxcalibur|[spread] p2a,p2b\n|-supereffective|p2a: Baxcalibur\n|-damage|p2a: Baxcalibur|209/307\n|-damage|p2b: Illumise|19/244\n|-unboost|p2a: Baxcalibur|spe|1\n|-unboost|p2b: Illumise|spe|1\n|move|p2b: Illumise|Struggle Bug|p1a: Tropius|[spread] p1a,p1b\n|-damage|p1a: Tropius|64/339 psn\n|-damage|p1b: Iron Bundle|173/215\n|-unboost|p1a: Tropius|spa|1\n|-unboost|p1b: Iron Bundle|spa|1\n|move|p2a: Baxcalibur|Scale Shot|p1b: Iron Bundle\n|-damage|p1b: Iron Bundle|137/215\n|-damage|p1b: Iron Bundle|101/215\n|-damage|p1b: Iron Bundle|59/215\n|-damage|p1b: Iron Bundle|17/215\n|-hitcount|p1b: Iron Bundle|4\n|-unboost|p2a: Baxcalibur|def|1\n|-boost|p2a: Baxcalibur|spe|1\n|move|p1a: Tropius|Tailwind|p1a: Tropius\n|-sidestart|p1: Gappar|move: Tailwind\n|\n|-damage|p1a: Tropius|22/339 psn|[from] psn\n|-sideend|p2: LazzarinoCominazzo|move: Tailwind\n|upkeep\n|turn|11\n|\n|t:|1770463572\n|move|p2a: Baxcalibur|Protect|p2a: Baxcalibur\n|-singleturn|p2a: Baxcalibur|Protect\n|move|p2b: Illumise|Thunder Wave|p1b: Iron Bundle\n|-status|p1b: Iron Bundle|par\n|cant|p1b: Iron Bundle|par\n|move|p1a: Tropius|Hurricane|p2a: Baxcalibur\n|-activate|p2a: Baxcalibur|move: Protect\n|\n|-damage|p1a: Tropius|0 fnt|[from] psn\n|faint|p1a: Tropius\n|upkeep\n|\n|t:|1770463577\n|switch|p1a: Hoopa|Hoopa-Unbound, L80|259/259\n|turn|12\n|\n|t:|1770463594\n|move|p1a: Hoopa|Trick|p2a: Baxcalibur\n|-activate|p1a: Hoopa|move: Trick|[of] p2a: Baxcalibur\n|-item|p2a: Baxcalibur|Choice Scarf|[from] move: Trick\n|-item|p1a: Hoopa|Loaded Dice|[from] move: Trick\n|move|p1b: Iron Bundle|Icy Wind|p2b: Illumise|[spread] p2a,p2b\n|-supereffective|p2a: Baxcalibur\n|-damage|p2a: Baxcalibur|141/307\n|-damage|p2b: Illumise|0 fnt\n|-unboost|p2a: Baxcalibur|spe|1\n|faint|p2b: Illumise\n|move|p2a: Baxcalibur|Icicle Spear|p1a: Hoopa\n|-damage|p1a: Hoopa|213/259\n|-damage|p1a: Hoopa|167/259\n|-hitcount|p1a: Hoopa|2\n|\n|upkeep\n|\n|t:|1770463608\n|switch|p2b: Deoxys|Deoxys-Defense, L88|22/231\n|-ability|p2b: Deoxys|Pressure\n|turn|13\n|\n|t:|1770463617\n|move|p1b: Iron Bundle|Icy Wind|p2b: Deoxys|[spread] p2a,p2b\n|-supereffective|p2a: Baxcalibur\n|-damage|p2a: Baxcalibur|73/307\n|-damage|p2b: Deoxys|3/231\n|-unboost|p2a: Baxcalibur|spe|1\n|-unboost|p2b: Deoxys|spe|1\n|move|p1a: Hoopa|Hyperspace Fury|p2a: Baxcalibur\n|-damage|p2a: Baxcalibur|0 fnt\n|-unboost|p1a: Hoopa|def|1\n|faint|p2a: Baxcalibur\n|move|p2b: Deoxys|Thunder Wave|p1a: Hoopa\n|-status|p1a: Hoopa|par\n|\n|-sideend|p1: Gappar|move: Tailwind\n|upkeep\n|\n|t:|1770463629\n|switch|p2a: Meowscarada|Meowscarada, L79, F|250/250\n|turn|14\n|\n|t:|1770463641\n|-terastallize|p1a: Hoopa|Dark\n|move|p2a: Meowscarada|Flower Trick|p1a: Hoopa\n|-crit|p1a: Hoopa\n|-damage|p1a: Hoopa|0 fnt\n|faint|p1a: Hoopa\n|-damage|p2a: Meowscarada|225/250|[from] item: Life Orb\n|cant|p1b: Iron Bundle|par\n|move|p2b: Deoxys|Night Shade|p1b: Iron Bundle\n|-damage|p1b: Iron Bundle|0 fnt\n|faint|p1b: Iron Bundle\n|-end|p1b: Iron Bundle|Quark Drive|[silent]\n|\n|win|LazzarinoCominazzo\n|raw|Gappar's rating: 1626 &rarr; <strong>1604</strong><br />(-22 for losing)\n|raw|LazzarinoCominazzo's rating: 1588 &rarr; <strong>1610</strong><br />(+22 for winning)\n|l|☆Gappar\n|player|p1|\n", "inputlog": ">version ccdc32dd7cde25fd9e4bed64820e885f66e78a4e\n>start {\"formatid\":\"gen9randomdoublesbattle\",\"seed\":\"sodium,95d37dffb3dd5b9a0ac187896121f98a\",\"rated\":\"Rated battle\"}\n>player p1 {\"name\":\"Gappar\",\"avatar\":\"guitarist\",\"rating\":1626,\"seed\":\"sodium,ceee3a77d3731920f07e8a7d5ff85f11\"}\n>player p2 {\"name\":\"LazzarinoCominazzo\",\"avatar\":\"266\",\"rating\":1588,\"seed\":\"sodium,4bebda9cac764bb632d62b966ffc6908\"}\n>p1 move rockslide, move tailglow\n>p2 move steameruption +1, move thunderwave +1\n>p1 move rockslide, move protect\n>p2 move steameruption +1, move thunderwave +2\n>p1 move rockslide, move scald +2\n>p2 move heatwave, move thunderwave +2\n>p1 switch 3, pass\n>p1 move tailwind, move scald +2\n>p2 move sludgebomb +1, move nightshade +2\n>p1 move energyball +2, move icebeam +1\n>p2 move heatwave, move nightshade +2\n>p2 switch 4, pass\n>p1 move hurricane +1, move scald +1\n>p2 move moonblast +2, switch 3\n>p1 move hurricane +2, move scald +2\n>p2 move moonblast +2, move tailwind\n>p1 pass, switch 4\n>p1 move hurricane +2, move shadowball +2\n>p2 move fireblast +2, move strugglebug\n>p1 move energyball +1, move shadowball +2\n>p2 move fireblast +1, move strugglebug\n>p1 pass, switch 6\n>p2 switch 6, pass\n>p1 move tailwind, move icywind\n>p2 move scaleshot +2 terastallize, move strugglebug\n>p1 move hurricane +1, move icywind\n>p2 move protect, move thunderwave +2\n>p1 switch 5, pass\n>p1 move trick +1, move icywind\n>p2 move iciclespear +1, move strugglebug\n>p2 pass, switch 3\n>p1 move hyperspacefury +1, move icywind\n>p2 move iciclespear +1, move thunderwave +1\n>p2 switch 5, pass\n>p1 move gunkshot +1 terastallize, move icywind\n>p2 move flowertrick +1, move nightshade +2", "uploadtime": 1770463658, "views": 97, "formatid": "gen9randomdoublesbattle", "rating": 1604, "private": 0, "password": null}