{"id": "gen9randomdoublesbattle-2540861226", "format": "[Gen 9] Random Doubles Battle", "players": ["DarkKage24", "Slakingskillz"], "log": "|j|☆DarkKage24\n|j|☆Slakingskillz\n|t:|1771261531\n|gametype|doubles\n|player|p1|DarkKage24|red|1602\n|player|p2|Slakingskillz|rocketgruntf|1610\n|gen|9\n|tier|[Gen 9] Random Doubles Battle\n|rated|\n|rule|Species Clause: Limit one of each Pokémon\n|rule|HP Percentage Mod: HP is shown in percentages\n|rule|Illusion Level Mod: Illusion disguises the Pokémon's true level\n|rule|Sleep Clause Mod: Limit one foe put to sleep\n|\n|t:|1771261531\n|teamsize|p1|6\n|teamsize|p2|6\n|start\n|switch|p1a: Manaphy|Manaphy, L78|284/284\n|switch|p1b: Salazzle|Salazzle, L86, F|257/257\n|switch|p2a: Electivire|Electivire, L86, M|269/269\n|switch|p2b: Bastiodon|Bastiodon, L89, F|252/252\n|turn|1\n|inactive|Battle timer is ON: inactive players will automatically lose when time's up. (requested by Slakingskillz)\n|l|☆DarkKage24\n|inactive|DarkKage24 disconnected and has a minute to reconnect!\n|player|p1|\n|j|☆DarkKage24\n|inactive|DarkKage24 reconnected and has 140 seconds left.\n|player|p1|DarkKage24|red|\n|inactive|Slakingskillz has 120 seconds left.\n|inactive|DarkKage24 has 120 seconds left.\n|inactive|Slakingskillz has 90 seconds left.\n|inactive|Slakingskillz has 60 seconds left.\n|\n|t:|1771261643\n|move|p1b: Salazzle|Heat Wave|p2a: Electivire|[spread] p2a,p2b\n|-damage|p2a: Electivire|194/269\n|-damage|p2b: Bastiodon|169/252\n|-status|p2a: Electivire|brn\n|-damage|p1b: Salazzle|232/257|[from] item: Life Orb\n|move|p2a: Electivire|Wild Charge|p1a: Manaphy\n|-supereffective|p1a: Manaphy\n|-damage|p1a: Manaphy|166/284\n|-damage|p2a: Electivire|164/269 brn|[from] Recoil\n|move|p1a: Manaphy|Scald|p2b: Bastiodon\n|-supereffective|p2b: Bastiodon\n|-damage|p2b: Bastiodon|65/252\n|move|p2b: Bastiodon|Iron Defense|p2b: Bastiodon\n|-boost|p2b: Bastiodon|def|2\n|\n|-heal|p1a: Manaphy|183/284|[from] item: Leftovers\n|-heal|p2b: Bastiodon|80/252|[from] item: Leftovers\n|-damage|p2a: Electivire|148/269 brn|[from] brn\n|upkeep\n|turn|2\n|inactive|Slakingskillz has 120 seconds left.\n|\n|t:|1771261672\n|move|p2b: Bastiodon|Wide Guard|p2b: Bastiodon\n|-singleturn|p2b: Bastiodon|Wide Guard\n|move|p1b: Salazzle|Heat Wave|p2b: Bastiodon|[spread] \n|-activate|p2a: Electivire|move: Wide Guard\n|-activate|p2b: Bastiodon|move: Wide Guard\n|move|p2a: Electivire|Knock Off|p1a: Manaphy\n|-damage|p1a: Manaphy|138/284\n|-enditem|p1a: Manaphy|Leftovers|[from] move: Knock Off|[of] p2a: Electivire\n|move|p1a: Manaphy|Scald|p2b: Bastiodon\n|-supereffective|p2b: Bastiodon\n|-damage|p2b: Bastiodon|0 fnt\n|faint|p2b: Bastiodon\n|\n|-damage|p2a: Electivire|132/269 brn|[from] brn\n|upkeep\n|inactive|Slakingskillz has 90 seconds left.\n|\n|t:|1771261692\n|switch|p2b: Vaporeon|Vaporeon, L84, F|356/356\n|turn|3\n|\n|t:|1771261702\n|move|p1b: Salazzle|Sludge Bomb|p2b: Vaporeon\n|-damage|p2b: Vaporeon|212/356\n|-damage|p1b: Salazzle|207/257|[from] item: Life Orb\n|move|p2a: Electivire|Wild Charge|p1a: Manaphy\n|-supereffective|p1a: Manaphy\n|-damage|p1a: Manaphy|23/284\n|-damage|p2a: Electivire|103/269 brn|[from] Recoil\n|move|p1a: Manaphy|Ice Beam|p2a: Electivire\n|-damage|p2a: Electivire|64/269 brn\n|move|p2b: Vaporeon|Icy Wind|p1b: Salazzle|[spread] p1a\n|-miss|p2b: Vaporeon|p1b: Salazzle\n|-resisted|p1a: Manaphy\n|-damage|p1a: Manaphy|7/284\n|-unboost|p1a: Manaphy|spe|1\n|\n|-damage|p2a: Electivire|48/269 brn|[from] brn\n|upkeep\n|turn|4\n|inactive|Slakingskillz has 120 seconds left.\n|\n|t:|1771261718\n|move|p1a: Manaphy|Protect|p1a: Manaphy\n|-singleturn|p1a: Manaphy|Protect\n|move|p1b: Salazzle|Sludge Bomb|p2b: Vaporeon\n|-damage|p2b: Vaporeon|79/356\n|-enditem|p2b: Vaporeon|Sitrus Berry|[eat]\n|-heal|p2b: Vaporeon|168/356|[from] item: Sitrus Berry\n|-damage|p1b: Salazzle|182/257|[from] item: Life Orb\n|move|p2a: Electivire|Wild Charge|p1b: Salazzle\n|-damage|p1b: Salazzle|104/257\n|-damage|p2a: Electivire|28/269 brn|[from] Recoil\n|move|p2b: Vaporeon|Icy Wind|p1a: Manaphy|[spread] p1b\n|-activate|p1a: Manaphy|move: Protect\n|-resisted|p1b: Salazzle\n|-damage|p1b: Salazzle|84/257\n|-unboost|p1b: Salazzle|spe|1\n|\n|-damage|p2a: Electivire|12/269 brn|[from] brn\n|upkeep\n|turn|5\n|\n|t:|1771261730\n|move|p1b: Salazzle|Protect|p1b: Salazzle\n|-singleturn|p1b: Salazzle|Protect\n|move|p2a: Electivire|Wild Charge|p1b: Salazzle\n|-activate|p1b: Salazzle|move: Protect\n|move|p2b: Vaporeon|Icy Wind|p1b: Salazzle|[spread] p1a\n|-activate|p1b: Salazzle|move: Protect\n|-resisted|p1a: Manaphy\n|-damage|p1a: Manaphy|0 fnt\n|faint|p1a: Manaphy\n|\n|-damage|p2a: Electivire|0 fnt|[from] brn\n|faint|p2a: Electivire\n|upkeep\n|\n|t:|1771261737\n|switch|p2a: Arcanine|Arcanine, L82, F|282/282\n|switch|p1a: Regidrago|Regidrago, L74|418/418\n|-ability|p2a: Arcanine|Intimidate|boost\n|-unboost|p1a: Regidrago|atk|1\n|-unboost|p1b: Salazzle|atk|1\n|turn|6\n|\n|t:|1771261747\n|move|p2a: Arcanine|Extreme Speed|p1b: Salazzle\n|-damage|p1b: Salazzle|3/257\n|move|p1a: Regidrago|Earth Power|p2b: Vaporeon\n|-damage|p2b: Vaporeon|117/356\n|move|p1b: Salazzle|Sludge Bomb|p2b: Vaporeon\n|-damage|p2b: Vaporeon|0 fnt\n|faint|p2b: Vaporeon\n|-damage|p1b: Salazzle|0 fnt|[from] item: Life Orb\n|faint|p1b: Salazzle\n|\n|upkeep\n|\n|t:|1771261764\n|switch|p1b: Rhyperior|Rhyperior, L82, F|323/323\n|switch|p2b: Indeedee|Indeedee-F, L91, F|275/275\n|-fieldstart|move: Psychic Terrain|[from] ability: Psychic Surge|[of] p2b: Indeedee\n|turn|7\n|\n|t:|1771261774\n|switch|p1a: Orthworm|Orthworm, L88, M|266/266\n|switch|p2a: Meloetta|Meloetta, L80|291/291\n|move|p2b: Indeedee|Psychic|p1b: Rhyperior\n|-damage|p1b: Rhyperior|104/323\n|move|p1b: Rhyperior|Rock Polish|p1b: Rhyperior\n|-boost|p1b: Rhyperior|spe|2\n|\n|upkeep\n|turn|8\n|\n|t:|1771261794\n|move|p1b: Rhyperior|Protect|p1b: Rhyperior\n|-singleturn|p1b: Rhyperior|Protect\n|move|p2b: Indeedee|Psychic|p1b: Rhyperior\n|-activate|p1b: Rhyperior|move: Protect\n|move|p2a: Meloetta|Focus Blast|p1a: Orthworm\n|-supereffective|p1a: Orthworm\n|-damage|p1a: Orthworm|0 fnt\n|faint|p1a: Orthworm\n|-damage|p2a: Meloetta|262/291|[from] item: Life Orb\n|\n|upkeep\n|\n|t:|1771261803\n|switch|p1a: Dragonite|Dragonite, L82, F|283/283\n|turn|9\n|\n|t:|1771261815\n|-terastallize|p1a: Dragonite|Flying\n|move|p2b: Indeedee|Follow Me|p2b: Indeedee\n|-singleturn|p2b: Indeedee|move: Follow Me\n|move|p1b: Rhyperior|Rock Slide|p2b: Indeedee|[spread] p2a,p2b\n|-damage|p2a: Meloetta|180/291\n|-damage|p2b: Indeedee|185/275\n|move|p2a: Meloetta|Hyper Voice|p1a: Dragonite|[spread] p1a,p1b\n|-resisted|p1b: Rhyperior\n|-damage|p1a: Dragonite|184/283\n|-damage|p1b: Rhyperior|26/323\n|-damage|p2a: Meloetta|151/291|[from] item: Life Orb\n|move|p1a: Dragonite|Tailwind|p1a: Dragonite\n|-sidestart|p1: DarkKage24|move: Tailwind\n|\n|upkeep\n|turn|10\n|\n|t:|1771261832\n|move|p1b: Rhyperior|Rock Slide|p2b: Indeedee|[spread] p2a,p2b\n|-crit|p2b: Indeedee\n|-damage|p2a: Meloetta|57/291\n|-damage|p2b: Indeedee|41/275\n|-enditem|p2b: Indeedee|Sitrus Berry|[eat]\n|-heal|p2b: Indeedee|109/275|[from] item: Sitrus Berry\n|move|p1a: Dragonite|Tera Blast|p2a: Meloetta|[anim] Tera Blast Flying\n|-damage|p2a: Meloetta|0 fnt\n|faint|p2a: Meloetta\n|-damage|p1a: Dragonite|156/283|[from] item: Life Orb\n|cant|p2b: Indeedee|flinch\n|\n|upkeep\n|\n|t:|1771261841\n|switch|p2a: Arcanine|Arcanine, L82, F|282/282\n|-ability|p2a: Arcanine|Intimidate|boost\n|-fail|p1a: Dragonite|unboost|Attack|[from] ability: Inner Focus|[of] p1a: Dragonite\n|-unboost|p1b: Rhyperior|atk|1\n|turn|11\n|\n|t:|1771261860\n|move|p2b: Indeedee|Helping Hand|p2a: Arcanine\n|-singleturn|p2a: Arcanine|Helping Hand|[of] p2b: Indeedee\n|move|p2a: Arcanine|Extreme Speed|p1a: Dragonite\n|-hint|Psychic Terrain doesn't affect Pokémon immune to Ground.\n|-damage|p1a: Dragonite|65/283\n|move|p1b: Rhyperior|Rock Slide|p2a: Arcanine|[spread] p2a,p2b\n|-supereffective|p2a: Arcanine\n|-damage|p2a: Arcanine|168/282\n|-damage|p2b: Indeedee|46/275\n|move|p1a: Dragonite|Tera Blast|p2b: Indeedee|[anim] Tera Blast Flying\n|-damage|p2b: Indeedee|0 fnt\n|faint|p2b: Indeedee\n|-damage|p1a: Dragonite|37/283|[from] item: Life Orb\n|\n|-fieldend|move: Psychic Terrain\n|upkeep\n|turn|12\n|\n|t:|1771261874\n|move|p2a: Arcanine|Extreme Speed|p1b: Rhyperior\n|-resisted|p1b: Rhyperior\n|-damage|p1b: Rhyperior|2/323\n|move|p1b: Rhyperior|High Horsepower|p2a: Arcanine\n|-supereffective|p2a: Arcanine\n|-damage|p2a: Arcanine|0 fnt\n|faint|p2a: Arcanine\n|\n|win|DarkKage24\n|raw|DarkKage24's rating: 1602 &rarr; <strong>1622</strong><br />(+20 for winning)\n|raw|Slakingskillz's rating: 1610 &rarr; <strong>1590</strong><br />(-20 for losing)\n|l|☆Slakingskillz\n|player|p2|\n", "inputlog": ">version 686819e5e19f8a7fd2345cfc5a08a5085efa2cc3\n>start {\"formatid\":\"gen9randomdoublesbattle\",\"seed\":\"sodium,041baabb163eb83081f5d77765593dad\",\"rated\":\"Rated battle\"}\n>player p1 {\"name\":\"DarkKage24\",\"avatar\":\"red\",\"rating\":1602,\"seed\":\"sodium,6711bd12ccac99dbab20bf6e54e1fbb8\"}\n>player p2 {\"name\":\"Slakingskillz\",\"avatar\":\"rocketgruntf\",\"rating\":1610,\"seed\":\"sodium,3af06401765a7217a6f6d65b6bbe1f32\"}\n>p1 move scald +2, move heatwave\n>p2 move wildcharge +1, move irondefense\n>p1 move scald +2, move heatwave\n>p2 move knockoff +1, move wideguard\n>p2 pass, switch 4\n>p1 move icebeam +1, move sludgebomb +2\n>p2 move wildcharge +1, move icywind\n>p1 move protect, move sludgebomb +2\n>p2 move wildcharge +2, move icywind\n>p1 move icebeam +1, move protect\n>p2 move wildcharge +2, move icywind\n>p1 switch 4, pass\n>p2 switch 3, pass\n>p1 move earthpower +2, move sludgebomb +2\n>p2 move extremespeed +2, move icywind\n>p1 pass, switch 5\n>p2 pass, switch 6\n>p1 switch 6, move rockpolish\n>p2 switch 5, move psychic +2\n>p1 move shedtail, move protect\n>p2 move focusblast +1, move psychic +2\n>p1 switch 3, pass\n>p1 move tailwind terastallize, move rockslide\n>p2 move hypervoice, move followme\n>p1 move terablast +1, move rockslide\n>p2 move hypervoice, move psychic +1\n>p2 switch 5, pass\n>p1 move terablast +2, move rockslide\n>p2 move extremespeed +1, move helpinghand -1\n>p1 move dracometeor +1, move highhorsepower +1\n>p2 move extremespeed +2, pass", "uploadtime": 1771261883, "views": 8, "formatid": "gen9randomdoublesbattle", "rating": 1590, "private": 0, "password": null}