{"id": "gen9randomdoublesbattle-2540064102", "format": "[Gen 9] Random Doubles Battle", "players": ["SHADOWT28", "wigge17"], "log": "|j|☆SHADOWT28\n|j|☆wigge17\n|t:|1771155287\n|gametype|doubles\n|player|p1|SHADOWT28|ash-kalos|1671\n|player|p2|wigge17|2|1755\n|gen|9\n|tier|[Gen 9] Random Doubles Battle\n|rated|\n|rule|Species Clause: Limit one of each Pokémon\n|rule|HP Percentage Mod: HP is shown in percentages\n|rule|Illusion Level Mod: Illusion disguises the Pokémon's true level\n|rule|Sleep Clause Mod: Limit one foe put to sleep\n|\n|t:|1771155287\n|teamsize|p1|6\n|teamsize|p2|6\n|start\n|switch|p1a: Phione|Phione, L90|290/290\n|switch|p1b: Dondozo|Dondozo, L85, M|394/394\n|switch|p2a: Grafaiai|Grafaiai, L88, F|254/254\n|switch|p2b: Ampharos|Ampharos, L86, M|295/295\n|turn|1\n|inactive|Battle timer is ON: inactive players will automatically lose when time's up. (requested by SHADOWT28)\n|inactive|SHADOWT28 has 120 seconds left.\n|\n|t:|1771155328\n|switch|p1a: Weezing|Weezing, L91, F|266/266\n|-terastallize|p1b: Dondozo|Dragon\n|move|p2a: Grafaiai|Taunt|p1a: Weezing\n|-start|p1a: Weezing|move: Taunt\n|move|p2b: Ampharos|Thunder Wave|p1a: Weezing\n|-status|p1a: Weezing|par\n|move|p1b: Dondozo|Wave Crash|p2a: Grafaiai\n|-damage|p2a: Grafaiai|80/254\n|-enditem|p2a: Grafaiai|Sitrus Berry|[eat]\n|-heal|p2a: Grafaiai|143/254|[from] item: Sitrus Berry\n|-damage|p1b: Dondozo|337/394|[from] Recoil\n|\n|upkeep\n|turn|2\n|\n|t:|1771155348\n|move|p2a: Grafaiai|Knock Off|p1a: Weezing\n|-damage|p1a: Weezing|215/266 par\n|-enditem|p1a: Weezing|Sitrus Berry|[from] move: Knock Off|[of] p2a: Grafaiai\n|move|p1b: Dondozo|Wave Crash|p2a: Grafaiai\n|-damage|p2a: Grafaiai|0 fnt\n|faint|p2a: Grafaiai\n|-damage|p1b: Dondozo|290/394|[from] Recoil\n|move|p1a: Weezing|Gunk Shot|p2b: Ampharos|[miss]\n|-miss|p1a: Weezing|p2b: Ampharos\n|move|p2b: Ampharos|Dragon Tail|p1b: Dondozo|[miss]\n|-miss|p2b: Ampharos|p1b: Dondozo\n|\n|upkeep\n|inactive|wigge17 has 120 seconds left.\n|\n|t:|1771155367\n|switch|p2a: Kingdra|Kingdra, L85, M|266/266\n|turn|3\n|\n|t:|1771155391\n|switch|p1b: Registeel|Registeel, L78|253/253\n|move|p2a: Kingdra|Rain Dance|p2a: Kingdra\n|-weather|RainDance\n|move|p1a: Weezing|Gunk Shot|p2b: Ampharos\n|-damage|p2b: Ampharos|159/295\n|-status|p2b: Ampharos|psn\n|move|p2b: Ampharos|Dragon Tail|p1b: Registeel\n|-resisted|p1b: Registeel\n|-damage|p1b: Registeel|241/253\n|drag|p1b: Dondozo|Dondozo, L85, M, tera:Dragon|290/394\n|\n|-weather|RainDance|[upkeep]\n|-damage|p2b: Ampharos|123/295 psn|[from] psn\n|-end|p1a: Weezing|move: Taunt\n|upkeep\n|-enditem|p2b: Ampharos|Sitrus Berry|[eat]\n|-heal|p2b: Ampharos|196/295 psn|[from] item: Sitrus Berry\n|turn|4\n|\n|t:|1771155410\n|switch|p1b: Registeel|Registeel, L78|241/253\n|move|p2a: Kingdra|Protect|p2a: Kingdra\n|-singleturn|p2a: Kingdra|Protect\n|cant|p1a: Weezing|par\n|move|p2b: Ampharos|Dragon Tail|p1b: Registeel\n|-resisted|p1b: Registeel\n|-damage|p1b: Registeel|228/253\n|drag|p1b: Dondozo|Dondozo, L85, M, tera:Dragon|290/394\n|\n|-weather|RainDance|[upkeep]\n|-damage|p2b: Ampharos|160/295 psn|[from] psn\n|upkeep\n|turn|5\n|\n|t:|1771155424\n|switch|p1b: Registeel|Registeel, L78|228/253\n|move|p2a: Kingdra|Muddy Water|p1b: Registeel|[spread] p1a,p1b\n|-damage|p1a: Weezing|62/266 par\n|-damage|p1b: Registeel|138/253\n|-damage|p2a: Kingdra|240/266|[from] item: Life Orb\n|move|p1a: Weezing|Gunk Shot|p2b: Ampharos\n|-damage|p2b: Ampharos|9/295 psn\n|move|p2b: Ampharos|Dragon Tail|p1b: Registeel\n|-resisted|p1b: Registeel\n|-damage|p1b: Registeel|124/253\n|drag|p1b: Dondozo|Dondozo, L85, M, tera:Dragon|290/394\n|\n|-weather|RainDance|[upkeep]\n|-damage|p2b: Ampharos|0 fnt|[from] psn\n|faint|p2b: Ampharos\n|upkeep\n|\n|t:|1771155437\n|switch|p2b: Primarina|Primarina, L79, M|256/256\n|turn|6\n|inactive|SHADOWT28 has 120 seconds left.\n|\n|t:|1771155475\n|switch|p1b: Phione|Phione, L90|290/290\n|move|p2a: Kingdra|Muddy Water|p1b: Phione|[spread] p1b\n|-miss|p2a: Kingdra|p1a: Weezing\n|-resisted|p1b: Phione\n|-damage|p1b: Phione|217/290\n|-damage|p2a: Kingdra|214/266|[from] item: Life Orb\n|move|p2b: Primarina|Moonblast|p1b: Phione\n|-damage|p1b: Phione|109/290\n|move|p1a: Weezing|Gunk Shot|p2b: Primarina\n|-supereffective|p2b: Primarina\n|-damage|p2b: Primarina|0 fnt\n|faint|p2b: Primarina\n|\n|-weather|RainDance|[upkeep]\n|-heal|p1b: Phione|127/290|[from] item: Leftovers\n|upkeep\n|\n|t:|1771155485\n|switch|p2b: Seviper|Seviper, L96, F|296/296\n|turn|7\n|\n|t:|1771155503\n|move|p2a: Kingdra|Muddy Water|p1a: Weezing|[spread] p1a,p1b\n|-resisted|p1b: Phione\n|-damage|p1a: Weezing|0 fnt\n|-damage|p1b: Phione|58/290\n|-unboost|p1b: Phione|accuracy|1\n|faint|p1a: Weezing\n|-damage|p2a: Kingdra|188/266|[from] item: Life Orb\n|move|p1b: Phione|Scald|p2b: Seviper\n|-damage|p2b: Seviper|142/296\n|move|p2b: Seviper|Gunk Shot|p1b: Phione\n|-damage|p1b: Phione|0 fnt\n|faint|p1b: Phione\n|-damage|p2b: Seviper|113/296|[from] item: Life Orb\n|\n|-weather|none\n|upkeep\n|inactive|SHADOWT28 has 120 seconds left.\n|\n|t:|1771155523\n|switch|p1b: Dondozo|Dondozo, L85, M, tera:Dragon|290/394\n|switch|p1a: Noivern|Noivern, L84, F|280/280\n|-item|p2a: Kingdra|Life Orb|[from] ability: Frisk|[of] p1a: Noivern\n|-item|p2b: Seviper|Life Orb|[from] ability: Frisk|[of] p1a: Noivern\n|turn|8\n|\n|t:|1771155533\n|move|p2a: Kingdra|Protect|p2a: Kingdra\n|-singleturn|p2a: Kingdra|Protect\n|move|p1a: Noivern|Draco Meteor|p2a: Kingdra\n|-activate|p2a: Kingdra|move: Protect\n|move|p2b: Seviper|Gunk Shot|p1a: Noivern\n|-damage|p1a: Noivern|60/280\n|-enditem|p1a: Noivern|Sitrus Berry|[eat]\n|-heal|p1a: Noivern|130/280|[from] item: Sitrus Berry\n|-damage|p2b: Seviper|84/296|[from] item: Life Orb\n|move|p1b: Dondozo|Wave Crash|p2b: Seviper\n|-damage|p2b: Seviper|0 fnt\n|faint|p2b: Seviper\n|-damage|p1b: Dondozo|262/394|[from] Recoil\n|\n|upkeep\n|\n|t:|1771155542\n|switch|p2b: Wyrdeer|Wyrdeer, L85, F|314/314\n|-ability|p2b: Wyrdeer|Intimidate|boost\n|-unboost|p1a: Noivern|atk|1\n|-unboost|p1b: Dondozo|atk|1\n|turn|9\n|\n|t:|1771155559\n|-terastallize|p2a: Kingdra|Water\n|move|p1a: Noivern|Draco Meteor|p2a: Kingdra\n|-damage|p2a: Kingdra|70/266\n|-unboost|p1a: Noivern|spa|2\n|move|p2a: Kingdra|Rain Dance|p2a: Kingdra\n|-weather|RainDance\n|move|p2b: Wyrdeer|Psychic|p1a: Noivern\n|-damage|p1a: Noivern|0 fnt\n|faint|p1a: Noivern\n|-damage|p2b: Wyrdeer|283/314|[from] item: Life Orb\n|move|p1b: Dondozo|Wave Crash|p2b: Wyrdeer\n|-damage|p2b: Wyrdeer|118/314\n|-damage|p1b: Dondozo|208/394|[from] Recoil\n|\n|-weather|RainDance|[upkeep]\n|upkeep\n|\n|t:|1771155568\n|switch|p1a: Registeel|Registeel, L78|124/253\n|turn|10\n|\n|t:|1771155584\n|move|p2a: Kingdra|Muddy Water|p1b: Dondozo|[spread] p1a,p1b\n|-resisted|p1b: Dondozo\n|-damage|p1a: Registeel|0 fnt\n|-damage|p1b: Dondozo|135/394\n|-unboost|p1b: Dondozo|accuracy|1\n|faint|p1a: Registeel\n|-damage|p2a: Kingdra|44/266|[from] item: Life Orb\n|move|p2b: Wyrdeer|Psychic|p1b: Dondozo\n|-damage|p1b: Dondozo|30/394\n|-damage|p2b: Wyrdeer|87/314|[from] item: Life Orb\n|move|p1b: Dondozo|Wave Crash|p2b: Wyrdeer|[miss]\n|-miss|p1b: Dondozo|p2b: Wyrdeer\n|\n|-weather|RainDance|[upkeep]\n|upkeep\n|\n|t:|1771155588\n|switch|p1a: Drifblim|Drifblim, L85, F|394/394\n|turn|11\n|\n|t:|1771155609\n|move|p2a: Kingdra|Muddy Water|p1a: Drifblim|[spread] p1a,p1b\n|-resisted|p1b: Dondozo\n|-damage|p1a: Drifblim|150/394\n|-damage|p1b: Dondozo|0 fnt\n|-unboost|p1a: Drifblim|accuracy|1\n|-enditem|p1a: Drifblim|Sitrus Berry|[eat]\n|-heal|p1a: Drifblim|248/394|[from] item: Sitrus Berry\n|faint|p1b: Dondozo\n|-damage|p2a: Kingdra|18/266|[from] item: Life Orb\n|move|p1a: Drifblim|Shadow Ball|p2a: Kingdra|[miss]\n|-miss|p1a: Drifblim|p2a: Kingdra\n|move|p2b: Wyrdeer|Psychic|p1a: Drifblim\n|-crit|p1a: Drifblim\n|-damage|p1a: Drifblim|0 fnt\n|faint|p1a: Drifblim\n|-damage|p2b: Wyrdeer|56/314|[from] item: Life Orb\n|\n|win|wigge17\n|raw|SHADOWT28's rating: 1671 &rarr; <strong>1656</strong><br />(-15 for losing)\n|raw|wigge17's rating: 1755 &rarr; <strong>1770</strong><br />(+15 for winning)\n", "inputlog": ">version 686819e5e19f8a7fd2345cfc5a08a5085efa2cc3\n>start {\"formatid\":\"gen9randomdoublesbattle\",\"seed\":\"sodium,753324443e562f44e5a6f1fd6c506771\",\"rated\":\"Rated battle\"}\n>player p1 {\"name\":\"SHADOWT28\",\"avatar\":\"ash-kalos\",\"rating\":1671,\"seed\":\"sodium,38514db055c682e5acaebb944cb5ade9\"}\n>player p2 {\"name\":\"wigge17\",\"avatar\":\"2\",\"rating\":1755,\"seed\":\"sodium,a01105417baf4e14d98f1e1beadf0f9c\"}\n>p1 switch 3, move wavecrash +1 terastallize\n>p2 move taunt +1, move thunderwave +1\n>p1 move gunkshot +2, move wavecrash +1\n>p2 move knockoff +1, move dragontail +2\n>p2 switch 5, pass\n>p1 move gunkshot +2, switch 5\n>p2 move raindance, move dragontail +2\n>p1 move fireblast +2, switch 5\n>p2 move protect, move dragontail +2\n>p1 move gunkshot +2, switch 5\n>p2 move muddywater, move dragontail +2\n>p2 pass, switch 3\n>p1 move gunkshot +2, switch 3\n>p2 move muddywater, move moonblast +2\n>p2 pass, switch 4\n>p1 move gunkshot +1, move scald +2\n>p2 move muddywater, move gunkshot +2\n>p1 switch 4, switch 3\n>p1 move dracometeor +1, move wavecrash +2\n>p2 move protect, move gunkshot +1\n>p2 pass, switch 6\n>p1 move dracometeor +1, move wavecrash +2\n>p2 move raindance terastallize, move psychic +1\n>p1 switch 5, pass\n>p1 move bodypress +1, move wavecrash +2\n>p2 move muddywater, move psychic +2\n>p1 switch 6, pass\n>p1 move shadowball +1, move wavecrash +2\n>p2 move muddywater, move psychic +1", "uploadtime": 1771155609, "views": 66, "formatid": "gen9randomdoublesbattle", "rating": 1656, "private": 0, "password": null}