{"id": "gen9randomdoublesbattle-2535330815", "format": "[Gen 9] Random Doubles Battle", "players": ["Teo99n12", "AquaArsh3546"], "log": "|j|‽Teo99n12\n|j|☆AquaArsh3546\n|t:|1770553231\n|gametype|doubles\n|player|p1|Teo99n12|n|1627\n|player|p2|AquaArsh3546|dawn|1818\n|gen|9\n|tier|[Gen 9] Random Doubles Battle\n|rated|\n|rule|Species Clause: Limit one of each Pokémon\n|rule|HP Percentage Mod: HP is shown in percentages\n|rule|Illusion Level Mod: Illusion disguises the Pokémon's true level\n|rule|Sleep Clause Mod: Limit one foe put to sleep\n|\n|t:|1770553231\n|teamsize|p1|6\n|teamsize|p2|6\n|start\n|switch|p1a: Great Tusk|Great Tusk, L81|319/319\n|switch|p1b: Ho-Oh|Ho-Oh, L70|264/264\n|switch|p2a: Garganacl|Garganacl, L81, F|295/295\n|switch|p2b: Poliwrath|Poliwrath, L90, F|308/308\n|turn|1\n|inactive|Battle timer is ON: inactive players will automatically lose when time's up. (requested by AquaArsh3546)\n|\n|t:|1770553256\n|switch|p2a: Gliscor|Gliscor, L81, F|254/254\n|move|p1a: Great Tusk|Headlong Rush|p2a: Gliscor\n|-immune|p2a: Gliscor\n|move|p2b: Poliwrath|Liquidation|p1a: Great Tusk\n|-supereffective|p1a: Great Tusk\n|-damage|p1a: Great Tusk|173/319\n|-unboost|p1a: Great Tusk|def|1\n|move|p1b: Ho-Oh|Earth Power|p2a: Gliscor\n|-immune|p2a: Gliscor\n|\n|-status|p2a: Gliscor|tox|[from] item: Toxic Orb\n|upkeep\n|turn|2\n|\n|t:|1770553271\n|move|p2a: Gliscor|Swords Dance|p2a: Gliscor\n|-boost|p2a: Gliscor|atk|2\n|move|p1a: Great Tusk|Rapid Spin|p2a: Gliscor\n|-damage|p2a: Gliscor|219/254 tox\n|-boost|p1a: Great Tusk|spe|1\n|move|p2b: Poliwrath|Liquidation|p1a: Great Tusk\n|-supereffective|p1a: Great Tusk\n|-damage|p1a: Great Tusk|0 fnt\n|faint|p1a: Great Tusk\n|-end|p1a: Great Tusk|Protosynthesis|[silent]\n|move|p1b: Ho-Oh|Tailwind|p1b: Ho-Oh\n|-sidestart|p1: Teo99n12|move: Tailwind\n|\n|-heal|p2a: Gliscor|250/254 tox|[from] ability: Poison Heal\n|upkeep\n|\n|t:|1770553287\n|switch|p1a: Forretress|Forretress, L90, F|281/281\n|turn|3\n|\n|t:|1770553294\n|move|p1b: Ho-Oh|Brave Bird|p2b: Poliwrath\n|-supereffective|p2b: Poliwrath\n|-damage|p2b: Poliwrath|90/308\n|-enditem|p2b: Poliwrath|Sitrus Berry|[eat]\n|-heal|p2b: Poliwrath|167/308|[from] item: Sitrus Berry\n|-damage|p1b: Ho-Oh|192/264|[from] Recoil\n|move|p1a: Forretress|Iron Defense|p1a: Forretress\n|-boost|p1a: Forretress|def|2\n|move|p2a: Gliscor|Facade|p1b: Ho-Oh\n|-damage|p1b: Ho-Oh|0 fnt\n|faint|p1b: Ho-Oh\n|move|p2b: Poliwrath|Knock Off|p1a: Forretress\n|-damage|p1a: Forretress|256/281\n|-enditem|p1a: Forretress|Chesto Berry|[from] move: Knock Off|[of] p2b: Poliwrath\n|\n|-heal|p2a: Gliscor|254/254 tox|[from] ability: Poison Heal\n|upkeep\n|\n|t:|1770553312\n|switch|p1b: Bellossom|Bellossom, L87, M|272/272\n|turn|4\n|\n|t:|1770553335\n|switch|p2b: Mesprit|Mesprit, L86|278/278\n|move|p2a: Gliscor|Protect|p2a: Gliscor\n|-singleturn|p2a: Gliscor|Protect\n|move|p1b: Bellossom|Giga Drain|p2a: Gliscor\n|-activate|p2a: Gliscor|move: Protect\n|move|p1a: Forretress|Body Press|p2b: Mesprit\n|-resisted|p2b: Mesprit\n|-damage|p2b: Mesprit|205/278\n|\n|upkeep\n|turn|5\n|\n|t:|1770553349\n|move|p2b: Mesprit|Ice Beam|p1b: Bellossom\n|-supereffective|p1b: Bellossom\n|-damage|p1b: Bellossom|152/272\n|move|p1b: Bellossom|Strength Sap|p2a: Gliscor\n|-unboost|p2a: Gliscor|atk|1\n|-heal|p1b: Bellossom|272/272\n|move|p1a: Forretress|Iron Head|p2b: Mesprit\n|-damage|p2b: Mesprit|129/278\n|move|p2a: Gliscor|Earthquake|p1a: Forretress|[spread] p1a,p1b\n|-immune|p2b: Mesprit|[from] ability: Levitate\n|-resisted|p1b: Bellossom\n|-damage|p1a: Forretress|219/281\n|-damage|p1b: Bellossom|221/272\n|\n|-sideend|p1: Teo99n12|move: Tailwind\n|upkeep\n|turn|6\n|\n|t:|1770553367\n|move|p2b: Mesprit|Ice Beam|p1b: Bellossom\n|-supereffective|p1b: Bellossom\n|-damage|p1b: Bellossom|103/272\n|-enditem|p1b: Bellossom|Sitrus Berry|[eat]\n|-heal|p1b: Bellossom|171/272|[from] item: Sitrus Berry\n|move|p2a: Gliscor|Swords Dance|p2a: Gliscor\n|-boost|p2a: Gliscor|atk|2\n|move|p1b: Bellossom|Quiver Dance|p1b: Bellossom\n|-boost|p1b: Bellossom|spa|1\n|-boost|p1b: Bellossom|spd|1\n|-boost|p1b: Bellossom|spe|1\n|move|p1a: Forretress|Iron Head|p2b: Mesprit\n|-damage|p2b: Mesprit|44/278\n|\n|upkeep\n|turn|7\n|\n|t:|1770553391\n|switch|p2b: Poliwrath|Poliwrath, L90, F|167/308\n|move|p1b: Bellossom|Strength Sap|p2a: Gliscor\n|-unboost|p2a: Gliscor|atk|1\n|-heal|p1b: Bellossom|272/272\n|move|p2a: Gliscor|Facade|p1b: Bellossom\n|-damage|p1b: Bellossom|114/272\n|move|p1a: Forretress|Iron Head|p2b: Poliwrath\n|-resisted|p2b: Poliwrath\n|-damage|p2b: Poliwrath|128/308\n|\n|upkeep\n|turn|8\n|\n|t:|1770553413\n|move|p1b: Bellossom|Strength Sap|p2a: Gliscor\n|-unboost|p2a: Gliscor|atk|1\n|-heal|p1b: Bellossom|272/272\n|move|p2a: Gliscor|Facade|p1b: Bellossom\n|-damage|p1b: Bellossom|146/272\n|move|p2b: Poliwrath|Liquidation|p1a: Forretress\n|-damage|p1a: Forretress|183/281\n|move|p1a: Forretress|Body Press|p2a: Gliscor\n|-resisted|p2a: Gliscor\n|-damage|p2a: Gliscor|186/254 tox\n|\n|-heal|p2a: Gliscor|217/254 tox|[from] ability: Poison Heal\n|upkeep\n|turn|9\n|\n|t:|1770553428\n|move|p1b: Bellossom|Strength Sap|p2a: Gliscor\n|-unboost|p2a: Gliscor|atk|1\n|-heal|p1b: Bellossom|272/272\n|move|p2a: Gliscor|Swords Dance|p2a: Gliscor\n|-boost|p2a: Gliscor|atk|2\n|move|p2b: Poliwrath|Liquidation|p1a: Forretress\n|-damage|p1a: Forretress|149/281\n|move|p1a: Forretress|Iron Defense|p1a: Forretress\n|-boost|p1a: Forretress|def|2\n|\n|-heal|p2a: Gliscor|248/254 tox|[from] ability: Poison Heal\n|upkeep\n|turn|10\n|\n|t:|1770553449\n|move|p1b: Bellossom|Strength Sap|p2a: Gliscor\n|-unboost|p2a: Gliscor|atk|1\n|move|p2a: Gliscor|Swords Dance|p2a: Gliscor\n|-boost|p2a: Gliscor|atk|2\n|move|p2b: Poliwrath|Coaching|p2a: Gliscor\n|-boost|p2a: Gliscor|atk|1\n|-boost|p2a: Gliscor|def|1\n|move|p1a: Forretress|Rest|p1a: Forretress\n|-status|p1a: Forretress|slp|[from] move: Rest\n|-heal|p1a: Forretress|281/281 slp|[silent]\n|\n|-activate|p1b: Bellossom|ability: Healer\n|-curestatus|p1a: Forretress|slp|[msg]\n|-heal|p2a: Gliscor|254/254 tox|[from] ability: Poison Heal\n|upkeep\n|turn|11\n|\n|t:|1770553475\n|move|p1b: Bellossom|Giga Drain|p2a: Gliscor\n|-damage|p2a: Gliscor|113/254 tox\n|move|p2a: Gliscor|Facade|p1b: Bellossom\n|-damage|p1b: Bellossom|14/272\n|move|p2b: Poliwrath|Coaching|p2a: Gliscor\n|-boost|p2a: Gliscor|atk|1\n|-boost|p2a: Gliscor|def|1\n|move|p1a: Forretress|Body Press|p2a: Gliscor\n|-resisted|p2a: Gliscor\n|-damage|p2a: Gliscor|65/254 tox\n|\n|-heal|p2a: Gliscor|96/254 tox|[from] ability: Poison Heal\n|upkeep\n|turn|12\n|\n|t:|1770553492\n|move|p2a: Gliscor|Protect|p2a: Gliscor\n|-singleturn|p2a: Gliscor|Protect\n|move|p1b: Bellossom|Giga Drain|p2a: Gliscor\n|-activate|p2a: Gliscor|move: Protect\n|move|p2b: Poliwrath|Close Combat|p1b: Bellossom\n|-damage|p1b: Bellossom|0 fnt\n|-unboost|p2b: Poliwrath|def|1\n|-unboost|p2b: Poliwrath|spd|1\n|faint|p1b: Bellossom\n|move|p1a: Forretress|Body Press|p2b: Poliwrath\n|-damage|p2b: Poliwrath|0 fnt\n|faint|p2b: Poliwrath\n|\n|-heal|p2a: Gliscor|127/254 tox|[from] ability: Poison Heal\n|upkeep\n|\n|t:|1770553517\n|switch|p2b: Vivillon|Vivillon-Sandstorm, L88, M|284/284\n|switch|p1b: Ogerpon|Ogerpon-Cornerstone, L75, F|244/244\n|turn|13\n|\n|t:|1770553530\n|move|p1b: Ogerpon|Spiky Shield|p1b: Ogerpon\n|-singleturn|p1b: Ogerpon|move: Protect\n|move|p2a: Gliscor|Protect|p2a: Gliscor\n|-singleturn|p2a: Gliscor|Protect\n|move|p2b: Vivillon|Sleep Powder|p1a: Forretress\n|-status|p1a: Forretress|slp|[from] move: Sleep Powder\n|cant|p1a: Forretress|slp\n|\n|-heal|p2a: Gliscor|158/254 tox|[from] ability: Poison Heal\n|upkeep\n|turn|14\n|\n|t:|1770553546\n|move|p1b: Ogerpon|Ivy Cudgel|p2b: Vivillon|[anim] Ivy Cudgel Rock\n|-supereffective|p2b: Vivillon\n|-damage|p2b: Vivillon|0 fnt\n|faint|p2b: Vivillon\n|move|p2a: Gliscor|Earthquake|p1a: Forretress|[spread] p1a,p1b\n|-damage|p1a: Forretress|224/281 slp\n|-ability|p1b: Ogerpon|Sturdy\n|-damage|p1b: Ogerpon|1/244\n|cant|p1a: Forretress|slp\n|\n|-heal|p2a: Gliscor|189/254 tox|[from] ability: Poison Heal\n|upkeep\n|\n|t:|1770553555\n|switch|p2b: Mesprit|Mesprit, L86|44/278\n|turn|15\n|\n|t:|1770553571\n|move|p1b: Ogerpon|Spiky Shield|p1b: Ogerpon\n|-singleturn|p1b: Ogerpon|move: Protect\n|move|p2b: Mesprit|Thunderbolt|p1b: Ogerpon\n|-activate|p1b: Ogerpon|move: Protect\n|move|p2a: Gliscor|Earthquake|p1b: Ogerpon|[spread] p1a\n|-activate|p1b: Ogerpon|move: Protect\n|-immune|p2b: Mesprit|[from] ability: Levitate\n|-damage|p1a: Forretress|173/281 slp\n|-curestatus|p1a: Forretress|slp|[msg]\n|move|p1a: Forretress|Body Press|p2a: Gliscor\n|-resisted|p2a: Gliscor\n|-damage|p2a: Gliscor|139/254 tox\n|\n|-heal|p2a: Gliscor|170/254 tox|[from] ability: Poison Heal\n|upkeep\n|turn|16\n|\n|t:|1770553592\n|move|p2b: Mesprit|Thunderbolt|p1b: Ogerpon\n|-resisted|p1b: Ogerpon\n|-damage|p1b: Ogerpon|0 fnt\n|faint|p1b: Ogerpon\n|move|p2a: Gliscor|Earthquake|p1a: Forretress|[spread] p1a\n|-immune|p2b: Mesprit|[from] ability: Levitate\n|-damage|p1a: Forretress|118/281\n|move|p1a: Forretress|Iron Head|p2b: Mesprit\n|-damage|p2b: Mesprit|0 fnt\n|faint|p2b: Mesprit\n|\n|-heal|p2a: Gliscor|201/254 tox|[from] ability: Poison Heal\n|upkeep\n|\n|t:|1770553603\n|switch|p1b: Flareon|Flareon, L90, M|263/263\n|switch|p2b: Solgaleo|Solgaleo, L74|325/325\n|turn|17\n|\n|t:|1770553612\n|move|p1b: Flareon|Protect|p1b: Flareon\n|-singleturn|p1b: Flareon|Protect\n|move|p2a: Gliscor|Facade|p1b: Flareon\n|-activate|p1b: Flareon|move: Protect\n|move|p2b: Solgaleo|Flare Blitz|p1a: Forretress\n|-supereffective|p1a: Forretress\n|-damage|p1a: Forretress|38/281\n|-damage|p2b: Solgaleo|299/325|[from] Recoil\n|move|p1a: Forretress|Rest|p1a: Forretress\n|-status|p1a: Forretress|slp|[from] move: Rest\n|-heal|p1a: Forretress|281/281 slp|[silent]\n|\n|-heal|p2a: Gliscor|232/254 tox|[from] ability: Poison Heal\n|-status|p1b: Flareon|tox|[from] item: Toxic Orb\n|upkeep\n|turn|18\n|\n|t:|1770553632\n|-terastallize|p1b: Flareon|Normal\n|move|p2a: Gliscor|Facade|p1b: Flareon\n|-damage|p1b: Flareon|0 fnt\n|faint|p1b: Flareon\n|move|p2b: Solgaleo|Flare Blitz|p1a: Forretress\n|-supereffective|p1a: Forretress\n|-damage|p1a: Forretress|201/281 slp\n|-damage|p2b: Solgaleo|273/325|[from] Recoil\n|cant|p1a: Forretress|slp\n|\n|-heal|p2a: Gliscor|254/254 tox|[from] ability: Poison Heal\n|upkeep\n|turn|19\n|\n|t:|1770553648\n|-terastallize|p2b: Solgaleo|Fire\n|move|p2a: Gliscor|Swords Dance|p2a: Gliscor\n|-boost|p2a: Gliscor|atk|1\n|move|p2b: Solgaleo|Flare Blitz|p1a: Forretress\n|-supereffective|p1a: Forretress\n|-damage|p1a: Forretress|77/281 slp\n|-damage|p2b: Solgaleo|232/325|[from] Recoil\n|cant|p1a: Forretress|slp\n|\n|upkeep\n|turn|20\n|\n|t:|1770553657\n|move|p2a: Gliscor|Facade|p1a: Forretress\n|-resisted|p1a: Forretress\n|-crit|p1a: Forretress\n|-damage|p1a: Forretress|0 fnt\n|faint|p1a: Forretress\n|\n|win|AquaArsh3546\n|raw|Teo99n12's rating: 1627 &rarr; <strong>1617</strong><br />(-10 for losing)\n|raw|AquaArsh3546's rating: 1818 &rarr; <strong>1828</strong><br />(+10 for winning)\n|c|☆AquaArsh3546|gg\n|l|‽Teo99n12\n|player|p1|\n", "inputlog": ">version ccdc32dd7cde25fd9e4bed64820e885f66e78a4e\n>start {\"formatid\":\"gen9randomdoublesbattle\",\"seed\":\"sodium,1090e1ddc6332e8909aeaffef93d40c9\",\"rated\":\"Rated battle\"}\n>player p1 {\"name\":\"Teo99n12\",\"avatar\":\"n\",\"rating\":1627,\"seed\":\"sodium,c02b90d6d2889101e6ad424717f6248f\"}\n>player p2 {\"name\":\"AquaArsh3546\",\"avatar\":\"dawn\",\"rating\":1818,\"seed\":\"sodium,86040a763d35b458df1d7ecd6638895a\"}\n>p1 move headlongrush +1, move earthpower +1\n>p2 switch 5, move liquidation +1\n>p1 move rapidspin +1, move tailwind\n>p2 move swordsdance, move liquidation +1\n>p1 switch 4, pass\n>p1 move irondefense, move bravebird +2\n>p2 move facade +2, move knockoff +1\n>p1 pass, switch 3\n>p1 move bodypress +2, move gigadrain +1\n>p2 move protect, switch 6\n>p1 move ironhead +2, move strengthsap +1\n>p2 move earthquake, move icebeam +2\n>p1 move ironhead +2, move quiverdance\n>p2 move swordsdance, move icebeam +2\n>p1 move ironhead +2, move strengthsap +1\n>p2 move facade +2, switch 6\n>p1 move bodypress +1, move strengthsap +1\n>p2 move facade +2, move liquidation +1\n>p1 move irondefense, move strengthsap +1\n>p2 move swordsdance, move liquidation +1\n>p1 move rest, move strengthsap +1\n>p2 move swordsdance, move coaching -1\n>p1 move bodypress +1, move gigadrain +1\n>p2 move facade +2, move coaching -1\n>p1 move bodypress +2, move gigadrain +1\n>p2 move protect, move closecombat +2\n>p1 pass, switch 5\n>p2 pass, switch 3\n>p1 move bodypress +1, move spikyshield\n>p2 move protect, move sleeppowder +1\n>p1 move bodypress +1, move ivycudgel +2\n>p2 move earthquake, move hurricane +2\n>p2 pass, switch 6\n>p1 move bodypress +1, move spikyshield\n>p2 move earthquake, move thunderbolt +2\n>p1 move ironhead +2, move hornleech +1\n>p2 move earthquake, move thunderbolt +2\n>p1 pass, switch 6\n>p2 pass, switch 4\n>p1 move rest, move protect\n>p2 move facade +2, move flareblitz +1\n>p1 move bodypress +1, move facade +1 terastallize\n>p2 move facade +2, move flareblitz +1\n>p1 move bodypress +1, pass\n>p2 move swordsdance, move flareblitz +1 terastallize\n>p1 move bodypress +1, pass\n>p2 move facade +1, move flareblitz +1", "uploadtime": 1770553931, "views": 89, "formatid": "gen9randomdoublesbattle", "rating": 1617, "private": 0, "password": null}