{"id": "gen9randomdoublesbattle-2535099443", "format": "[Gen 9] Random Doubles Battle", "players": ["SmoliveRn", "i hate swaggy"], "log": "|j|☆SmoliveRn\n|j|☆i hate swaggy\n|t:|1770513704\n|gametype|doubles\n|player|p1|SmoliveRn|clair|1811\n|player|p2|i hate swaggy|kieran-festival|1852\n|gen|9\n|tier|[Gen 9] Random Doubles Battle\n|rated|\n|rule|Species Clause: Limit one of each Pokémon\n|rule|HP Percentage Mod: HP is shown in percentages\n|rule|Illusion Level Mod: Illusion disguises the Pokémon's true level\n|rule|Sleep Clause Mod: Limit one foe put to sleep\n|\n|t:|1770513704\n|teamsize|p1|6\n|teamsize|p2|6\n|start\n|switch|p1a: Mismagius|Mismagius, L88, M|249/249\n|switch|p1b: Iron Jugulis|Iron Jugulis, L79|278/278\n|switch|p2a: Dachsbun|Dachsbun, L90, F|249/249\n|switch|p2b: Komala|Komala, L92, F|269/269\n|-ability|p2b: Komala|Comatose\n|turn|1\n|\n|t:|1770513729\n|-end|p1b: Iron Jugulis|Quark Drive|[silent]\n|switch|p1b: Regigigas|Regigigas, L86|329/329\n|-start|p1b: Regigigas|ability: Slow Start\n|move|p1a: Mismagius|Will-O-Wisp|p2a: Dachsbun\n|-ability|p2a: Dachsbun|Well-Baked Body|boost\n|-boost|p2a: Dachsbun|def|2\n|move|p2a: Dachsbun|Snarl|p1a: Mismagius|[spread] p1a,p1b\n|-supereffective|p1a: Mismagius\n|-damage|p1a: Mismagius|215/249\n|-damage|p1b: Regigigas|310/329\n|-unboost|p1a: Mismagius|spa|1\n|-unboost|p1b: Regigigas|spa|1\n|move|p2b: Komala|Knock Off|p1a: Mismagius\n|-supereffective|p1a: Mismagius\n|-damage|p1a: Mismagius|0 fnt\n|-enditem|p1a: Mismagius|Life Orb|[from] move: Knock Off|[of] p2b: Komala\n|faint|p1a: Mismagius\n|\n|-heal|p1b: Regigigas|329/329|[from] item: Leftovers\n|upkeep\n|inactive|Battle timer is ON: inactive players will automatically lose when time's up. (requested by SmoliveRn)\n|\n|t:|1770513748\n|switch|p1a: Ampharos|Ampharos, L86, F|295/295\n|turn|2\n|c|☆i hate swaggy|good wisp\n|\n|t:|1770513761\n|move|p1b: Regigigas|Protect|p1b: Regigigas\n|-singleturn|p1b: Regigigas|Protect\n|move|p2a: Dachsbun|Body Press|p1b: Regigigas\n|-activate|p1b: Regigigas|move: Protect\n|move|p2b: Komala|Double-Edge|p1b: Regigigas\n|-activate|p1b: Regigigas|move: Protect\n|move|p1a: Ampharos|Electroweb|p2a: Dachsbun|[spread] p2a,p2b\n|-damage|p2a: Dachsbun|195/249\n|-damage|p2b: Komala|238/269\n|-unboost|p2a: Dachsbun|spe|1\n|-unboost|p2b: Komala|spe|1\n|\n|upkeep\n|turn|3\n|\n|t:|1770513778\n|-terastallize|p1b: Regigigas|Ghost\n|move|p2a: Dachsbun|Body Press|p1a: Ampharos\n|-damage|p1a: Ampharos|158/295\n|-status|p2a: Dachsbun|par|[from] ability: Static|[of] p1a: Ampharos\n|move|p1a: Ampharos|Electroweb|p2b: Komala|[spread] p2a,p2b\n|-damage|p2a: Dachsbun|143/249 par\n|-damage|p2b: Komala|208/269\n|-unboost|p2a: Dachsbun|spe|1\n|-unboost|p2b: Komala|spe|1\n|move|p1b: Regigigas|Substitute|p1b: Regigigas\n|-start|p1b: Regigigas|Substitute\n|-damage|p1b: Regigigas|247/329\n|move|p2b: Komala|Double-Edge|p1a: Ampharos\n|-damage|p1a: Ampharos|0 fnt\n|faint|p1a: Ampharos\n|-damage|p2b: Komala|156/269|[from] Recoil\n|\n|-heal|p1b: Regigigas|267/329|[from] item: Leftovers\n|upkeep\n|inactive|SmoliveRn has 120 seconds left.\n|\n|t:|1770513803\n|switch|p1a: Decidueye|Decidueye, L89, F|284/284\n|turn|4\n|\n|t:|1770513814\n|move|p1a: Decidueye|Leaf Storm|p2a: Dachsbun\n|-damage|p2a: Dachsbun|0 fnt\n|-unboost|p1a: Decidueye|spa|2\n|faint|p2a: Dachsbun\n|move|p1b: Regigigas|Knock Off|p2b: Komala\n|-damage|p2b: Komala|96/269\n|-enditem|p2b: Komala|Assault Vest|[from] move: Knock Off|[of] p1b: Regigigas\n|move|p2b: Komala|Knock Off|p1a: Decidueye\n|-supereffective|p1a: Decidueye\n|-damage|p1a: Decidueye|84/284\n|-enditem|p1a: Decidueye|Sitrus Berry|[from] move: Knock Off|[of] p2b: Komala\n|\n|-heal|p1b: Regigigas|287/329|[from] item: Leftovers\n|upkeep\n|\n|t:|1770513829\n|switch|p2a: Iron Treads|Iron Treads, L81|278/278\n|turn|5\n|\n|t:|1770513848\n|switch|p1a: Mabosstiff|Mabosstiff, L84, F|272/272\n|-ability|p1a: Mabosstiff|Intimidate|boost\n|-unboost|p2a: Iron Treads|atk|1\n|-unboost|p2b: Komala|atk|1\n|move|p1b: Regigigas|Protect|p1b: Regigigas\n|-singleturn|p1b: Regigigas|Protect\n|move|p2a: Iron Treads|Knock Off|p1b: Regigigas\n|-activate|p1b: Regigigas|move: Protect\n|move|p2b: Komala|Knock Off|p1b: Regigigas\n|-activate|p1b: Regigigas|move: Protect\n|\n|-heal|p1b: Regigigas|307/329|[from] item: Leftovers\n|upkeep\n|turn|6\n|\n|t:|1770513873\n|move|p2a: Iron Treads|Knock Off|p1b: Regigigas\n|-supereffective|p1b: Regigigas\n|-activate|p1b: Regigigas|move: Substitute|[damage]\n|move|p1a: Mabosstiff|Crunch|p2b: Komala\n|-crit|p2b: Komala\n|-damage|p2b: Komala|0 fnt\n|faint|p2b: Komala\n|move|p1b: Regigigas|Substitute|p1b: Regigigas\n|-fail|p1b: Regigigas|move: Substitute\n|\n|-heal|p1b: Regigigas|327/329|[from] item: Leftovers\n|-end|p1b: Regigigas|Slow Start\n|upkeep\n|\n|t:|1770513887\n|switch|p2b: Amoonguss|Amoonguss, L86, M|336/336\n|turn|7\n|\n|t:|1770513910\n|switch|p1a: Decidueye|Decidueye, L89, F|84/284\n|move|p1b: Regigigas|Protect|p1b: Regigigas\n|-singleturn|p1b: Regigigas|Protect\n|move|p2b: Amoonguss|Rage Powder|p2b: Amoonguss\n|-singleturn|p2b: Amoonguss|move: Rage Powder\n|move|p2a: Iron Treads|High Horsepower|p1a: Decidueye\n|-resisted|p1a: Decidueye\n|-damage|p1a: Decidueye|43/284\n|\n|-heal|p1b: Regigigas|329/329|[from] item: Leftovers\n|upkeep\n|turn|8\n|\n|t:|1770513931\n|move|p2b: Amoonguss|Rage Powder|p2b: Amoonguss\n|-singleturn|p2b: Amoonguss|move: Rage Powder\n|move|p1b: Regigigas|Knock Off|p2b: Amoonguss\n|-damage|p2b: Amoonguss|204/336\n|-damage|p1b: Regigigas|275/329|[from] item: Rocky Helmet|[of] p2b: Amoonguss\n|-enditem|p2b: Amoonguss|Rocky Helmet|[from] move: Knock Off|[of] p1b: Regigigas\n|move|p2a: Iron Treads|Iron Head|p1a: Decidueye\n|-damage|p1a: Decidueye|0 fnt\n|faint|p1a: Decidueye\n|\n|-heal|p1b: Regigigas|295/329|[from] item: Leftovers\n|upkeep\n|\n|t:|1770513945\n|switch|p1a: Mabosstiff|Mabosstiff, L84, F|272/272\n|-ability|p1a: Mabosstiff|Intimidate|boost\n|-unboost|p2a: Iron Treads|atk|1\n|-unboost|p2b: Amoonguss|atk|1\n|turn|9\n|\n|t:|1770513974\n|-end|p2a: Iron Treads|Quark Drive|[silent]\n|switch|p2a: Gouging Fire|Gouging Fire, L75|281/281\n|move|p2b: Amoonguss|Rage Powder|p2b: Amoonguss\n|-singleturn|p2b: Amoonguss|move: Rage Powder\n|move|p1b: Regigigas|Body Slam|p2b: Amoonguss\n|-damage|p2b: Amoonguss|42/336\n|move|p1a: Mabosstiff|Crunch|p2b: Amoonguss\n|-damage|p2b: Amoonguss|0 fnt\n|faint|p2b: Amoonguss\n|\n|-heal|p1b: Regigigas|315/329|[from] item: Leftovers\n|upkeep\n|\n|t:|1770513980\n|switch|p2b: Wugtrio|Wugtrio, L92, M|214/214\n|turn|10\n|\n|t:|1770514001\n|-terastallize|p2b: Wugtrio|Dark\n|move|p2b: Wugtrio|Throat Chop|p1b: Regigigas\n|-supereffective|p1b: Regigigas\n|-end|p1b: Regigigas|Substitute\n|move|p1b: Regigigas|Body Slam|p2b: Wugtrio\n|-damage|p2b: Wugtrio|9/214\n|-status|p2b: Wugtrio|par\n|-ability|p2b: Wugtrio|Gooey\n|-unboost|p1b: Regigigas|spe|1\n|move|p1a: Mabosstiff|Crunch|p2b: Wugtrio\n|-resisted|p2b: Wugtrio\n|-damage|p2b: Wugtrio|0 fnt\n|-ability|p2b: Wugtrio|Gooey\n|-unboost|p1a: Mabosstiff|spe|1\n|faint|p2b: Wugtrio\n|move|p2a: Gouging Fire|Dragon Dance|p2a: Gouging Fire\n|-boost|p2a: Gouging Fire|atk|1\n|-boost|p2a: Gouging Fire|spe|1\n|\n|-heal|p1b: Regigigas|329/329|[from] item: Leftovers\n|upkeep\n|\n|t:|1770514012\n|switch|p2b: Iron Treads|Iron Treads, L81|278/278\n|turn|11\n|\n|t:|1770514026\n|move|p2a: Gouging Fire|Heat Crash|p1a: Mabosstiff\n|-damage|p1a: Mabosstiff|86/272\n|move|p2b: Iron Treads|Iron Head|p1a: Mabosstiff\n|-damage|p1a: Mabosstiff|2/272\n|move|p1b: Regigigas|Body Slam|p2a: Gouging Fire\n|-damage|p2a: Gouging Fire|151/281\n|move|p1a: Mabosstiff|Crunch|p2a: Gouging Fire\n|-damage|p2a: Gouging Fire|15/281\n|\n|upkeep\n|turn|12\n|\n|t:|1770514050\n|move|p2a: Gouging Fire|Burning Bulwark|p2a: Gouging Fire\n|-singleturn|p2a: Gouging Fire|move: Protect\n|move|p1b: Regigigas|Protect|p1b: Regigigas\n|-singleturn|p1b: Regigigas|Protect\n|move|p2b: Iron Treads|Iron Head|p1a: Mabosstiff\n|-damage|p1a: Mabosstiff|0 fnt\n|faint|p1a: Mabosstiff\n|\n|upkeep\n|\n|t:|1770514057\n|switch|p1a: Iron Jugulis|Iron Jugulis, L79|278/278\n|turn|13\n|\n|t:|1770514073\n|move|p2a: Gouging Fire|Heat Crash|p1a: Iron Jugulis\n|-damage|p1a: Iron Jugulis|80/278\n|move|p2b: Iron Treads|Iron Head|p1a: Iron Jugulis\n|-damage|p1a: Iron Jugulis|0 fnt\n|faint|p1a: Iron Jugulis\n|-end|p1a: Iron Jugulis|Quark Drive|[silent]\n|move|p1b: Regigigas|Knock Off|p2a: Gouging Fire\n|-damage|p2a: Gouging Fire|0 fnt\n|-enditem|p2a: Gouging Fire|Clear Amulet|[from] move: Knock Off|[of] p1b: Regigigas\n|faint|p2a: Gouging Fire\n|-end|p2a: Gouging Fire|Protosynthesis|[silent]\n|\n|upkeep\n|turn|14\n|\n|t:|1770514096\n|move|p2b: Iron Treads|Knock Off|p1b: Regigigas\n|-supereffective|p1b: Regigigas\n|-damage|p1b: Regigigas|205/329\n|-enditem|p1b: Regigigas|Leftovers|[from] move: Knock Off|[of] p2b: Iron Treads\n|move|p1b: Regigigas|Knock Off|p2b: Iron Treads\n|-damage|p2b: Iron Treads|187/278\n|-enditem|p2b: Iron Treads|Sitrus Berry|[from] move: Knock Off|[of] p1b: Regigigas\n|\n|upkeep\n|turn|15\n|\n|t:|1770514112\n|move|p2b: Iron Treads|Iron Head|p1b: Regigigas\n|-damage|p1b: Regigigas|124/329\n|move|p1b: Regigigas|Body Slam|p2b: Iron Treads\n|-resisted|p2b: Iron Treads\n|-damage|p2b: Iron Treads|129/278\n|\n|upkeep\n|turn|16\n|\n|t:|1770514119\n|move|p2b: Iron Treads|Iron Head|p1b: Regigigas\n|-damage|p1b: Regigigas|52/329\n|move|p1b: Regigigas|Body Slam|p2b: Iron Treads\n|-resisted|p2b: Iron Treads\n|-damage|p2b: Iron Treads|69/278\n|\n|upkeep\n|turn|17\n|\n|t:|1770514128\n|move|p2b: Iron Treads|Iron Head|p1b: Regigigas\n|-damage|p1b: Regigigas|0 fnt\n|faint|p1b: Regigigas\n|\n|win|i hate swaggy\n|raw|SmoliveRn's rating: 1811 &rarr; <strong>1793</strong><br />(-18 for losing)\n|raw|i hate swaggy's rating: 1852 &rarr; <strong>1870</strong><br />(+18 for winning)\n|l|☆SmoliveRn\n|player|p1|\n", "inputlog": ">version ccdc32dd7cde25fd9e4bed64820e885f66e78a4e\n>start {\"formatid\":\"gen9randomdoublesbattle\",\"seed\":\"sodium,e3b5ca64a6e199e31d29ff8052e09b2e\",\"rated\":\"Rated battle\"}\n>player p1 {\"name\":\"SmoliveRn\",\"avatar\":\"clair\",\"rating\":1811,\"seed\":\"sodium,5643121663e91a72fe74782ba26c2932\"}\n>player p2 {\"name\":\"i hate swaggy\",\"avatar\":\"kieran-festival\",\"rating\":1852,\"seed\":\"sodium,f73b14db9b4736cf42e6e06fd50c25b8\"}\n>p1 move willowisp +1, switch 6\n>p2 move snarl, move knockoff +1\n>p1 switch 3, pass\n>chat ☆i hate swaggy|good wisp\n>p1 move electroweb, move protect\n>p2 move bodypress +2, move doubleedge +2\n>p1 move electroweb, move substitute terastallize\n>p2 move bodypress +1, move doubleedge +1\n>p1 switch 5, pass\n>p1 move leafstorm +1, move knockoff +2\n>p2 move snarl, move knockoff +1\n>p2 switch 3, pass\n>p1 switch 4, move protect\n>p2 move knockoff +2, move knockoff +2\n>p1 move crunch +2, move substitute\n>p2 move knockoff +2, move knockoff +2\n>p2 pass, switch 4\n>p1 switch 4, move protect\n>p2 move highhorsepower +1, move ragepowder\n>p1 move leafstorm +1, move knockoff +1\n>p2 move ironhead +1, move ragepowder\n>p1 switch 4, pass\n>p1 move crunch +1, move bodyslam +1\n>p2 switch 5, move ragepowder\n>p2 pass, switch 6\n>p1 move crunch +2, move bodyslam +2\n>p2 move dragondance, move throatchop +2 terastallize\n>p2 pass, switch 5\n>p1 move crunch +1, move bodyslam +1\n>p2 move heatcrash +1, move ironhead +1\n>p1 move crunch +1, move protect\n>p2 move burningbulwark, move ironhead +1\n>p1 switch 6, pass\n>p1 move tailwind, move knockoff +1\n>p2 move heatcrash +1, move ironhead +1\n>p1 pass, move knockoff +2\n>p2 pass, move knockoff +2\n>p1 pass, move bodyslam +2\n>p2 pass, move ironhead +2\n>p1 pass, move bodyslam +2\n>p2 pass, move ironhead +2\n>p1 pass, move bodyslam +2\n>p2 pass, move ironhead +2", "uploadtime": 1770514130, "views": 104, "formatid": "gen9randomdoublesbattle", "rating": 1793, "private": 0, "password": null}