{"id": "gen9randomdoublesbattle-2538050642", "format": "[Gen 9] Random Doubles Battle", "players": ["ChiragMiddha1", "test_niro2"], "log": "|j|☆ChiragMiddha1\n|j|☆test_niro2\n|t:|1770884569\n|gametype|doubles\n|player|p1|ChiragMiddha1|266|1523\n|player|p2|test_niro2|zinzolin|1673\n|gen|9\n|tier|[Gen 9] Random Doubles Battle\n|rated|\n|rule|Species Clause: Limit one of each Pokémon\n|rule|HP Percentage Mod: HP is shown in percentages\n|rule|Illusion Level Mod: Illusion disguises the Pokémon's true level\n|rule|Sleep Clause Mod: Limit one foe put to sleep\n|\n|t:|1770884569\n|teamsize|p1|6\n|teamsize|p2|6\n|start\n|switch|p1a: Ambipom|Ambipom, L87, M|272/272\n|switch|p1b: Lumineon|Lumineon, L92, F|276/276\n|switch|p2a: Sandslash|Sandslash, L93, M|290/290\n|switch|p2b: Lycanroc|Lycanroc-Dusk, L82, F|257/257\n|turn|1\n|inactive|Battle timer is ON: inactive players will automatically lose when time's up. (requested by test_niro2)\n|inactive|ChiragMiddha1 also wants the timer to be on.\n|\n|t:|1770884599\n|switch|p2b: Scyther|Scyther, L80, M|243/243\n|switch|p2a: Arceus|Arceus-Water, L72|292/292\n|move|p1a: Ambipom|Fake Out|p2b: Scyther\n|-damage|p2b: Scyther|185/243\n|move|p1b: Lumineon|Icy Wind|p2a: Arceus|[spread] p2a,p2b\n|-resisted|p2a: Arceus\n|-supereffective|p2b: Scyther\n|-damage|p2a: Arceus|280/292\n|-damage|p2b: Scyther|149/243\n|-unboost|p2a: Arceus|spe|1\n|-unboost|p2b: Scyther|spe|1\n|\n|upkeep\n|turn|2\n|\n|t:|1770884626\n|move|p2b: Scyther|Protect|p2b: Scyther\n|-singleturn|p2b: Scyther|Protect\n|move|p1a: Ambipom|Double-Edge|p2a: Arceus\n|-damage|p2a: Arceus|115/292\n|-damage|p1a: Ambipom|218/272|[from] Recoil\n|move|p1b: Lumineon|Hydro Pump|p2b: Scyther\n|-activate|p2b: Scyther|move: Protect\n|move|p2a: Arceus|Icy Wind|p1b: Lumineon|[spread] p1a,p1b\n|-resisted|p1b: Lumineon\n|-damage|p1a: Ambipom|186/272\n|-damage|p1b: Lumineon|264/276\n|-unboost|p1a: Ambipom|spe|1\n|-unboost|p1b: Lumineon|spe|1\n|\n|upkeep\n|turn|3\n|\n|t:|1770884653\n|move|p1a: Ambipom|Double-Edge|p2a: Arceus\n|-damage|p2a: Arceus|0 fnt\n|faint|p2a: Arceus\n|-damage|p1a: Ambipom|148/272|[from] Recoil\n|move|p1b: Lumineon|Encore|p2b: Scyther\n|-start|p2b: Scyther|Encore\n|move|p2b: Scyther|Protect||[still]\n|-fail|p2b: Scyther\n|\n|upkeep\n|\n|t:|1770884668\n|switch|p2a: Dudunsparce|Dudunsparce-Three-Segment, L86, M|355/355\n|turn|4\n|\n|t:|1770884693\n|switch|p2b: Scizor|Scizor, L80, M|243/243\n|-terastallize|p2a: Dudunsparce|Normal\n|move|p1b: Lumineon|Helping Hand|p1a: Ambipom\n|-singleturn|p1a: Ambipom|Helping Hand|[of] p1b: Lumineon\n|move|p1a: Ambipom|Double-Edge|p2a: Dudunsparce\n|-damage|p2a: Dudunsparce|82/355\n|-enditem|p2a: Dudunsparce|Sitrus Berry|[eat]\n|-heal|p2a: Dudunsparce|170/355|[from] item: Sitrus Berry\n|-damage|p1a: Ambipom|58/272|[from] Recoil\n|move|p2a: Dudunsparce|Hyper Drill|p1b: Lumineon\n|-damage|p1b: Lumineon|112/276\n|-enditem|p1b: Lumineon|Sitrus Berry|[eat]\n|-heal|p1b: Lumineon|181/276|[from] item: Sitrus Berry\n|\n|upkeep\n|turn|5\n|\n|t:|1770884720\n|move|p2a: Dudunsparce|Protect|p2a: Dudunsparce\n|-singleturn|p2a: Dudunsparce|Protect\n|move|p1a: Ambipom|Double-Edge|p2a: Dudunsparce\n|-activate|p2a: Dudunsparce|move: Protect\n|move|p2b: Scizor|Tailwind|p2b: Scizor\n|-sidestart|p2: test_niro2|move: Tailwind\n|move|p1b: Lumineon|Hydro Pump|p2b: Scizor\n|-damage|p2b: Scizor|113/243\n|-enditem|p2b: Scizor|Sitrus Berry|[eat]\n|-heal|p2b: Scizor|173/243|[from] item: Sitrus Berry\n|\n|upkeep\n|turn|6\n|\n|t:|1770884742\n|move|p2b: Scizor|U-turn|p1b: Lumineon\n|-damage|p1b: Lumineon|91/276\n|\n|t:|1770884748\n|switch|p2b: Lycanroc|Lycanroc-Dusk, L82, F|257/257|[from] U-turn\n|move|p2a: Dudunsparce|Hyper Drill|p1b: Lumineon\n|-damage|p1b: Lumineon|0 fnt\n|faint|p1b: Lumineon\n|move|p1a: Ambipom|Double-Edge|p2a: Dudunsparce\n|-damage|p2a: Dudunsparce|0 fnt\n|faint|p2a: Dudunsparce\n|-damage|p1a: Ambipom|2/272|[from] Recoil\n|\n|upkeep\n|inactive|test_niro2 has 120 seconds left.\n|inactive|ChiragMiddha1 has 120 seconds left.\n|\n|t:|1770884773\n|switch|p1b: Luxray|Luxray, L86, F|278/278\n|switch|p2a: Scyther|Scyther, L80, M|149/243\n|-ability|p1b: Luxray|Intimidate|boost\n|-unboost|p2a: Scyther|atk|1\n|-unboost|p2b: Lycanroc|atk|1\n|turn|7\n|inactive|ChiragMiddha1 has 120 seconds left.\n|\n|t:|1770884798\n|switch|p2a: Sandslash|Sandslash, L93, M|290/290\n|move|p1a: Ambipom|Protect|p1a: Ambipom\n|-singleturn|p1a: Ambipom|Protect\n|move|p2b: Lycanroc|Swords Dance|p2b: Lycanroc\n|-boost|p2b: Lycanroc|atk|2\n|move|p1b: Luxray|Wild Charge|p2a: Sandslash\n|-immune|p2a: Sandslash\n|\n|upkeep\n|turn|8\n|inactive|ChiragMiddha1 has 120 seconds left.\n|\n|t:|1770884835\n|switch|p1b: Uxie|Uxie, L85|266/266\n|switch|p1a: Ceruledge|Ceruledge, L80, F|251/251\n|move|p2b: Lycanroc|Rock Slide|p1b: Uxie|[spread] p1a,p1b\n|-supereffective|p1a: Ceruledge\n|-damage|p1a: Ceruledge|0 fnt\n|-damage|p1b: Uxie|169/266\n|faint|p1a: Ceruledge\n|-damage|p2b: Lycanroc|232/257|[from] item: Life Orb\n|move|p2a: Sandslash|High Horsepower|p1b: Uxie\n|-immune|p1b: Uxie|[from] ability: Levitate\n|\n|-sideend|p2: test_niro2|move: Tailwind\n|upkeep\n|inactive|ChiragMiddha1 has 90 seconds left.\n|\n|t:|1770884861\n|switch|p1a: Wugtrio|Wugtrio, L92, M|214/214\n|turn|9\n|\n|t:|1770884873\n|move|p2b: Lycanroc|Protect|p2b: Lycanroc\n|-singleturn|p2b: Lycanroc|Protect\n|move|p1a: Wugtrio|Liquidation|p2b: Lycanroc\n|-activate|p2b: Lycanroc|move: Protect\n|move|p1b: Uxie|Encore|p2a: Sandslash\n|-start|p2a: Sandslash|Encore\n|move|p2a: Sandslash|High Horsepower|p1a: Wugtrio\n|-damage|p1a: Wugtrio|51/214\n|-ability|p1a: Wugtrio|Gooey\n|-unboost|p2a: Sandslash|spe|1\n|\n|upkeep\n|turn|10\n|inactive|ChiragMiddha1 has 120 seconds left.\n|\n|t:|1770884894\n|switch|p2b: Scyther|Scyther, L80, M|149/243\n|move|p1a: Wugtrio|Liquidation|p2b: Scyther\n|-damage|p2b: Scyther|37/243\n|move|p1b: Uxie|Stealth Rock|p2b: Scyther\n|-sidestart|p2: test_niro2|move: Stealth Rock\n|move|p2a: Sandslash|High Horsepower|p1a: Wugtrio\n|-damage|p1a: Wugtrio|0 fnt\n|-ability|p1a: Wugtrio|Gooey\n|-unboost|p2a: Sandslash|spe|1\n|faint|p1a: Wugtrio\n|\n|upkeep\n|inactive|ChiragMiddha1 has 90 seconds left.\n|\n|t:|1770884924\n|switch|p1a: Ambipom|Ambipom, L87, M|2/272\n|turn|11\n|\n|t:|1770884933\n|switch|p2a: Scizor|Scizor, L80, M|173/243\n|-damage|p2a: Scizor|143/243|[from] Stealth Rock\n|move|p2b: Scyther|Protect|p2b: Scyther\n|-singleturn|p2b: Scyther|Protect\n|move|p1a: Ambipom|Fake Out|p2b: Scyther\n|-activate|p2b: Scyther|move: Protect\n|move|p1b: Uxie|Mystical Power|p2a: Scizor\n|-resisted|p2a: Scizor\n|-damage|p2a: Scizor|110/243\n|-boost|p1b: Uxie|spa|1\n|\n|upkeep\n|turn|12\n|inactive|ChiragMiddha1 has 120 seconds left.\n|\n|t:|1770884962\n|switch|p1a: Luxray|Luxray, L86, F|278/278\n|-ability|p1a: Luxray|Intimidate|boost\n|-unboost|p2a: Scizor|atk|1\n|-unboost|p2b: Scyther|atk|1\n|move|p2a: Scizor|Bullet Punch|p1a: Luxray\n|-resisted|p1a: Luxray\n|-damage|p1a: Luxray|249/278\n|move|p2b: Scyther|Tailwind|p2b: Scyther\n|-sidestart|p2: test_niro2|move: Tailwind\n|move|p1b: Uxie|Mystical Power|p2b: Scyther\n|-damage|p2b: Scyther|0 fnt\n|-boost|p1b: Uxie|spa|1\n|faint|p2b: Scyther\n|\n|upkeep\n|\n|t:|1770884980\n|switch|p2b: Sandslash|Sandslash, L93, M|290/290\n|-damage|p2b: Sandslash|272/290|[from] Stealth Rock\n|turn|13\n|inactive|ChiragMiddha1 has 120 seconds left.\n|\n|t:|1770885007\n|-terastallize|p1a: Luxray|Dark\n|move|p2b: Sandslash|Knock Off|p1b: Uxie\n|-supereffective|p1b: Uxie\n|-damage|p1b: Uxie|41/266\n|-enditem|p1b: Uxie|Sitrus Berry|[from] move: Knock Off|[of] p2b: Sandslash\n|move|p2a: Scizor|U-turn|p1b: Uxie\n|-supereffective|p1b: Uxie\n|-damage|p1b: Uxie|0 fnt\n|faint|p1b: Uxie\n|\n|t:|1770885017\n|switch|p2a: Lycanroc|Lycanroc-Dusk, L82, F|232/257|[from] U-turn\n|-damage|p2a: Lycanroc|200/257|[from] Stealth Rock\n|move|p1a: Luxray|Throat Chop|p2b: Sandslash\n|-damage|p2b: Sandslash|187/290\n|-start|p2b: Sandslash|Throat Chop|[silent]\n|\n|upkeep\n|inactive|ChiragMiddha1 has 120 seconds left.\n|\n|t:|1770885023\n|switch|p1b: Ambipom|Ambipom, L87, M|2/272\n|turn|14\n|inactive|ChiragMiddha1 has 120 seconds left.\n|\n|t:|1770885055\n|move|p2a: Lycanroc|Protect|p2a: Lycanroc\n|-singleturn|p2a: Lycanroc|Protect\n|move|p1b: Ambipom|Fake Out|p2a: Lycanroc\n|-activate|p2a: Lycanroc|move: Protect\n|move|p2b: Sandslash|Super Fang|p1a: Luxray\n|-damage|p1a: Luxray|125/278\n|move|p1a: Luxray|Wild Charge|p2a: Lycanroc\n|-activate|p2a: Lycanroc|move: Protect\n|\n|-end|p2b: Sandslash|Throat Chop|[silent]\n|upkeep\n|turn|15\n|\n|t:|1770885070\n|move|p1b: Ambipom|Protect|p1b: Ambipom\n|-singleturn|p1b: Ambipom|Protect\n|move|p2a: Lycanroc|Close Combat|p1a: Luxray\n|-supereffective|p1a: Luxray\n|-damage|p1a: Luxray|0 fnt\n|-unboost|p2a: Lycanroc|def|1\n|-unboost|p2a: Lycanroc|spd|1\n|faint|p1a: Luxray\n|-damage|p2a: Lycanroc|175/257|[from] item: Life Orb\n|move|p2b: Sandslash|Rock Slide|p1b: Ambipom\n|-activate|p1b: Ambipom|move: Protect\n|\n|-sideend|p2: test_niro2|move: Tailwind\n|upkeep\n|turn|16\n|\n|t:|1770885083\n|move|p1b: Ambipom|Double-Edge|p2a: Lycanroc\n|-resisted|p2a: Lycanroc\n|-crit|p2a: Lycanroc\n|-damage|p2a: Lycanroc|0 fnt\n|faint|p2a: Lycanroc\n|-damage|p1b: Ambipom|0 fnt|[from] Recoil\n|faint|p1b: Ambipom\n|\n|win|test_niro2\n|raw|ChiragMiddha1's rating: 1523 &rarr; <strong>1511</strong><br />(-12 for losing)\n|raw|test_niro2's rating: 1673 &rarr; <strong>1685</strong><br />(+12 for winning)\n|l|☆ChiragMiddha1\n|player|p1|\n|l|☆test_niro2\n|player|p2|\n|j|☆test_niro2\n|player|p2|test_niro2|zinzolin|\n", "inputlog": ">version ccdc32dd7cde25fd9e4bed64820e885f66e78a4e\n>start {\"formatid\":\"gen9randomdoublesbattle\",\"seed\":\"sodium,e858190d43b3600c5dfd1c7c3d97160e\",\"rated\":\"Rated battle\"}\n>player p1 {\"name\":\"ChiragMiddha1\",\"avatar\":\"266\",\"rating\":1523,\"seed\":\"sodium,082cee44d1356a93faaf318ab70618ce\"}\n>player p2 {\"name\":\"test_niro2\",\"avatar\":\"zinzolin\",\"rating\":1673,\"seed\":\"sodium,cfec2bc9b22da611990552a0b0d25b80\"}\n>p1 move fakeout +2, move icywind\n>p2 switch 5, switch 3\n>p1 move doubleedge +1, move hydropump +2\n>p2 move icywind, move protect\n>p1 move doubleedge +1, move encore +2\n>p2 move recover, move tailwind\n>p2 switch 4, pass\n>p1 move doubleedge +1, move helpinghand -1\n>p2 move hyperdrill +2 terastallize, switch 6\n>p1 move doubleedge +1, move hydropump +2\n>p2 move protect, move tailwind\n>p1 move doubleedge +1, move hydropump +2\n>p2 move hyperdrill +2, move uturn +2\n>p2 pass, switch 3\n>p1 pass, switch 5\n>p2 switch 6, pass\n>p1 move protect, move wildcharge +1\n>p2 switch 5, move swordsdance\n>p1 switch 6, switch 4\n>p2 move highhorsepower +2, move rockslide\n>p1 switch 3, pass\n>p1 move liquidation +2, move encore +1\n>p2 move knockoff +2, move protect\n>p1 move liquidation +2, move stealthrock\n>p2 move highhorsepower +1, switch 5\n>p1 switch 6, pass\n>p1 move fakeout +2, move mysticalpower +1\n>p2 switch 3, move protect\n>p1 switch 4, move mysticalpower +2\n>p2 move bulletpunch +1, move tailwind\n>p2 pass, switch 3\n>p1 move throatchop +2 terastallize, move mysticalpower +2\n>p2 move uturn +2, move knockoff +2\n>p2 switch 5, pass\n>p1 pass, switch 4\n>p1 move wildcharge +1, move fakeout +1\n>p2 move protect, move superfang +1\n>p1 move wildcharge +1, move protect\n>p2 move closecombat +1, move rockslide\n>p1 pass, move doubleedge +1\n>p2 move closecombat +2, move highhorsepower +2", "uploadtime": 1770885489, "views": 70, "formatid": "gen9randomdoublesbattle", "rating": 1511, "private": 0, "password": null}