{"id": "gen9randomdoublesbattle-2539194903", "format": "[Gen 9] Random Doubles Battle", "players": ["Motorgis", "Bili925"], "log": "|j|☆Motorgis\n|j|☆Bili925\n|t:|1771021595\n|gametype|doubles\n|player|p1|Motorgis|biker-gen4|1589\n|player|p2|Bili925|roxie|1665\n|gen|9\n|tier|[Gen 9] Random Doubles Battle\n|rated|\n|rule|Species Clause: Limit one of each Pokémon\n|rule|HP Percentage Mod: HP is shown in percentages\n|rule|Illusion Level Mod: Illusion disguises the Pokémon's true level\n|rule|Sleep Clause Mod: Limit one foe put to sleep\n|\n|t:|1771021595\n|teamsize|p1|6\n|teamsize|p2|6\n|start\n|switch|p1a: Toxicroak|Toxicroak, L85, M|280/280\n|switch|p1b: Eiscue|Eiscue, L89, M|278/278\n|switch|p2a: Luvdisc|Luvdisc, F|248/248\n|switch|p2b: Oranguru|Oranguru, L90, M|308/308\n|turn|1\n|inactive|Battle timer is ON: inactive players will automatically lose when time's up. (requested by Bili925)\n|\n|t:|1771021621\n|move|p1a: Toxicroak|Fake Out|p2a: Luvdisc\n|-damage|p2a: Luvdisc|210/248\n|cant|p2a: Luvdisc|flinch\n|move|p1b: Eiscue|Belly Drum|p1b: Eiscue\n|-damage|p1b: Eiscue|139/278\n|-setboost|p1b: Eiscue|atk|6|[from] move: Belly Drum\n|-enditem|p1b: Eiscue|Sitrus Berry|[eat]\n|-heal|p1b: Eiscue|208/278|[from] item: Sitrus Berry\n|move|p2b: Oranguru|Psychic|p1a: Toxicroak\n|-supereffective|p1a: Toxicroak\n|-enditem|p1a: Toxicroak|Focus Sash\n|-damage|p1a: Toxicroak|1/280\n|\n|upkeep\n|turn|2\n|\n|t:|1771021644\n|switch|p1a: Oranguru|Oranguru, L90, F|308/308\n|move|p2a: Luvdisc|Icy Wind|p1a: Oranguru|[spread] p1a,p1b\n|-resisted|p1b: Eiscue\n|-damage|p1a: Oranguru|289/308\n|-damage|p1b: Eiscue|197/278\n|-unboost|p1a: Oranguru|spe|1\n|-unboost|p1b: Eiscue|spe|1\n|move|p2b: Oranguru|Psychic|p1b: Eiscue\n|-damage|p1b: Eiscue|98/278\n|move|p1b: Eiscue|Ice Spinner|p2b: Oranguru\n|-damage|p2b: Oranguru|0 fnt\n|faint|p2b: Oranguru\n|\n|upkeep\n|\n|t:|1771021660\n|switch|p2b: Archaludon|Archaludon, L77, M|265/265\n|turn|3\n|\n|t:|1771021681\n|move|p1b: Eiscue|Protect|p1b: Eiscue\n|-singleturn|p1b: Eiscue|Protect\n|move|p2a: Luvdisc|Hydro Pump|p1a: Oranguru\n|-damage|p1a: Oranguru|223/308\n|move|p2b: Archaludon|Flash Cannon|p1b: Eiscue\n|-activate|p1b: Eiscue|move: Protect\n|move|p1a: Oranguru|Trick Room|p1a: Oranguru\n|-fieldstart|move: Trick Room|[of] p1a: Oranguru\n|\n|upkeep\n|turn|4\n|\n|t:|1771021697\n|move|p1a: Oranguru|Psychic|p2a: Luvdisc\n|-damage|p2a: Luvdisc|99/248\n|-enditem|p2a: Luvdisc|Sitrus Berry|[eat]\n|-heal|p2a: Luvdisc|161/248|[from] item: Sitrus Berry\n|move|p1b: Eiscue|Ice Spinner|p2b: Archaludon\n|-damage|p2b: Archaludon|0 fnt\n|faint|p2b: Archaludon\n|move|p2a: Luvdisc|Hydro Pump|p1a: Oranguru\n|-damage|p1a: Oranguru|157/308\n|\n|upkeep\n|\n|t:|1771021711\n|switch|p2b: Ambipom|Ambipom, L87, F|272/272\n|turn|5\n|\n|t:|1771021721\n|move|p1b: Eiscue|Protect|p1b: Eiscue\n|-singleturn|p1b: Eiscue|Protect\n|move|p2b: Ambipom|Fake Out|p1b: Eiscue\n|-activate|p1b: Eiscue|move: Protect\n|move|p1a: Oranguru|Psychic|p2a: Luvdisc\n|-damage|p2a: Luvdisc|47/248\n|move|p2a: Luvdisc|Hydro Pump|p1b: Eiscue\n|-activate|p1b: Eiscue|move: Protect\n|\n|upkeep\n|turn|6\n|-message|Bili925 forfeited.\n|\n|win|Motorgis\n|raw|Motorgis's rating: 1589 &rarr; <strong>1613</strong><br />(+24 for winning)\n|raw|Bili925's rating: 1665 &rarr; <strong>1641</strong><br />(-24 for losing)\n|l|☆Bili925\n|player|p2|\n", "inputlog": ">version ccdc32dd7cde25fd9e4bed64820e885f66e78a4e\n>start {\"formatid\":\"gen9randomdoublesbattle\",\"seed\":\"sodium,904f08a69fbe7c961f4fed2c7ec9a245\",\"rated\":\"Rated battle\"}\n>player p1 {\"name\":\"Motorgis\",\"avatar\":\"biker-gen4\",\"rating\":1589,\"seed\":\"sodium,83274619434ce55280e52d14cc9df1fd\"}\n>player p2 {\"name\":\"Bili925\",\"avatar\":\"roxie\",\"rating\":1665,\"seed\":\"sodium,b4c92bec3cb6f0b111f198b8a2182362\"}\n>p1 move fakeout +1, move bellydrum\n>p2 move hydropump +2, move psychic +1\n>p1 switch 5, move icespinner +2\n>p2 move icywind, move psychic +2\n>p2 pass, switch 5\n>p1 move trickroom, move protect\n>p2 move hydropump +1, move flashcannon +2\n>p1 move psychic +1, move icespinner +2\n>p2 move hydropump +1, move flashcannon +2\n>p2 pass, switch 6\n>p1 move psychic +1, move protect\n>p2 move hydropump +2, move fakeout +2\n>forcelose p2", "uploadtime": 1771021733, "views": 78, "formatid": "gen9randomdoublesbattle", "rating": 1613, "private": 0, "password": null}