{"id": "gen9randomdoublesbattle-2539998480", "format": "[Gen 9] Random Doubles Battle", "players": ["arhum47", "Apalomar6"], "log": "|j|☆arhum47\n|j|☆Apalomar6\n|t:|1771141383\n|gametype|doubles\n|player|p1|arhum47|hilbert|1844\n|player|p2|Apalomar6|101|1897\n|gen|9\n|tier|[Gen 9] Random Doubles Battle\n|rated|\n|rule|Species Clause: Limit one of each Pokémon\n|rule|HP Percentage Mod: HP is shown in percentages\n|rule|Illusion Level Mod: Illusion disguises the Pokémon's true level\n|rule|Sleep Clause Mod: Limit one foe put to sleep\n|\n|t:|1771141383\n|teamsize|p1|6\n|teamsize|p2|6\n|start\n|switch|p1a: Sawsbuck|Sawsbuck, L91, M|293/293\n|switch|p1b: Terapagos|Terapagos, L73, M|252/252\n|switch|p2a: Rotom|Rotom-Mow, L86|226/226\n|switch|p2b: Politoed|Politoed, L82, M|282/282\n|-activate|p1b: Terapagos|ability: Tera Shift\n|detailschange|p1b: Terapagos|Terapagos-Terastal, L73, M\n|-heal|p1b: Terapagos|259/259|[silent]\n|-weather|RainDance|[from] ability: Drizzle|[of] p2b: Politoed\n|turn|1\n|inactive|Battle timer is ON: inactive players will automatically lose when time's up. (requested by arhum47)\n|inactive|Apalomar6 has 120 seconds left.\n|\n|t:|1771141414\n|move|p2b: Politoed|Muddy Water|p1b: Terapagos|[spread] p1b\n|-miss|p2b: Politoed|p1a: Sawsbuck\n|-activate|p1b: Terapagos|ability: Tera Shell\n|-resisted|p1b: Terapagos\n|-damage|p1b: Terapagos|216/259\n|move|p1a: Sawsbuck|Swords Dance|p1a: Sawsbuck\n|-boost|p1a: Sawsbuck|atk|2\n|move|p2a: Rotom|Volt Switch|p1b: Terapagos\n|-damage|p1b: Terapagos|131/259\n|\n|t:|1771141432\n|switch|p2a: Dachsbun|Dachsbun, L90, F|249/249|[from] Volt Switch\n|move|p1b: Terapagos|Meteor Beam||[still]\n|-prepare|p1b: Terapagos|Meteor Beam\n|-boost|p1b: Terapagos|spa|1\n|-enditem|p1b: Terapagos|Power Herb\n|-anim|p1b: Terapagos|Meteor Beam|p2b: Politoed\n|-damage|p2b: Politoed|190/282\n|\n|-weather|RainDance|[upkeep]\n|upkeep\n|turn|2\n|inactive|arhum47 has 120 seconds left.\n|\n|t:|1771141475\n|move|p2b: Politoed|Muddy Water|p1a: Sawsbuck|[spread] p1a\n|-miss|p2b: Politoed|p1b: Terapagos\n|-resisted|p1a: Sawsbuck\n|-damage|p1a: Sawsbuck|241/293\n|move|p1a: Sawsbuck|Horn Leech|p2b: Politoed\n|-supereffective|p2b: Politoed\n|-damage|p2b: Politoed|0 fnt\n|-heal|p1a: Sawsbuck|293/293|[from] drain|[of] p2b: Politoed\n|faint|p2b: Politoed\n|-damage|p1a: Sawsbuck|264/293|[from] item: Life Orb\n|move|p2a: Dachsbun|Body Press|p1a: Sawsbuck\n|-supereffective|p1a: Sawsbuck\n|-damage|p1a: Sawsbuck|90/293\n|move|p1b: Terapagos|Tera Starstorm|p2a: Dachsbun\n|-damage|p2a: Dachsbun|99/249\n|-enditem|p2a: Dachsbun|Sitrus Berry|[eat]\n|-heal|p2a: Dachsbun|161/249|[from] item: Sitrus Berry\n|\n|-weather|RainDance|[upkeep]\n|upkeep\n|\n|t:|1771141491\n|switch|p2b: Mesprit|Mesprit, L86|278/278\n|turn|3\n|\n|t:|1771141503\n|move|p1a: Sawsbuck|Horn Leech|p2a: Dachsbun\n|-damage|p2a: Dachsbun|0 fnt\n|-heal|p1a: Sawsbuck|171/293|[from] drain|[of] p2a: Dachsbun\n|faint|p2a: Dachsbun\n|-damage|p1a: Sawsbuck|142/293|[from] item: Life Orb\n|move|p2b: Mesprit|Psychic|p1a: Sawsbuck\n|-damage|p1a: Sawsbuck|0 fnt\n|faint|p1a: Sawsbuck\n|-damage|p2b: Mesprit|251/278|[from] item: Life Orb\n|move|p1b: Terapagos|Dark Pulse|p2b: Mesprit\n|-supereffective|p2b: Mesprit\n|-damage|p2b: Mesprit|133/278\n|\n|-weather|RainDance|[upkeep]\n|upkeep\n|inactive|arhum47 has 120 seconds left.\n|\n|t:|1771141528\n|switch|p1a: Slither Wing|Slither Wing, L83|277/277\n|switch|p2a: Tyranitar|Tyranitar, L81, M|295/295\n|-weather|Sandstorm|[from] ability: Sand Stream|[of] p2a: Tyranitar\n|turn|4\n|\n|t:|1771141540\n|-terastallize|p2a: Tyranitar|Ghost\n|move|p2b: Mesprit|Dazzling Gleam|p1a: Slither Wing|[spread] p1a,p1b\n|-supereffective|p1a: Slither Wing\n|-damage|p1a: Slither Wing|163/277\n|-damage|p1b: Terapagos|76/259\n|-damage|p2b: Mesprit|106/278|[from] item: Life Orb\n|move|p1a: Slither Wing|Close Combat|p2a: Tyranitar\n|-immune|p2a: Tyranitar\n|move|p1b: Terapagos|Dark Pulse|p2b: Mesprit\n|-supereffective|p2b: Mesprit\n|-damage|p2b: Mesprit|0 fnt\n|faint|p2b: Mesprit\n|move|p2a: Tyranitar|Dragon Dance|p2a: Tyranitar\n|-boost|p2a: Tyranitar|atk|1\n|-boost|p2a: Tyranitar|spe|1\n|\n|-weather|Sandstorm|[upkeep]\n|-damage|p2a: Tyranitar|277/295|[from] Sandstorm\n|-damage|p1a: Slither Wing|146/277|[from] Sandstorm\n|-damage|p1b: Terapagos|60/259|[from] Sandstorm\n|upkeep\n|inactive|Apalomar6 has 120 seconds left.\n|\n|t:|1771141575\n|switch|p2b: Houndoom|Houndoom, L86, F|269/269\n|turn|5\n|\n|t:|1771141599\n|move|p2a: Tyranitar|Rock Slide|p1b: Terapagos|[spread] p1a,p1b\n|-damage|p1a: Slither Wing|31/277\n|-damage|p1b: Terapagos|0 fnt\n|faint|p1b: Terapagos\n|move|p2b: Houndoom|Heat Wave|p1a: Slither Wing\n|-supereffective|p1a: Slither Wing\n|-damage|p1a: Slither Wing|0 fnt\n|faint|p1a: Slither Wing\n|-end|p1a: Slither Wing|Protosynthesis|[silent]\n|-damage|p2b: Houndoom|243/269|[from] item: Life Orb\n|\n|-weather|Sandstorm|[upkeep]\n|-damage|p2a: Tyranitar|259/295|[from] Sandstorm\n|-damage|p2b: Houndoom|227/269|[from] Sandstorm\n|upkeep\n|\n|t:|1771141609\n|switch|p1a: Slowking|Slowking-Galar, L86, F|304/304\n|switch|p1b: Coalossal|Coalossal, L90, M|344/344\n|turn|6\n|\n|t:|1771141619\n|-terastallize|p1a: Slowking|Dark\n|move|p1b: Coalossal|Protect|p1b: Coalossal\n|-singleturn|p1b: Coalossal|Protect\n|move|p2a: Tyranitar|High Horsepower|p1a: Slowking|[miss]\n|-miss|p2a: Tyranitar|p1a: Slowking\n|move|p2b: Houndoom|Dark Pulse|p1a: Slowking\n|-resisted|p1a: Slowking\n|-damage|p1a: Slowking|247/304\n|-damage|p2b: Houndoom|201/269|[from] item: Life Orb\n|move|p1a: Slowking|Trick Room|p1a: Slowking\n|-fieldstart|move: Trick Room|[of] p1a: Slowking\n|\n|-weather|Sandstorm|[upkeep]\n|-damage|p1a: Slowking|228/304|[from] Sandstorm\n|-damage|p2b: Houndoom|185/269|[from] Sandstorm\n|-damage|p2a: Tyranitar|241/295|[from] Sandstorm\n|upkeep\n|turn|7\n|inactive|arhum47 has 120 seconds left.\n|\n|t:|1771141650\n|move|p1a: Slowking|Sludge Bomb|p2a: Tyranitar\n|-resisted|p2a: Tyranitar\n|-damage|p2a: Tyranitar|171/295\n|-damage|p1a: Slowking|198/304|[from] item: Life Orb\n|move|p1b: Coalossal|Stone Edge|p2b: Houndoom\n|-supereffective|p2b: Houndoom\n|-damage|p2b: Houndoom|0 fnt\n|faint|p2b: Houndoom\n|move|p2a: Tyranitar|High Horsepower|p1b: Coalossal\n|-supereffective|p1b: Coalossal\n|-damage|p1b: Coalossal|0 fnt\n|faint|p1b: Coalossal\n|\n|-weather|Sandstorm|[upkeep]\n|-damage|p1a: Slowking|179/304|[from] Sandstorm\n|-damage|p2a: Tyranitar|153/295|[from] Sandstorm\n|upkeep\n|inactive|arhum47 has 120 seconds left.\n|\n|t:|1771141662\n|switch|p1b: Phione|Phione, L90|290/290\n|switch|p2b: Rotom|Rotom-Mow, L86|226/226\n|turn|8\n|\n|t:|1771141677\n|move|p1a: Slowking|Sludge Bomb|p2b: Rotom\n|-supereffective|p2b: Rotom\n|-damage|p2b: Rotom|0 fnt\n|faint|p2b: Rotom\n|-damage|p1a: Slowking|149/304|[from] item: Life Orb\n|move|p1b: Phione|Scald|p2a: Tyranitar\n|-damage|p2a: Tyranitar|71/295\n|move|p2a: Tyranitar|Rock Slide|p1b: Phione|[spread] \n|-miss|p2a: Tyranitar|p1a: Slowking\n|-miss|p2a: Tyranitar|p1b: Phione\n|\n|-weather|none\n|upkeep\n|turn|9\n|\n|t:|1771141691\n|move|p1a: Slowking|Sludge Bomb|p2a: Tyranitar\n|-resisted|p2a: Tyranitar\n|-damage|p2a: Tyranitar|7/295\n|-status|p2a: Tyranitar|psn\n|-damage|p1a: Slowking|119/304|[from] item: Life Orb\n|move|p1b: Phione|Scald|p2a: Tyranitar\n|-damage|p2a: Tyranitar|0 fnt\n|faint|p2a: Tyranitar\n|\n|win|arhum47\n|raw|arhum47's rating: 1844 &rarr; <strong>1867</strong><br />(+23 for winning)\n|raw|Apalomar6's rating: 1897 &rarr; <strong>1874</strong><br />(-23 for losing)\n|l|☆Apalomar6\n|player|p2|\n", "inputlog": ">version 686819e5e19f8a7fd2345cfc5a08a5085efa2cc3\n>start {\"formatid\":\"gen9randomdoublesbattle\",\"seed\":\"sodium,17fa32ffb134916cb648f603b7816823\",\"rated\":\"Rated battle\"}\n>player p1 {\"name\":\"arhum47\",\"avatar\":\"hilbert\",\"rating\":1844,\"seed\":\"sodium,3e3438e40037768e9b860b1f8a5270fb\"}\n>player p2 {\"name\":\"Apalomar6\",\"avatar\":\"101\",\"rating\":1897,\"seed\":\"sodium,0f9a26ff06d3766bd7ac731fba06b503\"}\n>p1 move swordsdance, move meteorbeam +2\n>p2 move voltswitch +2, move muddywater\n>p2 switch 5, pass\n>p1 move hornleech +2, move terastarstorm +1\n>p2 move bodypress +1, move muddywater\n>p2 pass, switch 6\n>p1 move hornleech +1, move darkpulse +2\n>p2 move bodypress +1, move psychic +1\n>p1 switch 3, pass\n>p2 switch 3, pass\n>p1 move closecombat +1, move darkpulse +2\n>p2 move dragondance terastallize, move dazzlinggleam\n>p2 pass, switch 4\n>p1 move closecombat +2, move terastarstorm +2\n>p2 move rockslide, move heatwave\n>p1 switch 4, switch 6\n>p1 move trickroom terastallize, move protect\n>p2 move highhorsepower +1, move darkpulse +1\n>p1 move sludgebomb +1, move stoneedge +2\n>p2 move highhorsepower +2, move heatwave\n>p1 pass, switch 5\n>p2 pass, switch 5\n>p1 move sludgebomb +2, move scald +1\n>p2 move rockslide, move thunderbolt +2\n>p1 move sludgebomb +1, move scald +1\n>p2 move rockslide, pass", "uploadtime": 1771141703, "views": 70, "formatid": "gen9randomdoublesbattle", "rating": 1867, "private": 0, "password": null}