{"id": "gen9randomdoublesbattle-2540792428", "format": "[Gen 9] Random Doubles Battle", "players": ["owlinforest", "midomidori"], "log": "|j|☆owlinforest\n|j|☆midomidori\n|t:|1771254532\n|gametype|doubles\n|player|p1|owlinforest|170|1590\n|player|p2|midomidori|101|1614\n|gen|9\n|tier|[Gen 9] Random Doubles Battle\n|rated|\n|rule|Species Clause: Limit one of each Pokémon\n|rule|HP Percentage Mod: HP is shown in percentages\n|rule|Illusion Level Mod: Illusion disguises the Pokémon's true level\n|rule|Sleep Clause Mod: Limit one foe put to sleep\n|\n|t:|1771254532\n|teamsize|p1|6\n|teamsize|p2|6\n|start\n|switch|p1a: Wugtrio|Wugtrio, L92, F|214/214\n|switch|p1b: Lycanroc|Lycanroc-Midnight, L84, M|280/280\n|switch|p2a: Volcanion|Volcanion, L75|244/244\n|switch|p2b: Samurott|Samurott, L89, F|314/314\n|turn|1\n|inactive|Battle timer is ON: inactive players will automatically lose when time's up. (requested by midomidori)\n|inactive|owlinforest has 120 seconds left.\n|\n|t:|1771254571\n|switch|p1a: Kommo-o|Kommo-o, L79, F|248/248\n|move|p1b: Lycanroc|Stone Edge|p2a: Volcanion\n|-supereffective|p2a: Volcanion\n|-damage|p2a: Volcanion|0 fnt\n|faint|p2a: Volcanion\n|move|p2b: Samurott|Flip Turn|p1a: Kommo-o\n|-resisted|p1a: Kommo-o\n|-damage|p1a: Kommo-o|218/248\n|\n|t:|1771254578\n|switch|p2b: Dachsbun|Dachsbun, L90, M|249/249|[from] Flip Turn\n|\n|-heal|p1a: Kommo-o|233/248|[from] item: Leftovers\n|upkeep\n|\n|t:|1771254580\n|switch|p2a: Regirock|Regirock, L82|265/265\n|turn|2\n|\n|t:|1771254594\n|switch|p1a: Wugtrio|Wugtrio, L92, F|214/214\n|move|p2b: Dachsbun|Play Rough|p1a: Wugtrio\n|-damage|p1a: Wugtrio|79/214\n|-ability|p1a: Wugtrio|Gooey\n|-unboost|p2b: Dachsbun|spe|1\n|move|p1b: Lycanroc|Stone Edge|p2b: Dachsbun\n|-damage|p2b: Dachsbun|111/249\n|-enditem|p2b: Dachsbun|Sitrus Berry|[eat]\n|-heal|p2b: Dachsbun|173/249|[from] item: Sitrus Berry\n|move|p2a: Regirock|Curse|p2a: Regirock\n|-unboost|p2a: Regirock|spe|1\n|-boost|p2a: Regirock|atk|1\n|-boost|p2a: Regirock|def|1\n|\n|upkeep\n|turn|3\n|inactive|midomidori has 120 seconds left.\n|\n|t:|1771254626\n|move|p1a: Wugtrio|Liquidation|p2a: Regirock\n|-supereffective|p2a: Regirock\n|-damage|p2a: Regirock|157/265\n|move|p1b: Lycanroc|Stone Edge|p2b: Dachsbun\n|-damage|p2b: Dachsbun|46/249\n|move|p2b: Dachsbun|Body Press|p1b: Lycanroc\n|-supereffective|p1b: Lycanroc\n|-damage|p1b: Lycanroc|120/280\n|move|p2a: Regirock|Rock Slide|p1b: Lycanroc|[spread] p1a,p1b\n|-damage|p1a: Wugtrio|0 fnt\n|-damage|p1b: Lycanroc|18/280\n|faint|p1a: Wugtrio\n|\n|upkeep\n|\n|t:|1771254644\n|switch|p1a: Heatran|Heatran, L78, M|270/270\n|turn|4\n|\n|t:|1771254667\n|move|p1b: Lycanroc|Stone Edge|p2a: Regirock\n|-damage|p2a: Regirock|97/265\n|move|p1a: Heatran|Flash Cannon|p2a: Regirock\n|-supereffective|p2a: Regirock\n|-damage|p2a: Regirock|0 fnt\n|faint|p2a: Regirock\n|move|p2b: Dachsbun|Play Rough|p1b: Lycanroc\n|-damage|p1b: Lycanroc|0 fnt\n|faint|p1b: Lycanroc\n|\n|upkeep\n|\n|t:|1771254696\n|switch|p1b: Giratina|Giratina, L76|353/353\n|switch|p2a: Samurott|Samurott, L89, F|314/314\n|-ability|p1b: Giratina|Pressure\n|turn|5\n|\n|t:|1771254725\n|-terastallize|p1a: Heatran|Grass\n|move|p1b: Giratina|Shadow Ball|p2b: Dachsbun\n|-damage|p2b: Dachsbun|0 fnt\n|faint|p2b: Dachsbun\n|move|p2a: Samurott|Hydro Pump|p1a: Heatran\n|-resisted|p1a: Heatran\n|-damage|p1a: Heatran|209/270\n|move|p1a: Heatran|Tera Blast|p2a: Samurott|[anim] Tera Blast Grass\n|-supereffective|p2a: Samurott\n|-damage|p2a: Samurott|186/314\n|\n|upkeep\n|\n|t:|1771254735\n|switch|p2b: Lokix|Lokix, L88, F|268/268\n|turn|6\n|\n|t:|1771254745\n|move|p2b: Lokix|U-turn|p1a: Heatran\n|-supereffective|p1a: Heatran\n|-damage|p1a: Heatran|0 fnt\n|faint|p1a: Heatran\n|-damage|p2b: Lokix|242/268|[from] item: Life Orb\n|\n|t:|1771254749\n|switch|p2b: Iron Jugulis|Iron Jugulis, L79|278/278|[from] U-turn\n|-enditem|p2b: Iron Jugulis|Booster Energy\n|-activate|p2b: Iron Jugulis|ability: Quark Drive|[fromitem]\n|-start|p2b: Iron Jugulis|quarkdrivespa\n|move|p1b: Giratina|Calm Mind|p1b: Giratina\n|-boost|p1b: Giratina|spa|1\n|-boost|p1b: Giratina|spd|1\n|move|p2a: Samurott|Knock Off|p1b: Giratina\n|-supereffective|p1b: Giratina\n|-damage|p1b: Giratina|223/353\n|-enditem|p1b: Giratina|Leftovers|[from] move: Knock Off|[of] p2a: Samurott\n|\n|upkeep\n|inactive|owlinforest has 120 seconds left.\n|\n|t:|1771254779\n|switch|p1a: Zamazenta|Zamazenta-Crowned, L67|235/235\n|-ability|p1a: Zamazenta|Dauntless Shield|boost\n|-boost|p1a: Zamazenta|def|1\n|turn|7\n|\n|t:|1771254805\n|move|p2b: Iron Jugulis|Hurricane|p1a: Zamazenta\n|-damage|p1a: Zamazenta|91/235\n|-start|p1a: Zamazenta|confusion\n|-activate|p1a: Zamazenta|confusion\n|-damage|p1a: Zamazenta|78/235|[from] confusion\n|move|p1b: Giratina|Shadow Ball|p2a: Samurott\n|-damage|p2a: Samurott|104/314\n|move|p2a: Samurott|Hydro Pump|p1a: Zamazenta\n|-damage|p1a: Zamazenta|0 fnt\n|faint|p1a: Zamazenta\n|\n|upkeep\n|-message|owlinforest forfeited.\n|\n|win|midomidori\n|raw|owlinforest's rating: 1590 &rarr; <strong>1571</strong><br />(-19 for losing)\n|raw|midomidori's rating: 1614 &rarr; <strong>1633</strong><br />(+19 for winning)\n|l|☆owlinforest\n|player|p1|\n|l|☆midomidori\n|player|p2|\n|j|☆midomidori\n|player|p2|midomidori|101|\n", "inputlog": ">version 686819e5e19f8a7fd2345cfc5a08a5085efa2cc3\n>start {\"formatid\":\"gen9randomdoublesbattle\",\"seed\":\"sodium,6a32aee4bbc27de8bb2cc7a3d43c7770\",\"rated\":\"Rated battle\"}\n>player p1 {\"name\":\"owlinforest\",\"avatar\":\"170\",\"rating\":1590,\"seed\":\"sodium,25a0f94134f9b0b998f4aaee488dfa86\"}\n>player p2 {\"name\":\"midomidori\",\"avatar\":\"101\",\"rating\":1614,\"seed\":\"sodium,7635ca3593eb399d68eb8f685cb8fa8c\"}\n>p1 switch 5, move stoneedge +1\n>p2 move steameruption +1, move flipturn +1\n>p2 pass, switch 6\n>p2 switch 4, pass\n>p1 switch 5, move stoneedge +2\n>p2 move curse, move playrough +1\n>p1 move liquidation +1, move stoneedge +2\n>p2 move rockslide, move bodypress +2\n>p1 switch 6, pass\n>p1 move flashcannon +1, move stoneedge +1\n>p2 move bodypress +1, move playrough +2\n>p1 pass, switch 4\n>p2 switch 6, pass\n>p1 move terablast +1 terastallize, move shadowball +2\n>p2 move hydropump +1, move bodypress +1\n>p2 pass, switch 3\n>p1 move heatwave, move calmmind\n>p2 move knockoff +2, move uturn +1\n>p2 pass, switch 5\n>p1 switch 3, pass\n>p1 move snarl, move shadowball +1\n>p2 move hydropump +1, move hurricane +1\n>forcelose p1", "uploadtime": 1771255507, "views": 11, "formatid": "gen9randomdoublesbattle", "rating": 1571, "private": 0, "password": null}