{"id": "gen9randomdoublesbattle-2537978639", "format": "[Gen 9] Random Doubles Battle", "players": ["gingerlike", "zawardoact3"], "log": "|j|☆gingerlike\n|j|☆zawardoact3\n|t:|1770871825\n|gametype|doubles\n|player|p1|gingerlike|170|1618\n|player|p2|zawardoact3|169|1608\n|gen|9\n|tier|[Gen 9] Random Doubles Battle\n|rated|\n|rule|Species Clause: Limit one of each Pokémon\n|rule|HP Percentage Mod: HP is shown in percentages\n|rule|Illusion Level Mod: Illusion disguises the Pokémon's true level\n|rule|Sleep Clause Mod: Limit one foe put to sleep\n|\n|t:|1770871825\n|teamsize|p1|6\n|teamsize|p2|6\n|start\n|switch|p1a: Emboar|Emboar, L85, M|326/326\n|switch|p1b: Sableye|Sableye, L92, F|241/241\n|switch|p2a: Shiftry|Shiftry, L84, F|288/288\n|switch|p2b: Lugia|Lugia, L71|268/268\n|turn|1\n|inactive|Battle timer is ON: inactive players will automatically lose when time's up. (requested by gingerlike)\n|\n|t:|1770871851\n|-terastallize|p2b: Lugia|Ground\n|move|p1b: Sableye|Fake Out|p2b: Lugia\n|-damage|p2b: Lugia|256/268\n|move|p1a: Emboar|Flare Blitz|p2a: Shiftry\n|-supereffective|p2a: Shiftry\n|-damage|p2a: Shiftry|0 fnt\n|faint|p2a: Shiftry\n|-damage|p1a: Emboar|231/326|[from] Recoil\n|cant|p2b: Lugia|flinch\n|\n|-heal|p2b: Lugia|268/268|[from] item: Leftovers\n|upkeep\n|\n|t:|1770871861\n|switch|p2a: Clawitzer|Clawitzer, L84, F|256/256\n|turn|2\n|\n|t:|1770871882\n|switch|p1a: Vaporeon|Vaporeon, L84, F|356/356\n|move|p2b: Lugia|Aeroblast|p1a: Vaporeon\n|-damage|p1a: Vaporeon|284/356\n|move|p2a: Clawitzer|Muddy Water|p1a: Vaporeon|[spread] \n|-heal|p1a: Vaporeon|356/356|[from] ability: Water Absorb|[of] p2a: Clawitzer\n|-miss|p2a: Clawitzer|p1b: Sableye\n|move|p1b: Sableye|Knock Off|p2b: Lugia\n|-damage|p2b: Lugia|229/268\n|-enditem|p2b: Lugia|Leftovers|[from] move: Knock Off|[of] p1b: Sableye\n|\n|upkeep\n|turn|3\n|\n|t:|1770871905\n|switch|p2a: Koraidon|Koraidon, L66|242/242\n|-weather|SunnyDay|[from] ability: Orichalcum Pulse|[of] p2a: Koraidon\n|-activate|p2a: Koraidon|Orichalcum Pulse|[source]\n|move|p1b: Sableye|Thunder Wave|p2a: Koraidon\n|-status|p2a: Koraidon|par\n|move|p2b: Lugia|Calm Mind|p2b: Lugia\n|-boost|p2b: Lugia|spa|1\n|-boost|p2b: Lugia|spd|1\n|move|p1a: Vaporeon|Muddy Water|p2a: Koraidon|[spread] p2a,p2b\n|-resisted|p2a: Koraidon\n|-supereffective|p2b: Lugia\n|-damage|p2a: Koraidon|222/242 par\n|-damage|p2b: Lugia|193/268\n|-unboost|p2b: Lugia|accuracy|1\n|\n|-weather|SunnyDay|[upkeep]\n|upkeep\n|turn|4\n|\n|t:|1770871919\n|move|p1b: Sableye|Encore|p2b: Lugia\n|-start|p2b: Lugia|Encore\n|move|p2b: Lugia|Calm Mind|p2b: Lugia\n|-boost|p2b: Lugia|spa|1\n|-boost|p2b: Lugia|spd|1\n|move|p1a: Vaporeon|Icy Wind|p2a: Koraidon|[spread] p2a,p2b\n|-supereffective|p2a: Koraidon\n|-supereffective|p2b: Lugia\n|-damage|p2a: Koraidon|142/242 par\n|-damage|p2b: Lugia|171/268\n|-unboost|p2a: Koraidon|spe|1\n|-unboost|p2b: Lugia|spe|1\n|move|p2a: Koraidon|Flare Blitz|p1b: Sableye\n|-damage|p1b: Sableye|67/241\n|-enditem|p1b: Sableye|Sitrus Berry|[eat]\n|-heal|p1b: Sableye|127/241|[from] item: Sitrus Berry\n|-damage|p2a: Koraidon|85/242 par|[from] Recoil\n|-damage|p2a: Koraidon|61/242 par|[from] item: Life Orb\n|\n|-weather|SunnyDay|[upkeep]\n|upkeep\n|turn|5\n|\n|t:|1770871943\n|move|p1a: Vaporeon|Icy Wind|p2a: Koraidon|[spread] p2a,p2b\n|-supereffective|p2a: Koraidon\n|-supereffective|p2b: Lugia\n|-damage|p2a: Koraidon|0 fnt\n|-damage|p2b: Lugia|145/268\n|-unboost|p2b: Lugia|spe|1\n|faint|p2a: Koraidon\n|move|p1b: Sableye|Knock Off|p2b: Lugia\n|-damage|p2b: Lugia|88/268\n|move|p2b: Lugia|Calm Mind|p2b: Lugia\n|-boost|p2b: Lugia|spa|1\n|-boost|p2b: Lugia|spd|1\n|\n|-weather|SunnyDay|[upkeep]\n|upkeep\n|\n|t:|1770871946\n|switch|p2a: Houndoom|Houndoom, L86, F|269/269\n|turn|6\n|\n|t:|1770871973\n|switch|p1b: Emboar|Emboar, L85, M|231/326\n|move|p2a: Houndoom|Heat Wave|p1a: Vaporeon|[spread] p1a,p1b\n|-resisted|p1a: Vaporeon\n|-resisted|p1b: Emboar\n|-damage|p1a: Vaporeon|278/356\n|-damage|p1b: Emboar|135/326\n|-damage|p2a: Houndoom|243/269|[from] item: Life Orb\n|move|p1a: Vaporeon|Icy Wind|p2a: Houndoom|[spread] p2a,p2b\n|-resisted|p2a: Houndoom\n|-crit|p2a: Houndoom\n|-supereffective|p2b: Lugia\n|-damage|p2a: Houndoom|217/269\n|-damage|p2b: Lugia|68/268\n|-unboost|p2a: Houndoom|spe|1\n|-unboost|p2b: Lugia|spe|1\n|move|p2b: Lugia|Calm Mind|p2b: Lugia\n|-boost|p2b: Lugia|spa|1\n|-boost|p2b: Lugia|spd|1\n|\n|-weather|SunnyDay|[upkeep]\n|-end|p2b: Lugia|Encore\n|upkeep\n|turn|7\n|inactive|gingerlike has 120 seconds left.\n|\n|t:|1770872006\n|move|p1b: Emboar|Close Combat|p2b: Lugia\n|-damage|p2b: Lugia|0 fnt\n|-unboost|p1b: Emboar|def|1\n|-unboost|p1b: Emboar|spd|1\n|faint|p2b: Lugia\n|move|p1a: Vaporeon|Yawn|p2a: Houndoom\n|-start|p2a: Houndoom|move: Yawn|[of] p1a: Vaporeon\n|move|p2a: Houndoom|Dark Pulse|p1a: Vaporeon\n|-damage|p1a: Vaporeon|153/356\n|-enditem|p1a: Vaporeon|Sitrus Berry|[eat]\n|-heal|p1a: Vaporeon|242/356|[from] item: Sitrus Berry\n|-damage|p2a: Houndoom|191/269|[from] item: Life Orb\n|\n|-weather|none\n|upkeep\n|\n|t:|1770872016\n|switch|p2b: Corviknight|Corviknight, L80, F|288/288\n|turn|8\n|\n|t:|1770872040\n|switch|p1b: Golem|Golem-Alola, L88, F|284/284\n|switch|p2a: Clawitzer|Clawitzer, L84, F|256/256\n|move|p1a: Vaporeon|Muddy Water|p2a: Clawitzer|[spread] p2a,p2b\n|-resisted|p2a: Clawitzer\n|-damage|p2a: Clawitzer|220/256\n|-damage|p2b: Corviknight|201/288\n|-unboost|p2a: Clawitzer|accuracy|1\n|move|p2b: Corviknight|Brave Bird|p1b: Golem\n|-resisted|p1b: Golem\n|-damage|p1b: Golem|265/284\n|-damage|p2b: Corviknight|195/288|[from] Recoil\n|\n|upkeep\n|turn|9\n|inactive|gingerlike has 120 seconds left.\n|\n|t:|1770872072\n|switch|p1a: Groudon|Groudon, L69|252/252\n|-weather|SunnyDay|[from] ability: Drought|[of] p1a: Groudon\n|move|p2b: Corviknight|Tailwind|p2b: Corviknight\n|-sidestart|p2: zawardoact3|move: Tailwind\n|move|p2a: Clawitzer|Aura Sphere|p1b: Golem\n|-supereffective|p1b: Golem\n|-damage|p1b: Golem|0 fnt\n|faint|p1b: Golem\n|\n|-weather|SunnyDay|[upkeep]\n|upkeep\n|inactive|gingerlike has 120 seconds left.\n|\n|t:|1770872090\n|switch|p1b: Sableye|Sableye, L92, F|127/241\n|turn|10\n|\n|t:|1770872104\n|switch|p2b: Houndoom|Houndoom, L86, F|191/269\n|move|p1b: Sableye|Fake Out|p2a: Clawitzer\n|-damage|p2a: Clawitzer|190/256\n|cant|p2a: Clawitzer|flinch\n|move|p1a: Groudon|Heat Crash|p2b: Houndoom\n|-start|p2b: Houndoom|ability: Flash Fire\n|\n|-weather|SunnyDay|[upkeep]\n|upkeep\n|turn|11\n|\n|t:|1770872123\n|move|p1b: Sableye|Thunder Wave|p2a: Clawitzer|[miss]\n|-miss|p1b: Sableye|p2a: Clawitzer\n|move|p2b: Houndoom|Heat Wave|p1a: Groudon|[spread] p1a,p1b\n|-damage|p1a: Groudon|0 fnt\n|-damage|p1b: Sableye|0 fnt\n|faint|p1a: Groudon\n|faint|p1b: Sableye\n|-damage|p2b: Houndoom|165/269|[from] item: Life Orb\n|move|p2a: Clawitzer|Aura Sphere|p1: Groudon|[notarget]\n|-fail|p2a: Clawitzer\n|\n|-weather|SunnyDay|[upkeep]\n|upkeep\n|\n|t:|1770872131\n|switch|p1a: Vaporeon|Vaporeon, L84, F|242/356\n|switch|p1b: Maushold|Maushold-Four, L79|247/247\n|turn|12\n|\n|t:|1770872153\n|move|p1b: Maushold|Protect|p1b: Maushold\n|-singleturn|p1b: Maushold|Protect\n|move|p2b: Houndoom|Heat Wave|p1a: Vaporeon|[spread] \n|-activate|p1b: Maushold|move: Protect\n|-miss|p2b: Houndoom|p1a: Vaporeon\n|move|p2a: Clawitzer|Aura Sphere|p1a: Vaporeon\n|-damage|p1a: Vaporeon|96/356\n|move|p1a: Vaporeon|Yawn|p2b: Houndoom\n|-start|p2b: Houndoom|move: Yawn|[of] p1a: Vaporeon\n|\n|-weather|SunnyDay|[upkeep]\n|-sideend|p2: zawardoact3|move: Tailwind\n|upkeep\n|turn|13\n|inactive|gingerlike has 120 seconds left.\n|\n|t:|1770872199\n|-end|p2b: Houndoom|ability: Flash Fire|[silent]\n|switch|p2b: Corviknight|Corviknight, L80, F|195/288\n|move|p1b: Maushold|Population Bomb|p2a: Clawitzer\n|-damage|p2a: Clawitzer|165/256\n|-damage|p2a: Clawitzer|143/256\n|-damage|p2a: Clawitzer|119/256\n|-damage|p2a: Clawitzer|97/256\n|-damage|p2a: Clawitzer|73/256\n|-damage|p2a: Clawitzer|48/256\n|-damage|p2a: Clawitzer|24/256\n|-damage|p2a: Clawitzer|0 fnt\n|faint|p2a: Clawitzer\n|-hitcount|p2: Clawitzer|8\n|move|p1a: Vaporeon|Muddy Water|p2b: Corviknight\n|-damage|p2b: Corviknight|141/288\n|-enditem|p2b: Corviknight|Sitrus Berry|[eat]\n|-heal|p2b: Corviknight|213/288|[from] item: Sitrus Berry\n|\n|-weather|none\n|upkeep\n|\n|t:|1770872203\n|switch|p2a: Houndoom|Houndoom, L86, F|165/269\n|turn|14\n|inactive|gingerlike has 120 seconds left.\n|\n|t:|1770872228\n|move|p2a: Houndoom|Sucker Punch|p1a: Vaporeon\n|-damage|p1a: Vaporeon|0 fnt\n|faint|p1a: Vaporeon\n|-damage|p2a: Houndoom|139/269|[from] item: Life Orb\n|move|p1b: Maushold|Population Bomb|p2a: Houndoom\n|-damage|p2a: Houndoom|105/269\n|-damage|p2a: Houndoom|71/269\n|-damage|p2a: Houndoom|38/269\n|-damage|p2a: Houndoom|5/269\n|-damage|p2a: Houndoom|0 fnt\n|faint|p2a: Houndoom\n|-hitcount|p2: Houndoom|5\n|move|p2b: Corviknight|Tailwind|p2b: Corviknight\n|-sidestart|p2: zawardoact3|move: Tailwind\n|\n|upkeep\n|\n|t:|1770872234\n|switch|p1a: Emboar|Emboar, L85, M|135/326\n|turn|15\n|\n|t:|1770872247\n|move|p1b: Maushold|Follow Me|p1b: Maushold\n|-singleturn|p1b: Maushold|move: Follow Me\n|move|p2b: Corviknight|Brave Bird|p1b: Maushold\n|-damage|p1b: Maushold|102/247\n|-damage|p2b: Corviknight|165/288|[from] Recoil\n|move|p1a: Emboar|Flare Blitz|p2b: Corviknight\n|-supereffective|p2b: Corviknight\n|-damage|p2b: Corviknight|0 fnt\n|faint|p2b: Corviknight\n|-damage|p1a: Emboar|81/326|[from] Recoil\n|\n|win|gingerlike\n|raw|gingerlike's rating: 1618 &rarr; <strong>1637</strong><br />(+19 for winning)\n|raw|zawardoact3's rating: 1608 &rarr; <strong>1589</strong><br />(-19 for losing)\n", "inputlog": ">version ccdc32dd7cde25fd9e4bed64820e885f66e78a4e\n>start {\"formatid\":\"gen9randomdoublesbattle\",\"seed\":\"sodium,65ef371f81fd6cf813931692d0bbe05f\",\"rated\":\"Rated battle\"}\n>player p1 {\"name\":\"gingerlike\",\"avatar\":\"170\",\"rating\":1618,\"seed\":\"sodium,8dcf5db04a91a2d572be62abe6797a24\"}\n>player p2 {\"name\":\"zawardoact3\",\"avatar\":\"169\",\"rating\":1608,\"seed\":\"sodium,d3992959469f07505de7f871be8b8e9d\"}\n>p1 move flareblitz +1, move fakeout +2\n>p2 move tailwind, move earthpower +1 terastallize\n>p2 switch 4, pass\n>p1 switch 3, move knockoff +2\n>p2 move muddywater, move aeroblast +1\n>p1 move muddywater, move thunderwave +1\n>p2 switch 5, move calmmind\n>p1 move icywind, move encore +2\n>p2 move flareblitz +2, move aeroblast +1\n>p1 move icywind, move knockoff +2\n>p2 move flareblitz +2, move calmmind\n>p2 switch 3, pass\n>p1 move icywind, switch 3\n>p2 move heatwave, move calmmind\n>p1 move yawn +1, move closecombat +2\n>p2 move darkpulse +1, move recover\n>p2 pass, switch 6\n>p1 move muddywater, switch 4\n>p2 switch 5, move bravebird +2\n>p1 switch 5, move explosion\n>p2 move aurasphere +2, move tailwind\n>p1 pass, switch 3\n>p1 move heatcrash +2, move fakeout +1\n>p2 move aurasphere +1, switch 5\n>p1 move precipiceblades, move thunderwave +1\n>p2 move aurasphere +1, move heatwave\n>p1 switch 5, switch 6\n>p1 move yawn +2, move protect\n>p2 move aurasphere +1, move heatwave\n>p1 move muddywater, move populationbomb +1\n>p2 move aurasphere +2, switch 5\n>p2 switch 5, pass\n>p1 move muddywater, move populationbomb +1\n>p2 move suckerpunch +1, move tailwind\n>p1 switch 4, pass\n>p1 move flareblitz +2, move followme\n>p2 pass, move bravebird +1", "uploadtime": 1770872247, "views": 69, "formatid": "gen9randomdoublesbattle", "rating": 1589, "private": 0, "password": null}