{"id": "gen9randomdoublesbattle-2536890287", "format": "[Gen 9] Random Doubles Battle", "players": ["julfersi1", "kalsonofjor"], "log": "|j|☆julfersi1\n|j|☆kalsonofjor\n|t:|1770745964\n|gametype|doubles\n|player|p1|julfersi1|265|1859\n|player|p2|kalsonofjor|101|1789\n|gen|9\n|tier|[Gen 9] Random Doubles Battle\n|rated|\n|rule|Species Clause: Limit one of each Pokémon\n|rule|HP Percentage Mod: HP is shown in percentages\n|rule|Illusion Level Mod: Illusion disguises the Pokémon's true level\n|rule|Sleep Clause Mod: Limit one foe put to sleep\n|\n|t:|1770745964\n|teamsize|p1|6\n|teamsize|p2|6\n|start\n|switch|p1a: Volcanion|Volcanion, L75|244/244\n|switch|p1b: Spectrier|Spectrier, L77|281/281\n|switch|p2a: Chesnaught|Chesnaught, L86, F|292/292\n|switch|p2b: Mudsdale|Mudsdale, L84, M|305/305\n|turn|1\n|\n|t:|1770746008\n|move|p1b: Spectrier|Nasty Plot|p1b: Spectrier\n|-boost|p1b: Spectrier|spa|2\n|move|p2a: Chesnaught|Leech Seed|p1b: Spectrier\n|-start|p1b: Spectrier|move: Leech Seed\n|move|p1a: Volcanion|Heat Wave|p2a: Chesnaught|[spread] p2a,p2b\n|-supereffective|p2a: Chesnaught\n|-damage|p2a: Chesnaught|116/292\n|-damage|p2b: Mudsdale|229/305\n|-ability|p2b: Mudsdale|Stamina|boost\n|-boost|p2b: Mudsdale|def|1\n|move|p2b: Mudsdale|High Horsepower|p1a: Volcanion\n|-supereffective|p1a: Volcanion\n|-damage|p1a: Volcanion|26/244\n|-enditem|p1a: Volcanion|Sitrus Berry|[eat]\n|-heal|p1a: Volcanion|87/244|[from] item: Sitrus Berry\n|\n|-heal|p2a: Chesnaught|134/292|[from] item: Leftovers\n|-damage|p1b: Spectrier|246/281|[from] Leech Seed|[of] p2a: Chesnaught\n|-heal|p2a: Chesnaught|169/292|[silent]\n|upkeep\n|turn|2\n|\n|t:|1770746031\n|move|p2a: Chesnaught|Spiky Shield|p2a: Chesnaught\n|-singleturn|p2a: Chesnaught|move: Protect\n|move|p1b: Spectrier|Shadow Ball|p2b: Mudsdale\n|-damage|p2b: Mudsdale|0 fnt\n|faint|p2b: Mudsdale\n|-ability|p1b: Spectrier|Grim Neigh|boost\n|-boost|p1b: Spectrier|spa|1\n|-damage|p1b: Spectrier|218/281|[from] item: Life Orb\n|move|p1a: Volcanion|Heat Wave|p2a: Chesnaught\n|-activate|p2a: Chesnaught|move: Protect\n|\n|-heal|p2a: Chesnaught|187/292|[from] item: Leftovers\n|-damage|p1b: Spectrier|183/281|[from] Leech Seed|[of] p2a: Chesnaught\n|-heal|p2a: Chesnaught|222/292|[silent]\n|upkeep\n|\n|t:|1770746053\n|switch|p2b: Iron Bundle|Iron Bundle, L78|215/215\n|-enditem|p2b: Iron Bundle|Booster Energy\n|-activate|p2b: Iron Bundle|ability: Quark Drive|[fromitem]\n|-start|p2b: Iron Bundle|quarkdrivespe\n|turn|3\n|\n|t:|1770746078\n|move|p2b: Iron Bundle|Protect|p2b: Iron Bundle\n|-singleturn|p2b: Iron Bundle|Protect\n|move|p1b: Spectrier|Draining Kiss|p2a: Chesnaught\n|-supereffective|p2a: Chesnaught\n|-damage|p2a: Chesnaught|0 fnt\n|-heal|p1b: Spectrier|281/281|[from] drain|[of] p2a: Chesnaught\n|faint|p2a: Chesnaught\n|-ability|p1b: Spectrier|Grim Neigh|boost\n|-boost|p1b: Spectrier|spa|1\n|-damage|p1b: Spectrier|253/281|[from] item: Life Orb\n|move|p1a: Volcanion|Heat Wave|p2b: Iron Bundle\n|-activate|p2b: Iron Bundle|move: Protect\n|\n|upkeep\n|\n|t:|1770746086\n|switch|p2a: Miraidon|Miraidon, L65|238/238\n|-fieldstart|move: Electric Terrain|[from] ability: Hadron Engine|[of] p2a: Miraidon\n|turn|4\n|\n|t:|1770746107\n|-terastallize|p1a: Volcanion|Ground\n|move|p1b: Spectrier|Protect|p1b: Spectrier\n|-singleturn|p1b: Spectrier|Protect\n|move|p2b: Iron Bundle|Icy Wind|p1a: Volcanion|[spread] p1a\n|-activate|p1b: Spectrier|move: Protect\n|-supereffective|p1a: Volcanion\n|-damage|p1a: Volcanion|0 fnt\n|faint|p1a: Volcanion\n|move|p2a: Miraidon|Electro Drift|p1b: Spectrier\n|-activate|p1b: Spectrier|move: Protect\n|\n|-damage|p1b: Spectrier|218/281|[from] Leech Seed|[of] p2a: Miraidon\n|upkeep\n|\n|t:|1770746127\n|switch|p1a: Slaking|Slaking, L89, F|412/412\n|turn|5\n|\n|t:|1770746157\n|switch|p1b: Cyclizar|Cyclizar, L87, M|264/264\n|move|p2b: Iron Bundle|Icy Wind|p1b: Cyclizar|[spread] p1a,p1b\n|-supereffective|p1b: Cyclizar\n|-crit|p1b: Cyclizar\n|-damage|p1a: Slaking|355/412\n|-damage|p1b: Cyclizar|90/264\n|-unboost|p1a: Slaking|spe|1\n|-unboost|p1b: Cyclizar|spe|1\n|-enditem|p1b: Cyclizar|Sitrus Berry|[eat]\n|-heal|p1b: Cyclizar|156/264|[from] item: Sitrus Berry\n|move|p2a: Miraidon|Electro Drift|p1b: Cyclizar\n|-resisted|p1b: Cyclizar\n|-damage|p1b: Cyclizar|33/264\n|move|p1a: Slaking|Double-Edge|p2a: Miraidon\n|-damage|p2a: Miraidon|0 fnt\n|faint|p2a: Miraidon\n|-damage|p1a: Slaking|276/412|[from] Recoil\n|\n|upkeep\n|inactive|Battle timer is ON: inactive players will automatically lose when time's up. (requested by kalsonofjor)\n|\n|t:|1770746177\n|switch|p2a: Magnezone|Magnezone, L84|255/255\n|turn|6\n|\n|t:|1770746189\n|move|p2b: Iron Bundle|Icy Wind|p1a: Slaking|[spread] p1a,p1b\n|-supereffective|p1b: Cyclizar\n|-damage|p1a: Slaking|224/412\n|-damage|p1b: Cyclizar|0 fnt\n|-unboost|p1a: Slaking|spe|1\n|faint|p1b: Cyclizar\n|move|p2a: Magnezone|Thunderbolt|p1a: Slaking\n|-damage|p1a: Slaking|52/412\n|cant|p1a: Slaking|ability: Truant\n|\n|upkeep\n|\n|t:|1770746195\n|switch|p1b: Calyrex|Calyrex-Shadow, L63|231/231\n|-ability|p1b: Calyrex|As One\n|-ability|p1b: Calyrex|Unnerve\n|turn|7\n|\n|t:|1770746220\n|move|p2b: Iron Bundle|Protect|p2b: Iron Bundle\n|-singleturn|p2b: Iron Bundle|Protect\n|move|p2a: Magnezone|Protect|p2a: Magnezone\n|-singleturn|p2a: Magnezone|Protect\n|move|p1b: Calyrex|Astral Barrage|p2b: Iron Bundle|[spread] \n|-activate|p2a: Magnezone|move: Protect\n|-activate|p2b: Iron Bundle|move: Protect\n|move|p1a: Slaking|Double-Edge|p2b: Iron Bundle\n|-activate|p2b: Iron Bundle|move: Protect\n|\n|upkeep\n|turn|8\n|\n|t:|1770746242\n|move|p2b: Iron Bundle|Freeze-Dry|p1b: Calyrex\n|-damage|p1b: Calyrex|131/231\n|move|p1b: Calyrex|Astral Barrage|p2b: Iron Bundle|[spread] p2a,p2b\n|-damage|p2a: Magnezone|137/255\n|-damage|p2b: Iron Bundle|50/215\n|-damage|p1b: Calyrex|108/231|[from] item: Life Orb\n|move|p2a: Magnezone|Thunderbolt|p1b: Calyrex\n|-crit|p1b: Calyrex\n|-damage|p1b: Calyrex|0 fnt\n|faint|p1b: Calyrex\n|cant|p1a: Slaking|ability: Truant\n|\n|-fieldend|move: Electric Terrain\n|upkeep\n|\n|t:|1770746255\n|switch|p1b: Spectrier|Spectrier, L77|218/281\n|turn|9\n|\n|t:|1770746275\n|move|p2a: Magnezone|Protect|p2a: Magnezone\n|-singleturn|p2a: Magnezone|Protect\n|move|p2b: Iron Bundle|Icy Wind|p1a: Slaking|[spread] p1a,p1b\n|-damage|p1a: Slaking|0 fnt\n|-damage|p1b: Spectrier|167/281\n|-unboost|p1b: Spectrier|spe|1\n|faint|p1a: Slaking\n|move|p1b: Spectrier|Draining Kiss|p2b: Iron Bundle\n|-damage|p2b: Iron Bundle|0 fnt\n|-heal|p1b: Spectrier|205/281|[from] drain|[of] p2b: Iron Bundle\n|faint|p2b: Iron Bundle\n|-end|p2b: Iron Bundle|Quark Drive|[silent]\n|-ability|p1b: Spectrier|Grim Neigh|boost\n|-boost|p1b: Spectrier|spa|1\n|-damage|p1b: Spectrier|177/281|[from] item: Life Orb\n|\n|upkeep\n|\n|t:|1770746295\n|switch|p2b: Ditto|Ditto, L97|250/250\n|switch|p1a: Palafin|Palafin, L79, M|288/288\n|-transform|p2b: Ditto|p1a: Palafin|[from] ability: Imposter\n|turn|10\n|\n|t:|1770746324\n|move|p1a: Palafin|Close Combat|p2a: Magnezone\n|-supereffective|p2a: Magnezone\n|-damage|p2a: Magnezone|1/255\n|-unboost|p1a: Palafin|def|1\n|-unboost|p1a: Palafin|spd|1\n|-enditem|p2a: Magnezone|Sitrus Berry|[eat]\n|-heal|p2a: Magnezone|64/255|[from] item: Sitrus Berry\n|move|p2b: Ditto|Wave Crash|p1b: Spectrier\n|-damage|p1b: Spectrier|30/281\n|-damage|p2b: Ditto|201/250|[from] Recoil\n|move|p1b: Spectrier|Shadow Ball|p2b: Ditto\n|-damage|p2b: Ditto|0 fnt\n|faint|p2b: Ditto\n|-ability|p1b: Spectrier|Grim Neigh|boost\n|-boost|p1b: Spectrier|spa|1\n|-damage|p1b: Spectrier|2/281|[from] item: Life Orb\n|move|p2a: Magnezone|Electroweb|p1b: Spectrier|[spread] p1a,p1b\n|-supereffective|p1a: Palafin\n|-damage|p1a: Palafin|76/288\n|-damage|p1b: Spectrier|0 fnt\n|-unboost|p1a: Palafin|spe|1\n|faint|p1b: Spectrier\n|\n|upkeep\n|turn|11\n|\n|t:|1770746350\n|move|p2a: Magnezone|Thunderbolt|p1a: Palafin\n|-supereffective|p1a: Palafin\n|-damage|p1a: Palafin|0 fnt\n|faint|p1a: Palafin\n|\n|win|kalsonofjor\n|raw|julfersi1's rating: 1859 &rarr; <strong>1835</strong><br />(-24 for losing)\n|raw|kalsonofjor's rating: 1789 &rarr; <strong>1813</strong><br />(+24 for winning)\n|l|☆julfersi1\n|player|p1|\n", "inputlog": ">version ccdc32dd7cde25fd9e4bed64820e885f66e78a4e\n>start {\"formatid\":\"gen9randomdoublesbattle\",\"seed\":\"sodium,acdf05ad8c93318a8e547636fe639885\",\"rated\":\"Rated battle\"}\n>player p1 {\"name\":\"julfersi1\",\"avatar\":\"265\",\"rating\":1859,\"seed\":\"sodium,688805dd918c1d18d543769a4a60704c\"}\n>player p2 {\"name\":\"kalsonofjor\",\"avatar\":\"101\",\"rating\":1789,\"seed\":\"sodium,66122c1dbb61fa04771379ca7b009039\"}\n>p1 move heatwave, move nastyplot\n>p2 move leechseed +2, move highhorsepower +1\n>p1 move heatwave, move shadowball +2\n>p2 move spikyshield, move highhorsepower +2\n>p2 pass, switch 3\n>p1 move heatwave, move drainingkiss +1\n>p2 move irondefense, move protect\n>p2 switch 4, pass\n>p1 move earthpower +1 terastallize, move protect\n>p2 move electrodrift +2, move icywind\n>p1 switch 4, pass\n>p1 move doubleedge +1, switch 3\n>p2 move electrodrift +2, move icywind\n>p2 switch 5, pass\n>p1 move doubleedge +2, move knockoff +1\n>p2 move thunderbolt +1, move icywind\n>p1 pass, switch 6\n>p1 move doubleedge +2, move astralbarrage\n>p2 move protect, move protect\n>p1 move doubleedge +2, move astralbarrage\n>p2 move thunderbolt +2, move freezedry +2\n>p1 pass, switch 3\n>p1 move doubleedge +1, move drainingkiss +2\n>p2 move protect, move icywind\n>p1 switch 5, pass\n>p2 pass, switch 6\n>p1 move closecombat +1, move shadowball +2\n>p2 move electroweb, move wavecrash +2\n>p1 move closecombat +1, pass\n>p2 move thunderbolt +1, pass", "uploadtime": 1770746352, "views": 67, "formatid": "gen9randomdoublesbattle", "rating": 1813, "private": 0, "password": null}