{"id": "gen9randomdoublesbattle-2539385737", "format": "[Gen 9] Random Doubles Battle", "players": ["test_niro2", "caoscontrol"], "log": "|j|☆test_niro2\n|j|☆caoscontrol\n|t:|1771048059\n|gametype|doubles\n|player|p1|test_niro2|zinzolin|1567\n|player|p2|caoscontrol|102|1620\n|gen|9\n|tier|[Gen 9] Random Doubles Battle\n|rated|\n|rule|Species Clause: Limit one of each Pokémon\n|rule|HP Percentage Mod: HP is shown in percentages\n|rule|Illusion Level Mod: Illusion disguises the Pokémon's true level\n|rule|Sleep Clause Mod: Limit one foe put to sleep\n|\n|t:|1771048059\n|teamsize|p1|6\n|teamsize|p2|6\n|start\n|switch|p1a: Vikavolt|Vikavolt, L84, M|267/267\n|switch|p1b: Hydrapple|Hydrapple, L85, M|319/319\n|switch|p2a: Squawkabilly|Squawkabilly-White, L91, M|297/297\n|switch|p2b: Vaporeon|Vaporeon, L84, M|356/356\n|-ability|p2a: Squawkabilly|Intimidate|boost\n|-unboost|p1a: Vikavolt|atk|1\n|-unboost|p1b: Hydrapple|atk|1\n|turn|1\n|inactive|Battle timer is ON: inactive players will automatically lose when time's up. (requested by test_niro2)\n|\n|t:|1771048081\n|switch|p1b: Duraludon|Duraludon, L83, F|252/252\n|move|p2a: Squawkabilly|Double-Edge|p1a: Vikavolt\n|-damage|p1a: Vikavolt|92/267\n|-enditem|p1a: Vikavolt|Sitrus Berry|[eat]\n|-heal|p1a: Vikavolt|158/267|[from] item: Sitrus Berry\n|-damage|p2a: Squawkabilly|239/297|[from] Recoil\n|-damage|p2a: Squawkabilly|210/297|[from] item: Life Orb\n|move|p2b: Vaporeon|Muddy Water|p1a: Vikavolt|[spread] p1a\n|-miss|p2b: Vaporeon|p1b: Duraludon\n|-damage|p1a: Vikavolt|71/267\n|-unboost|p1a: Vikavolt|accuracy|1\n|move|p1a: Vikavolt|Sticky Web|p2a: Squawkabilly\n|-sidestart|p2: caoscontrol|move: Sticky Web\n|\n|upkeep\n|turn|2\n|inactive|test_niro2 has 120 seconds left.\n|\n|t:|1771048124\n|switch|p1a: Meganium|Meganium, L91, F|293/293\n|move|p2a: Squawkabilly|Double-Edge|p1a: Meganium\n|-damage|p1a: Meganium|129/293\n|-enditem|p1a: Meganium|Sitrus Berry|[eat]\n|-heal|p1a: Meganium|202/293|[from] item: Sitrus Berry\n|-damage|p2a: Squawkabilly|156/297|[from] Recoil\n|-damage|p2a: Squawkabilly|127/297|[from] item: Life Orb\n|move|p1b: Duraludon|Thunder Wave|p2a: Squawkabilly\n|-status|p2a: Squawkabilly|par\n|move|p2b: Vaporeon|Yawn|p1b: Duraludon\n|-start|p1b: Duraludon|move: Yawn|[of] p2b: Vaporeon\n|\n|upkeep\n|turn|3\n|inactive|test_niro2 has 120 seconds left.\n|\n|t:|1771048147\n|move|p2b: Vaporeon|Protect|p2b: Vaporeon\n|-singleturn|p2b: Vaporeon|Protect\n|move|p1a: Meganium|Leech Seed|p2b: Vaporeon\n|-activate|p2b: Vaporeon|move: Protect\n|move|p1b: Duraludon|Flash Cannon|p2a: Squawkabilly\n|-damage|p2a: Squawkabilly|0 fnt\n|faint|p2a: Squawkabilly\n|\n|-end|p1b: Duraludon|move: Yawn|[silent]\n|-status|p1b: Duraludon|slp\n|upkeep\n|inactive|caoscontrol has 120 seconds left.\n|\n|t:|1771048188\n|switch|p2a: Whimsicott|Whimsicott, L80, M|227/227\n|-activate|p2a: Whimsicott|move: Sticky Web\n|-unboost|p2a: Whimsicott|spe|1\n|turn|4\n|\n|t:|1771048204\n|switch|p2b: Shaymin|Shaymin, L81|295/295\n|-activate|p2b: Shaymin|move: Sticky Web\n|-unboost|p2b: Shaymin|spe|1\n|move|p2a: Whimsicott|Encore|p1a: Meganium\n|-start|p1a: Meganium|Encore\n|move|p1a: Meganium|Leech Seed|p2b: Shaymin\n|-immune|p2b: Shaymin\n|cant|p1b: Duraludon|slp\n|\n|upkeep\n|turn|5\n|\n|t:|1771048227\n|switch|p1a: Zapdos|Zapdos, L77|265/265\n|cant|p1b: Duraludon|slp\n|move|p2a: Whimsicott|Moonblast|p1b: Duraludon\n|-damage|p1b: Duraludon|173/252 slp\n|move|p2b: Shaymin|Earth Power|p1b: Duraludon\n|-supereffective|p1b: Duraludon\n|-damage|p1b: Duraludon|53/252 slp\n|\n|upkeep\n|turn|6\n|\n|t:|1771048248\n|switch|p1b: Vikavolt|Vikavolt, L84, M|71/267\n|move|p2a: Whimsicott|Tailwind|p2a: Whimsicott\n|-sidestart|p2: caoscontrol|move: Tailwind\n|move|p2b: Shaymin|Earth Power|p1b: Vikavolt\n|-immune|p1b: Vikavolt|[from] ability: Levitate\n|move|p1a: Zapdos|Hurricane|p2a: Whimsicott\n|-supereffective|p2a: Whimsicott\n|-damage|p2a: Whimsicott|0 fnt\n|faint|p2a: Whimsicott\n|\n|upkeep\n|\n|t:|1771048260\n|switch|p2a: Vaporeon|Vaporeon, L84, M|356/356\n|-activate|p2a: Vaporeon|move: Sticky Web\n|-unboost|p2a: Vaporeon|spe|1\n|turn|7\n|\n|t:|1771048273\n|-terastallize|p2a: Vaporeon|Fire\n|move|p2b: Shaymin|Seed Flare|p1a: Zapdos|[miss]\n|-miss|p2b: Shaymin|p1a: Zapdos\n|move|p2a: Vaporeon|Muddy Water|p1a: Zapdos|[spread] p1a,p1b\n|-damage|p1a: Zapdos|187/265\n|-damage|p1b: Vikavolt|0 fnt\n|faint|p1b: Vikavolt\n|move|p1a: Zapdos|Hurricane|p2b: Shaymin\n|-supereffective|p2b: Shaymin\n|-damage|p2b: Shaymin|79/295\n|-start|p2b: Shaymin|confusion\n|-enditem|p2b: Shaymin|Sitrus Berry|[eat]\n|-heal|p2b: Shaymin|152/295|[from] item: Sitrus Berry\n|\n|upkeep\n|\n|t:|1771048289\n|switch|p1b: Mamoswine|Mamoswine, L82, M|315/315\n|turn|8\n|\n|t:|1771048301\n|move|p2a: Vaporeon|Protect|p2a: Vaporeon\n|-singleturn|p2a: Vaporeon|Protect\n|move|p1b: Mamoswine|Protect|p1b: Mamoswine\n|-singleturn|p1b: Mamoswine|Protect\n|-activate|p2b: Shaymin|confusion\n|move|p2b: Shaymin|Seed Flare|p1a: Zapdos\n|-resisted|p1a: Zapdos\n|-damage|p1a: Zapdos|124/265\n|-unboost|p1a: Zapdos|spd|2\n|-enditem|p1a: Zapdos|Sitrus Berry|[eat]\n|-heal|p1a: Zapdos|190/265|[from] item: Sitrus Berry\n|move|p1a: Zapdos|Tailwind|p1a: Zapdos\n|-sidestart|p1: test_niro2|move: Tailwind\n|\n|upkeep\n|turn|9\n|\n|t:|1771048322\n|switch|p2a: Avalugg|Avalugg, L92, M|324/324\n|-activate|p2a: Avalugg|move: Sticky Web\n|-unboost|p2a: Avalugg|spe|1\n|move|p1a: Zapdos|Hurricane|p2b: Shaymin|[miss]\n|-miss|p1a: Zapdos|p2b: Shaymin\n|move|p1b: Mamoswine|High Horsepower|p2a: Avalugg|[miss]\n|-miss|p1b: Mamoswine|p2a: Avalugg\n|-activate|p2b: Shaymin|confusion\n|move|p2b: Shaymin|Seed Flare|p1b: Mamoswine\n|-supereffective|p1b: Mamoswine\n|-damage|p1b: Mamoswine|1/315\n|-unboost|p1b: Mamoswine|spd|2\n|\n|-sideend|p2: caoscontrol|move: Tailwind\n|upkeep\n|turn|10\n|\n|t:|1771048345\n|-terastallize|p1a: Zapdos|Electric\n|-activate|p2b: Shaymin|confusion\n|move|p2b: Shaymin|Protect|p2b: Shaymin\n|-singleturn|p2b: Shaymin|Protect\n|move|p1a: Zapdos|Thunderbolt|p2a: Avalugg\n|-damage|p2a: Avalugg|128/324\n|move|p1b: Mamoswine|Icicle Crash|p2b: Shaymin\n|-activate|p2b: Shaymin|move: Protect\n|move|p2a: Avalugg|Avalanche|p1a: Zapdos\n|-damage|p1a: Zapdos|0 fnt\n|-status|p2a: Avalugg|par|[from] ability: Static|[of] p1a: Zapdos\n|faint|p1a: Zapdos\n|\n|-heal|p2a: Avalugg|148/324 par|[from] item: Leftovers\n|upkeep\n|inactive|test_niro2 has 120 seconds left.\n|\n|t:|1771048377\n|switch|p1a: Duraludon|Duraludon, L83, F|53/252 slp\n|turn|11\n|\n|t:|1771048390\n|switch|p2b: Vaporeon|Vaporeon, L84, M, tera:Fire|356/356\n|-activate|p2b: Vaporeon|move: Sticky Web\n|-unboost|p2b: Vaporeon|spe|1\n|-curestatus|p1a: Duraludon|slp|[msg]\n|move|p1a: Duraludon|Body Press|p2a: Avalugg\n|-supereffective|p2a: Avalugg\n|-damage|p2a: Avalugg|88/324 par\n|move|p1b: Mamoswine|Icicle Crash|p2b: Vaporeon\n|-resisted|p2b: Vaporeon\n|-damage|p2b: Vaporeon|262/356\n|-damage|p1b: Mamoswine|0 fnt|[from] item: Life Orb\n|faint|p1b: Mamoswine\n|move|p2a: Avalugg|Body Press|p1a: Duraludon\n|-supereffective|p1a: Duraludon\n|-damage|p1a: Duraludon|0 fnt\n|faint|p1a: Duraludon\n|\n|-heal|p2a: Avalugg|108/324 par|[from] item: Leftovers\n|-sideend|p1: test_niro2|move: Tailwind\n|upkeep\n|inactive|test_niro2 has 120 seconds left.\n|\n|t:|1771048401\n|switch|p1a: Hydrapple|Hydrapple, L85, M|319/319\n|switch|p1b: Meganium|Meganium, L91, F|202/293\n|turn|12\n|\n|t:|1771048423\n|move|p2a: Avalugg|Protect|p2a: Avalugg\n|-singleturn|p2a: Avalugg|Protect\n|move|p1b: Meganium|Leech Seed|p2a: Avalugg\n|-activate|p2a: Avalugg|move: Protect\n|move|p1a: Hydrapple|Earth Power|p2b: Vaporeon\n|-supereffective|p2b: Vaporeon\n|-damage|p2b: Vaporeon|32/356\n|-unboost|p2b: Vaporeon|spd|1\n|-enditem|p2b: Vaporeon|Sitrus Berry|[eat]\n|-heal|p2b: Vaporeon|121/356|[from] item: Sitrus Berry\n|move|p2b: Vaporeon|Icy Wind|p1a: Hydrapple|[spread] p1a,p1b\n|-supereffective|p1a: Hydrapple\n|-supereffective|p1b: Meganium\n|-damage|p1a: Hydrapple|179/319\n|-damage|p1b: Meganium|144/293\n|-unboost|p1a: Hydrapple|spe|1\n|-unboost|p1b: Meganium|spe|1\n|\n|-heal|p2a: Avalugg|128/324 par|[from] item: Leftovers\n|upkeep\n|turn|13\n|\n|t:|1771048447\n|move|p1b: Meganium|Energy Ball|p2a: Avalugg\n|-damage|p2a: Avalugg|0 fnt\n|faint|p2a: Avalugg\n|move|p2b: Vaporeon|Yawn|p1a: Hydrapple\n|-start|p1a: Hydrapple|move: Yawn|[of] p2b: Vaporeon\n|move|p1a: Hydrapple|Earth Power|p2b: Vaporeon\n|-supereffective|p2b: Vaporeon\n|-damage|p2b: Vaporeon|0 fnt\n|faint|p2b: Vaporeon\n|\n|upkeep\n|\n|t:|1771048456\n|switch|p2b: Comfey|Comfey, L88, M|233/233\n|switch|p2a: Shaymin|Shaymin, L81|152/295\n|-activate|p2b: Comfey|move: Sticky Web\n|-unboost|p2b: Comfey|spe|1\n|-activate|p2a: Shaymin|move: Sticky Web\n|-unboost|p2a: Shaymin|spe|1\n|turn|14\n|\n|t:|1771048476\n|move|p2b: Comfey|Floral Healing|p2a: Shaymin\n|-heal|p2a: Shaymin|295/295\n|move|p2a: Shaymin|Tailwind|p2a: Shaymin\n|-sidestart|p2: caoscontrol|move: Tailwind\n|move|p1b: Meganium|Heal Pulse|p1a: Hydrapple\n|-heal|p1a: Hydrapple|319/319\n|move|p1a: Hydrapple|Earth Power|p2b: Comfey\n|-damage|p2b: Comfey|143/233\n|\n|-end|p1a: Hydrapple|move: Yawn|[silent]\n|-status|p1a: Hydrapple|slp\n|upkeep\n|turn|15\n|\n|t:|1771048495\n|move|p2b: Comfey|Draining Kiss|p1b: Meganium\n|-damage|p1b: Meganium|99/293\n|-heal|p2b: Comfey|177/233|[from] drain|[of] p1b: Meganium\n|move|p2a: Shaymin|Seed Flare|p1b: Meganium\n|-resisted|p1b: Meganium\n|-damage|p1b: Meganium|48/293\n|-unboost|p1b: Meganium|spd|2\n|move|p1b: Meganium|Leech Seed|p2b: Comfey\n|-start|p2b: Comfey|move: Leech Seed\n|cant|p1a: Hydrapple|slp\n|\n|-damage|p2b: Comfey|148/233|[from] Leech Seed|[of] p1b: Meganium\n|-heal|p1b: Meganium|77/293|[silent]\n|upkeep\n|turn|16\n|\n|t:|1771048511\n|move|p2b: Comfey|Draining Kiss|p1b: Meganium\n|-damage|p1b: Meganium|0 fnt\n|-heal|p2b: Comfey|206/233|[from] drain|[of] p1b: Meganium\n|faint|p1b: Meganium\n|move|p2a: Shaymin|Seed Flare|p1a: Hydrapple\n|-resisted|p1a: Hydrapple\n|-damage|p1a: Hydrapple|286/319 slp\n|-curestatus|p1a: Hydrapple|slp|[msg]\n|move|p1a: Hydrapple|Earth Power|p2a: Shaymin\n|-resisted|p2a: Shaymin\n|-damage|p2a: Shaymin|245/295\n|\n|upkeep\n|turn|17\n|\n|t:|1771048525\n|move|p2b: Comfey|Draining Kiss|p1a: Hydrapple\n|-supereffective|p1a: Hydrapple\n|-damage|p1a: Hydrapple|166/319\n|-heal|p2b: Comfey|233/233|[from] drain|[of] p1a: Hydrapple\n|move|p2a: Shaymin|Seed Flare|p1a: Hydrapple\n|-resisted|p1a: Hydrapple\n|-damage|p1a: Hydrapple|132/319\n|move|p1a: Hydrapple|Earth Power|p2a: Shaymin\n|-resisted|p2a: Shaymin\n|-damage|p2a: Shaymin|190/295\n|\n|-sideend|p2: caoscontrol|move: Tailwind\n|upkeep\n|turn|18\n|\n|t:|1771048536\n|move|p2b: Comfey|Draining Kiss|p1a: Hydrapple\n|-supereffective|p1a: Hydrapple\n|-damage|p1a: Hydrapple|18/319\n|move|p2a: Shaymin|Seed Flare|p1a: Hydrapple|[miss]\n|-miss|p2a: Shaymin|p1a: Hydrapple\n|move|p1a: Hydrapple|Earth Power|p2a: Shaymin\n|-resisted|p2a: Shaymin\n|-damage|p2a: Shaymin|135/295\n|\n|upkeep\n|turn|19\n|\n|t:|1771048546\n|move|p2b: Comfey|Floral Healing|p2a: Shaymin\n|-heal|p2a: Shaymin|283/295\n|move|p2a: Shaymin|Earth Power|p1a: Hydrapple\n|-resisted|p1a: Hydrapple\n|-damage|p1a: Hydrapple|0 fnt\n|faint|p1a: Hydrapple\n|\n|win|caoscontrol\n|raw|test_niro2's rating: 1567 &rarr; <strong>1550</strong><br />(-17 for losing)\n|raw|caoscontrol's rating: 1620 &rarr; <strong>1637</strong><br />(+17 for winning)\n", "inputlog": ">version ccdc32dd7cde25fd9e4bed64820e885f66e78a4e\n>start {\"formatid\":\"gen9randomdoublesbattle\",\"seed\":\"sodium,90ee341c965b58aee1f55565c160154b\",\"rated\":\"Rated battle\"}\n>player p1 {\"name\":\"test_niro2\",\"avatar\":\"zinzolin\",\"rating\":1567,\"seed\":\"sodium,f1634e6c5b5d1234bf0dc7deca4571f0\"}\n>player p2 {\"name\":\"caoscontrol\",\"avatar\":\"102\",\"rating\":1620,\"seed\":\"sodium,1eb821d557143f425731abb8f0859342\"}\n>p1 move stickyweb, switch 5\n>p2 move doubleedge +1, move muddywater\n>p1 switch 4, move thunderwave +1\n>p2 move doubleedge +1, move yawn +2\n>p1 move leechseed +2, move flashcannon +1\n>p2 move bravebird +1, move protect\n>p2 switch 3, pass\n>p1 move leechseed +2, move flashcannon +1\n>p2 move encore +1, switch 6\n>p1 switch 3, move flashcannon +1\n>p2 move moonblast +2, move earthpower +2\n>p1 move hurricane +1, switch 4\n>p2 move tailwind, move earthpower +2\n>p2 switch 6, pass\n>p1 move hurricane +2, move bugbuzz +1\n>p2 move muddywater terastallize, move seedflare +1\n>p1 pass, switch 6\n>p1 move tailwind, move protect\n>p2 move protect, move seedflare +1\n>p1 move hurricane +2, move highhorsepower +1\n>p2 switch 5, move seedflare +2\n>p1 move thunderbolt +1 terastallize, move iciclecrash +2\n>p2 move avalanche +1, move protect\n>p1 switch 4, pass\n>p1 move bodypress +1, move iciclecrash +2\n>p2 move bodypress +2, switch 5\n>p1 switch 5, switch 3\n>p1 move earthpower +2, move leechseed +1\n>p2 move protect, move icywind\n>p1 move earthpower +2, move energyball +1\n>p2 move avalanche +2, move yawn +1\n>p2 switch 5, switch 4\n>p1 move earthpower +2, move healpulse -1\n>p2 move tailwind, move floralhealing -1\n>p1 move earthpower +2, move leechseed +2\n>p2 move seedflare +2, move drainingkiss +2\n>p1 move earthpower +1, move energyball +2\n>p2 move seedflare +1, move drainingkiss +2\n>p1 move earthpower +1, pass\n>p2 move seedflare +1, move drainingkiss +1\n>p1 move earthpower +1, pass\n>p2 move seedflare +1, move drainingkiss +1\n>p1 move earthpower +2, pass\n>p2 move earthpower +1, move floralhealing -1", "uploadtime": 1771048553, "views": 77, "formatid": "gen9randomdoublesbattle", "rating": 1550, "private": 0, "password": null}