{"id": "gen9randomdoublesbattle-2538500597", "format": "[Gen 9] Random Doubles Battle", "players": ["O1V7O2X9O", "Zekromkicker"], "log": "|j|☆O1V7O2X9O\n|j|☆Zekromkicker\n|t:|1770933776\n|gametype|doubles\n|player|p1|O1V7O2X9O|#rbtt9travelers|1993\n|player|p2|Zekromkicker|rosa-masters|2043\n|gen|9\n|tier|[Gen 9] Random Doubles Battle\n|rated|\n|rule|Species Clause: Limit one of each Pokémon\n|rule|HP Percentage Mod: HP is shown in percentages\n|rule|Illusion Level Mod: Illusion disguises the Pokémon's true level\n|rule|Sleep Clause Mod: Limit one foe put to sleep\n|\n|t:|1770933776\n|teamsize|p1|6\n|teamsize|p2|6\n|start\n|switch|p1a: Hitmontop|Hitmontop, L88, M|231/231\n|switch|p1b: Phione|Phione, L90|290/290\n|switch|p2a: Smeargle|Smeargle, M|272/272\n|switch|p2b: Bombirdier|Bombirdier, L84, M|255/255\n|-ability|p1a: Hitmontop|Intimidate|boost\n|-unboost|p2a: Smeargle|atk|1\n|-unboost|p2b: Bombirdier|atk|1\n|turn|1\n|c|☆O1V7O2X9O|zekrom kick\n|inactive|Battle timer is ON: inactive players will automatically lose when time's up. (requested by Zekromkicker)\n|\n|t:|1770933828\n|switch|p2a: Typhlosion|Typhlosion-Hisui, L77, M|239/239\n|switch|p1a: Carbink|Carbink, L88|231/231\n|move|p1b: Phione|Ice Beam|p2b: Bombirdier\n|-supereffective|p2b: Bombirdier\n|-damage|p2b: Bombirdier|119/255\n|-status|p2b: Bombirdier|frz\n|-curestatus|p2b: Bombirdier|frz|[msg]\n|move|p2b: Bombirdier|Brave Bird|p1a: Carbink\n|-resisted|p1a: Carbink\n|-damage|p1a: Carbink|191/231\n|-damage|p2b: Bombirdier|106/255|[from] Recoil\n|\n|-heal|p1a: Carbink|205/231|[from] item: Leftovers\n|upkeep\n|turn|2\n|inactive|O1V7O2X9O has 120 seconds left.\n|\n|t:|1770933874\n|switch|p2a: Golduck|Golduck, L91, M|293/293\n|-ability|p2a: Golduck|Cloud Nine\n|move|p1b: Phione|Take Heart|p1b: Phione\n|-boost|p1b: Phione|spa|1\n|-boost|p1b: Phione|spd|1\n|move|p2b: Bombirdier|Brave Bird|p1b: Phione\n|-damage|p1b: Phione|152/290\n|-damage|p2b: Bombirdier|60/255|[from] Recoil\n|move|p1a: Carbink|Moonblast|p2b: Bombirdier\n|-supereffective|p2b: Bombirdier\n|-damage|p2b: Bombirdier|0 fnt\n|faint|p2b: Bombirdier\n|\n|-heal|p1b: Phione|170/290|[from] item: Leftovers\n|-heal|p1a: Carbink|219/231|[from] item: Leftovers\n|upkeep\n|\n|t:|1770933890\n|switch|p2b: Smeargle|Smeargle, M|272/272\n|turn|3\n|inactive|O1V7O2X9O has 120 seconds left.\n|\n|t:|1770933907\n|switch|p1a: Chimecho|Chimecho, L94, F|293/293\n|move|p2a: Golduck|Hydro Pump|p1a: Chimecho|[miss]\n|-miss|p2a: Golduck|p1a: Chimecho\n|move|p2b: Smeargle|No Retreat|p2b: Smeargle\n|-boost|p2b: Smeargle|atk|1\n|-boost|p2b: Smeargle|def|1\n|-boost|p2b: Smeargle|spa|1\n|-boost|p2b: Smeargle|spd|1\n|-boost|p2b: Smeargle|spe|1\n|-start|p2b: Smeargle|move: No Retreat\n|move|p1b: Phione|Scald|p2b: Smeargle\n|-damage|p2b: Smeargle|169/272\n|\n|-heal|p1b: Phione|188/290|[from] item: Leftovers\n|upkeep\n|turn|4\n|inactive|O1V7O2X9O has 120 seconds left.\n|\n|t:|1770933937\n|move|p2b: Smeargle|Spiky Shield|p2b: Smeargle\n|-singleturn|p2b: Smeargle|move: Protect\n|move|p2a: Golduck|Hydro Pump|p1a: Chimecho\n|-damage|p1a: Chimecho|125/293\n|-enditem|p1a: Chimecho|Sitrus Berry|[eat]\n|-heal|p1a: Chimecho|198/293|[from] item: Sitrus Berry\n|-damage|p2a: Golduck|264/293|[from] item: Life Orb\n|move|p1b: Phione|Take Heart|p1b: Phione\n|-boost|p1b: Phione|spa|1\n|-boost|p1b: Phione|spd|1\n|move|p1a: Chimecho|Thunder Wave|p2b: Smeargle\n|-activate|p2b: Smeargle|move: Protect\n|\n|-heal|p1b: Phione|206/290|[from] item: Leftovers\n|upkeep\n|turn|5\n|inactive|O1V7O2X9O has 120 seconds left.\n|inactive|O1V7O2X9O has 90 seconds left.\n|\n|t:|1770934000\n|move|p2b: Smeargle|Population Bomb|p1a: Chimecho\n|-damage|p1a: Chimecho|173/293\n|-damage|p1a: Chimecho|146/293\n|-damage|p1a: Chimecho|121/293\n|-damage|p1a: Chimecho|97/293\n|-damage|p1a: Chimecho|69/293\n|-damage|p1a: Chimecho|42/293\n|-damage|p1a: Chimecho|17/293\n|-damage|p1a: Chimecho|0 fnt\n|faint|p1a: Chimecho\n|-hitcount|p1: Chimecho|8\n|move|p2a: Golduck|Encore|p1b: Phione\n|-start|p1b: Phione|Encore\n|move|p1b: Phione|Take Heart|p1b: Phione\n|-boost|p1b: Phione|spa|1\n|-boost|p1b: Phione|spd|1\n|\n|-heal|p1b: Phione|224/290|[from] item: Leftovers\n|upkeep\n|inactive|O1V7O2X9O has 60 seconds left.\n|\n|t:|1770934037\n|switch|p1a: Hitmontop|Hitmontop, L88, M|231/231\n|-ability|p1a: Hitmontop|Intimidate|boost\n|-unboost|p2a: Golduck|atk|1\n|-unboost|p2b: Smeargle|atk|1\n|turn|6\n|inactive|O1V7O2X9O has 60 seconds left.\n|\n|t:|1770934054\n|move|p2b: Smeargle|Spiky Shield|p2b: Smeargle\n|-singleturn|p2b: Smeargle|move: Protect\n|move|p1a: Hitmontop|Fake Out|p2a: Golduck\n|-damage|p2a: Golduck|234/293\n|cant|p2a: Golduck|flinch\n|move|p1b: Phione|Take Heart|p1b: Phione\n|-boost|p1b: Phione|spa|1\n|-boost|p1b: Phione|spd|1\n|\n|-heal|p1b: Phione|242/290|[from] item: Leftovers\n|upkeep\n|turn|7\n|inactive|O1V7O2X9O has 60 seconds left.\n|\n|t:|1770934091\n|move|p2b: Smeargle|Population Bomb|p1a: Hitmontop\n|-damage|p1a: Hitmontop|213/231\n|-damage|p1a: Hitmontop|195/231\n|-damage|p1a: Hitmontop|179/231\n|-damage|p1a: Hitmontop|161/231\n|-damage|p1a: Hitmontop|145/231\n|-damage|p1a: Hitmontop|127/231\n|-damage|p1a: Hitmontop|109/231\n|-enditem|p1a: Hitmontop|Sitrus Berry|[eat]\n|-heal|p1a: Hitmontop|166/231|[from] item: Sitrus Berry\n|-damage|p1a: Hitmontop|150/231\n|-damage|p1a: Hitmontop|132/231\n|-damage|p1a: Hitmontop|114/231\n|-hitcount|p1a: Hitmontop|10\n|move|p2a: Golduck|Hydro Pump|p1a: Hitmontop\n|-damage|p1a: Hitmontop|0 fnt\n|faint|p1a: Hitmontop\n|-damage|p2a: Golduck|205/293|[from] item: Life Orb\n|move|p1b: Phione|Take Heart|p1b: Phione\n|-boost|p1b: Phione|spa|1\n|-boost|p1b: Phione|spd|1\n|\n|-heal|p1b: Phione|260/290|[from] item: Leftovers\n|-end|p1b: Phione|Encore\n|upkeep\n|inactive|O1V7O2X9O has 30 seconds left.\n|inactive|O1V7O2X9O has 20 seconds left.\n|inactive|O1V7O2X9O has 15 seconds left.\n|\n|t:|1770934136\n|switch|p1a: Carbink|Carbink, L88|219/231\n|turn|8\n|\n|t:|1770934148\n|-terastallize|p1a: Carbink|Fighting\n|move|p1b: Phione|Protect|p1b: Phione\n|-singleturn|p1b: Phione|Protect\n|move|p2b: Smeargle|Population Bomb|p1b: Phione\n|-activate|p1b: Phione|move: Protect\n|move|p2a: Golduck|Hydro Pump|p1a: Carbink\n|-damage|p1a: Carbink|106/231\n|-damage|p2a: Golduck|176/293|[from] item: Life Orb\n|move|p1a: Carbink|Trick Room|p1a: Carbink\n|-fieldstart|move: Trick Room|[of] p1a: Carbink\n|\n|-heal|p1a: Carbink|120/231|[from] item: Leftovers\n|-heal|p1b: Phione|278/290|[from] item: Leftovers\n|upkeep\n|turn|9\n|inactive|Zekromkicker has 120 seconds left.\n|\n|t:|1770934181\n|-terastallize|p2b: Smeargle|Ghost\n|move|p1a: Carbink|Body Press|p2a: Golduck\n|-damage|p2a: Golduck|35/293\n|move|p1b: Phione|Scald|p2b: Smeargle\n|-damage|p2b: Smeargle|0 fnt\n|faint|p2b: Smeargle\n|move|p2a: Golduck|Encore|p1a: Carbink\n|-start|p1a: Carbink|Encore\n|\n|-heal|p1a: Carbink|134/231|[from] item: Leftovers\n|-heal|p1b: Phione|290/290|[from] item: Leftovers\n|upkeep\n|inactive|Zekromkicker has 120 seconds left.\n|\n|t:|1770934197\n|switch|p2b: Dragalge|Dragalge, L88, M|258/258\n|turn|10\n|inactive|O1V7O2X9O has 60 seconds left.\n|\n|t:|1770934210\n|move|p1a: Carbink|Body Press|p2a: Golduck\n|-damage|p2a: Golduck|0 fnt\n|faint|p2a: Golduck\n|move|p2b: Dragalge|Draco Meteor|p1a: Carbink\n|-damage|p1a: Carbink|0 fnt\n|-unboost|p2b: Dragalge|spa|2\n|faint|p1a: Carbink\n|-damage|p2b: Dragalge|233/258|[from] item: Life Orb\n|move|p1b: Phione|Ice Beam|p2b: Dragalge\n|-supereffective|p2b: Dragalge\n|-damage|p2b: Dragalge|0 fnt\n|faint|p2b: Dragalge\n|\n|upkeep\n|inactive|O1V7O2X9O has 60 seconds left.\n|\n|t:|1770934225\n|switch|p1a: Whiscash|Whiscash, L88, M|337/337\n|switch|p2b: Lycanroc|Lycanroc-Dusk, L82, F|257/257\n|switch|p2a: Typhlosion|Typhlosion-Hisui, L77, M|239/239\n|turn|11\n|\n|t:|1770934242\n|move|p1a: Whiscash|High Horsepower|p2a: Typhlosion\n|-supereffective|p2a: Typhlosion\n|-damage|p2a: Typhlosion|5/239\n|move|p2a: Typhlosion|Shadow Ball|p1a: Whiscash\n|-damage|p1a: Whiscash|204/337\n|move|p1b: Phione|Scald|p2b: Lycanroc\n|-supereffective|p2b: Lycanroc\n|-damage|p2b: Lycanroc|0 fnt\n|faint|p2b: Lycanroc\n|\n|upkeep\n|turn|12\n|inactive|O1V7O2X9O has 90 seconds left.\n|\n|t:|1770934259\n|move|p1a: Whiscash|High Horsepower|p2a: Typhlosion\n|-supereffective|p2a: Typhlosion\n|-crit|p2a: Typhlosion\n|-damage|p2a: Typhlosion|0 fnt\n|faint|p2a: Typhlosion\n|\n|win|O1V7O2X9O\n|raw|O1V7O2X9O's rating: 1993 &rarr; <strong>2016</strong><br />(+23 for winning)\n|raw|Zekromkicker's rating: 2043 &rarr; <strong>2020</strong><br />(-23 for losing)\n|l|☆Zekromkicker\n|player|p2|\n|j|☆Zekromkicker\n|player|p2|Zekromkicker|rosa-masters|\n|c|☆O1V7O2X9O|gg\n", "inputlog": ">version ccdc32dd7cde25fd9e4bed64820e885f66e78a4e\n>start {\"formatid\":\"gen9randomdoublesbattle\",\"seed\":\"sodium,2ffb4c330a56d7d2a6e523544836b338\",\"rated\":\"Rated battle\"}\n>player p1 {\"name\":\"O1V7O2X9O\",\"avatar\":\"#rbtt9travelers\",\"rating\":1993,\"seed\":\"sodium,463b1e43b3a69d3012a5676ca43fb5b5\"}\n>player p2 {\"name\":\"Zekromkicker\",\"avatar\":\"rosa-masters\",\"rating\":2043,\"seed\":\"sodium,8cee7c5c172fc4ff723eefcf656ae46c\"}\n>chat ☆O1V7O2X9O|zekrom kick\n>p1 switch 6, move icebeam +2\n>p2 switch 3, move bravebird +1\n>p1 move moonblast +2, move takeheart\n>p2 switch 4, move bravebird +2\n>p2 pass, switch 3\n>p1 switch 4, move scald +2\n>p2 move hydropump +1, move noretreat\n>p1 move thunderwave +2, move takeheart\n>p2 move hydropump +1, move spikyshield\n>p1 move thunderwave +2, move scald +2\n>p2 move encore +2, move populationbomb +1\n>p1 switch 6, pass\n>p1 move fakeout +1, move takeheart\n>p2 move hydropump +1, move spikyshield\n>p1 move closecombat +1, move takeheart\n>p2 move hydropump +1, move populationbomb +1\n>p1 switch 4, pass\n>p1 move trickroom terastallize, move protect\n>p2 move hydropump +1, move populationbomb +2\n>p1 move bodypress +1, move scald +2\n>p2 move encore +1, move populationbomb +2 terastallize\n>p2 pass, switch 6\n>p1 move bodypress +1, move icebeam +2\n>p2 move hydropump +1, move dracometeor +1\n>p1 switch 5, pass\n>p2 switch 4, switch 5\n>p1 move highhorsepower +1, move scald +2\n>p2 move shadowball +1, move rockslide\n>p1 move highhorsepower +1, move scald +1\n>p2 move shadowball +1, pass", "uploadtime": 1770934456, "views": 76, "formatid": "gen9randomdoublesbattle", "rating": 2016, "private": 0, "password": null}