{"id": "gen9randomdoublesbattle-2536699173", "format": "[Gen 9] Random Doubles Battle", "players": ["Ditto TH", "amooos"], "log": "|j|☆Ditto TH\n|j|☆amooos\n|t:|1770727576\n|gametype|doubles\n|player|p1|Ditto TH|2|1479\n|player|p2|amooos|102|1534\n|gen|9\n|tier|[Gen 9] Random Doubles Battle\n|rated|\n|rule|Species Clause: Limit one of each Pokémon\n|rule|HP Percentage Mod: HP is shown in percentages\n|rule|Illusion Level Mod: Illusion disguises the Pokémon's true level\n|rule|Sleep Clause Mod: Limit one foe put to sleep\n|\n|t:|1770727576\n|teamsize|p1|6\n|teamsize|p2|6\n|start\n|switch|p1a: Delibird|Delibird, F|252/252\n|switch|p1b: Komala|Komala, L92, M|269/269\n|switch|p2a: Rhydon|Rhydon, L86, M|321/321\n|switch|p2b: Rotom|Rotom-Frost, L84|221/221\n|-ability|p1b: Komala|Comatose\n|turn|1\n|inactive|Battle timer is ON: inactive players will automatically lose when time's up. (requested by Ditto TH)\n|\n|t:|1770727616\n|move|p1a: Delibird|Fake Out|p2b: Rotom\n|-damage|p2b: Rotom|197/221\n|cant|p2b: Rotom|flinch\n|move|p1b: Komala|Wood Hammer|p2a: Rhydon\n|-supereffective|p2a: Rhydon\n|-damage|p2a: Rhydon|101/321\n|-damage|p1b: Komala|196/269|[from] Recoil\n|move|p2a: Rhydon|Rock Slide|p1b: Komala|[spread] p1a,p1b\n|-supereffective|p1a: Delibird\n|-damage|p1a: Delibird|0 fnt\n|-damage|p1b: Komala|105/269\n|faint|p1a: Delibird\n|\n|upkeep\n|\n|t:|1770727631\n|switch|p1a: Mienshao|Mienshao, L84, M|246/246\n|turn|2\n|\n|t:|1770727650\n|move|p1a: Mienshao|Fake Out|p2b: Rotom\n|-damage|p2b: Rotom|169/221\n|cant|p2b: Rotom|flinch\n|move|p1b: Komala|Wood Hammer|p2a: Rhydon\n|-supereffective|p2a: Rhydon\n|-damage|p2a: Rhydon|0 fnt\n|faint|p2a: Rhydon\n|-damage|p1b: Komala|72/269|[from] Recoil\n|\n|upkeep\n|\n|t:|1770727664\n|switch|p2a: Granbull|Granbull, L88, M|302/302\n|-ability|p2a: Granbull|Intimidate|boost\n|-unboost|p1a: Mienshao|atk|1\n|-unboost|p1b: Komala|atk|1\n|turn|3\n|\n|t:|1770727680\n|move|p1a: Mienshao|U-turn|p2b: Rotom\n|-damage|p2b: Rotom|132/221\n|\n|t:|1770727686\n|switch|p1a: Incineroar|Incineroar, L78, F|276/276|[from] U-turn\n|-ability|p1a: Incineroar|Intimidate|boost\n|-unboost|p2a: Granbull|atk|1\n|-unboost|p2b: Rotom|atk|1\n|move|p2b: Rotom|Blizzard|p1a: Incineroar|[spread] p1a\n|-miss|p2b: Rotom|p1b: Komala\n|-enditem|p2b: Rotom|Blunder Policy\n|-boost|p2b: Rotom|spe|2\n|-resisted|p1a: Incineroar\n|-damage|p1a: Incineroar|231/276\n|move|p1b: Komala|Double-Edge|p2b: Rotom\n|-damage|p2b: Rotom|33/221\n|-damage|p1b: Komala|39/269|[from] Recoil\n|move|p2a: Granbull|Play Rough|p1a: Incineroar\n|-damage|p1a: Incineroar|149/276\n|\n|upkeep\n|turn|4\n|inactive|amooos has 120 seconds left.\n|\n|t:|1770727740\n|move|p1a: Incineroar|Fake Out|p2b: Rotom\n|-damage|p2b: Rotom|7/221\n|cant|p2b: Rotom|flinch\n|move|p1b: Komala|U-turn|p2b: Rotom\n|-damage|p2b: Rotom|0 fnt\n|faint|p2b: Rotom\n|inactive|Ditto TH has 120 seconds left.\n|\n|t:|1770727763\n|switch|p1b: Mienshao|Mienshao, L84, M|246/246|[from] U-turn\n|move|p2a: Granbull|Close Combat|p1a: Incineroar\n|-supereffective|p1a: Incineroar\n|-damage|p1a: Incineroar|0 fnt\n|-unboost|p2a: Granbull|def|1\n|-unboost|p2a: Granbull|spd|1\n|faint|p1a: Incineroar\n|\n|upkeep\n|\n|t:|1770727782\n|switch|p2b: Serperior|Serperior, L80, M|251/251\n|switch|p1a: Regigigas|Regigigas, L86|329/329\n|-start|p1a: Regigigas|ability: Slow Start\n|turn|5\n|inactive|Ditto TH has 120 seconds left.\n|\n|t:|1770727805\n|switch|p2a: Great Tusk|Great Tusk, L81|319/319\n|move|p1b: Mienshao|Fake Out|p2a: Great Tusk\n|-damage|p2a: Great Tusk|295/319\n|move|p2b: Serperior|Leaf Storm|p1a: Regigigas\n|-damage|p1a: Regigigas|215/329\n|-boost|p2b: Serperior|spa|2\n|-damage|p2b: Serperior|226/251|[from] item: Life Orb\n|move|p1a: Regigigas|Substitute|p1a: Regigigas\n|-start|p1a: Regigigas|Substitute\n|-damage|p1a: Regigigas|133/329\n|\n|-heal|p1a: Regigigas|153/329|[from] item: Leftovers\n|upkeep\n|turn|6\n|inactive|amooos has 120 seconds left.\n|inactive|Ditto TH has 120 seconds left.\n|\n|t:|1770727838\n|-end|p2a: Great Tusk|Protosynthesis|[silent]\n|switch|p2a: Granbull|Granbull, L88, M|302/302\n|-ability|p2a: Granbull|Intimidate|boost\n|-immune|p1a: Regigigas\n|-unboost|p1b: Mienshao|atk|1\n|move|p1a: Regigigas|Protect|p1a: Regigigas\n|-singleturn|p1a: Regigigas|Protect\n|move|p2b: Serperior|Leaf Storm|p1b: Mienshao\n|-damage|p1b: Mienshao|11/246\n|-boost|p2b: Serperior|spa|2\n|-damage|p2b: Serperior|201/251|[from] item: Life Orb\n|move|p1b: Mienshao|U-turn|p2b: Serperior\n|-supereffective|p2b: Serperior\n|-damage|p2b: Serperior|125/251\n|inactive|Ditto TH has 120 seconds left.\n|\n|t:|1770727858\n|switch|p1b: Komala|Komala, L92, M|39/269|[from] U-turn\n|-ability|p1b: Komala|Comatose\n|\n|-heal|p1a: Regigigas|173/329|[from] item: Leftovers\n|upkeep\n|turn|7\n|inactive|Ditto TH has 120 seconds left.\n|inactive|amooos has 120 seconds left.\n|\n|t:|1770727886\n|move|p2b: Serperior|Leaf Storm|p1b: Komala\n|-crit|p1b: Komala\n|-damage|p1b: Komala|0 fnt\n|-boost|p2b: Serperior|spa|2\n|faint|p1b: Komala\n|-damage|p2b: Serperior|100/251|[from] item: Life Orb\n|move|p2a: Granbull|Play Rough|p1a: Regigigas\n|-end|p1a: Regigigas|Substitute\n|move|p1a: Regigigas|Substitute|p1a: Regigigas\n|-start|p1a: Regigigas|Substitute\n|-damage|p1a: Regigigas|91/329\n|\n|-heal|p1a: Regigigas|111/329|[from] item: Leftovers\n|upkeep\n|\n|t:|1770727900\n|switch|p1b: Mienshao|Mienshao, L84, M|93/246\n|turn|8\n|inactive|Ditto TH has 120 seconds left.\n|\n|t:|1770727916\n|move|p2b: Serperior|Protect|p2b: Serperior\n|-singleturn|p2b: Serperior|Protect\n|move|p1b: Mienshao|Fake Out|p2b: Serperior\n|-activate|p2b: Serperior|move: Protect\n|move|p2a: Granbull|Play Rough|p1b: Mienshao\n|-supereffective|p1b: Mienshao\n|-damage|p1b: Mienshao|0 fnt\n|faint|p1b: Mienshao\n|move|p1a: Regigigas|Body Slam|p2b: Serperior\n|-activate|p2b: Serperior|move: Protect\n|\n|-heal|p1a: Regigigas|131/329|[from] item: Leftovers\n|upkeep\n|\n|t:|1770727920\n|switch|p1b: Eelektross|Eelektross, L86, M|286/286\n|turn|9\n|\n|t:|1770727941\n|-terastallize|p1b: Eelektross|Poison\n|move|p1a: Regigigas|Protect|p1a: Regigigas\n|-singleturn|p1a: Regigigas|Protect\n|move|p2b: Serperior|Leaf Storm|p1a: Regigigas\n|-activate|p1a: Regigigas|move: Protect\n|move|p1b: Eelektross|Flamethrower|p2b: Serperior\n|-supereffective|p2b: Serperior\n|-damage|p2b: Serperior|0 fnt\n|faint|p2b: Serperior\n|move|p2a: Granbull|Close Combat|p1a: Regigigas\n|-activate|p1a: Regigigas|move: Protect\n|\n|-heal|p1a: Regigigas|151/329|[from] item: Leftovers\n|-end|p1a: Regigigas|Slow Start\n|upkeep\n|inactive|amooos has 120 seconds left.\n|\n|t:|1770727961\n|switch|p2b: Great Tusk|Great Tusk, L81|295/319\n|turn|10\n|\n|t:|1770727969\n|switch|p2a: Copperajah|Copperajah, L86, F|350/350\n|move|p1a: Regigigas|Body Slam|p2b: Great Tusk\n|-damage|p2b: Great Tusk|189/319\n|move|p2b: Great Tusk|Headlong Rush|p1b: Eelektross\n|-immune|p1b: Eelektross|[from] ability: Levitate\n|move|p1b: Eelektross|Giga Drain|p2b: Great Tusk\n|-supereffective|p2b: Great Tusk\n|-damage|p2b: Great Tusk|23/319\n|-enditem|p2b: Great Tusk|Sitrus Berry|[eat]\n|-heal|p2b: Great Tusk|102/319|[from] item: Sitrus Berry\n|\n|-heal|p1a: Regigigas|171/329|[from] item: Leftovers\n|upkeep\n|turn|11\n|\n|t:|1770727990\n|switch|p2a: Granbull|Granbull, L88, M|302/302\n|-ability|p2a: Granbull|Intimidate|boost\n|-immune|p1a: Regigigas\n|-unboost|p1b: Eelektross|atk|1\n|move|p1a: Regigigas|Body Slam|p2b: Great Tusk\n|-damage|p2b: Great Tusk|0 fnt\n|faint|p2b: Great Tusk\n|-end|p2b: Great Tusk|Protosynthesis|[silent]\n|move|p1b: Eelektross|Flamethrower|p2a: Granbull\n|-damage|p2a: Granbull|246/302\n|\n|-heal|p1a: Regigigas|191/329|[from] item: Leftovers\n|upkeep\n|\n|t:|1770728003\n|switch|p2b: Copperajah|Copperajah, L86, F|350/350\n|turn|12\n|\n|t:|1770728031\n|-terastallize|p2b: Copperajah|Fire\n|move|p1a: Regigigas|Body Slam|p2a: Granbull\n|-damage|p2a: Granbull|81/302\n|move|p1b: Eelektross|Thunderbolt|p2a: Granbull\n|-damage|p2a: Granbull|0 fnt\n|faint|p2a: Granbull\n|move|p2b: Copperajah|High Horsepower|p1b: Eelektross\n|-immune|p1b: Eelektross|[from] ability: Levitate\n|\n|-heal|p1a: Regigigas|211/329|[from] item: Leftovers\n|upkeep\n|turn|13\n|\n|t:|1770728052\n|move|p1a: Regigigas|Body Slam|p2b: Copperajah\n|-crit|p2b: Copperajah\n|-damage|p2b: Copperajah|106/350\n|move|p1b: Eelektross|Thunderbolt|p2b: Copperajah\n|-damage|p2b: Copperajah|30/350\n|move|p2b: Copperajah|Heat Crash|p1b: Eelektross\n|-damage|p1b: Eelektross|100/286\n|\n|-heal|p1a: Regigigas|231/329|[from] item: Leftovers\n|upkeep\n|turn|14\n|\n|t:|1770728081\n|move|p1a: Regigigas|Knock Off|p2b: Copperajah\n|-damage|p2b: Copperajah|0 fnt\n|-enditem|p2b: Copperajah|Assault Vest|[from] move: Knock Off|[of] p1a: Regigigas\n|faint|p2b: Copperajah\n|\n|win|Ditto TH\n|raw|Ditto TH's rating: 1479 &rarr; <strong>1502</strong><br />(+23 for winning)\n|raw|amooos's rating: 1534 &rarr; <strong>1511</strong><br />(-23 for losing)\n|l|☆amooos\n|player|p2|\n", "inputlog": ">version ccdc32dd7cde25fd9e4bed64820e885f66e78a4e\n>start {\"formatid\":\"gen9randomdoublesbattle\",\"seed\":\"sodium,6f66a0737471c4902de22282f21d45d0\",\"rated\":\"Rated battle\"}\n>player p1 {\"name\":\"Ditto TH\",\"avatar\":\"2\",\"rating\":1479,\"seed\":\"sodium,82deb6f98c11db560ce06a5e90297c95\"}\n>player p2 {\"name\":\"amooos\",\"avatar\":\"102\",\"rating\":1534,\"seed\":\"sodium,25ac663a26bf18afe7226a762acf8343\"}\n>p1 move fakeout +2, move woodhammer +1\n>p2 move rockslide, move nastyplot\n>p1 switch 4, pass\n>p1 move fakeout +2, move woodhammer +1\n>p2 move highhorsepower +1, move blizzard\n>p2 switch 4, pass\n>p1 move uturn +2, move doubleedge +2\n>p2 move playrough +1, move blizzard\n>p1 switch 3, pass\n>p1 move fakeout +2, move uturn +2\n>p2 move closecombat +1, move blizzard\n>p1 pass, switch 3\n>p1 switch 5, pass\n>p2 pass, switch 6\n>p1 move substitute, move fakeout +1\n>p2 switch 5, move leafstorm +1\n>p1 move protect, move uturn +2\n>p2 switch 5, move leafstorm +2\n>p1 pass, switch 3\n>p1 move substitute, move doubleedge +2\n>p2 move playrough +1, move leafstorm +2\n>p1 pass, switch 3\n>p1 move bodyslam +2, move fakeout +2\n>p2 move playrough +2, move protect\n>p1 pass, switch 6\n>p1 move protect, move flamethrower +2 terastallize\n>p2 move closecombat +1, move leafstorm +1\n>p2 pass, switch 5\n>p1 move bodyslam +2, move gigadrain +2\n>p2 switch 3, move headlongrush +2\n>p1 move bodyslam +2, move flamethrower +1\n>p2 switch 3, move closecombat +1\n>p2 pass, switch 3\n>p1 move bodyslam +1, move thunderbolt +1\n>p2 move playrough +1, move highhorsepower +2 terastallize\n>p1 move bodyslam +2, move thunderbolt +2\n>p2 pass, move heatcrash +2\n>p1 move knockoff +2, move electroweb\n>p2 pass, move stoneedge +2", "uploadtime": 1770728092, "views": 58, "formatid": "gen9randomdoublesbattle", "rating": 1502, "private": 0, "password": null}