{"id": "gen9randomdoublesbattle-2540484020", "format": "[Gen 9] Random Doubles Battle", "players": ["Jneff", "Motorgis"], "log": "|j|☆Jneff\n|j|☆Motorgis\n|t:|1771207746\n|gametype|doubles\n|player|p1|Jneff|elesa|1529\n|player|p2|Motorgis|biker-gen4|1683\n|gen|9\n|tier|[Gen 9] Random Doubles Battle\n|rated|\n|rule|Species Clause: Limit one of each Pokémon\n|rule|HP Percentage Mod: HP is shown in percentages\n|rule|Illusion Level Mod: Illusion disguises the Pokémon's true level\n|rule|Sleep Clause Mod: Limit one foe put to sleep\n|\n|t:|1771207746\n|teamsize|p1|6\n|teamsize|p2|6\n|start\n|switch|p1a: Cryogonal|Cryogonal, L88|284/284\n|switch|p1b: Magearna|Magearna-Original, L71|231/231\n|switch|p2a: Scizor|Scizor, L80, M|243/243\n|switch|p2b: Flapple|Flapple, L95, F|287/287\n|turn|1\n|inactive|Battle timer is ON: inactive players will automatically lose when time's up. (requested by Jneff)\n|\n|t:|1771207777\n|move|p2a: Scizor|Bullet Punch|p1a: Cryogonal\n|-supereffective|p1a: Cryogonal\n|-damage|p1a: Cryogonal|0 fnt\n|faint|p1a: Cryogonal\n|-ability|p1b: Magearna|Soul-Heart|boost\n|-boost|p1b: Magearna|spa|1\n|move|p2b: Flapple|Grav Apple|p1b: Magearna\n|-resisted|p1b: Magearna\n|-damage|p1b: Magearna|170/231\n|-unboost|p1b: Magearna|def|1\n|move|p1b: Magearna|Fleur Cannon|p2b: Flapple\n|-supereffective|p2b: Flapple\n|-damage|p2b: Flapple|0 fnt\n|-unboost|p1b: Magearna|spa|2\n|faint|p2b: Flapple\n|-ability|p1b: Magearna|Soul-Heart|boost\n|-boost|p1b: Magearna|spa|1\n|-damage|p1b: Magearna|147/231|[from] item: Life Orb\n|\n|upkeep\n|inactive|Motorgis has 120 seconds left.\n|\n|t:|1771207811\n|switch|p1a: Ninetales|Ninetales, L79, F|245/245\n|switch|p2b: Raikou|Raikou, L81|278/278\n|-weather|SunnyDay|[from] ability: Drought|[of] p1a: Ninetales\n|turn|2\n|\n|t:|1771207826\n|move|p1b: Magearna|Protect|p1b: Magearna\n|-singleturn|p1b: Magearna|Protect\n|move|p2a: Scizor|Bullet Punch|p1b: Magearna\n|-activate|p1b: Magearna|move: Protect\n|move|p2b: Raikou|Thunderbolt|p1a: Ninetales\n|-damage|p1a: Ninetales|120/245\n|-damage|p2b: Raikou|251/278|[from] item: Life Orb\n|move|p1a: Ninetales|Heat Wave|p2b: Raikou|[spread] p2a,p2b\n|-supereffective|p2a: Scizor\n|-damage|p2a: Scizor|0 fnt\n|-damage|p2b: Raikou|152/278\n|faint|p2a: Scizor\n|-ability|p1b: Magearna|Soul-Heart|boost\n|-boost|p1b: Magearna|spa|1\n|-damage|p1a: Ninetales|96/245|[from] item: Life Orb\n|\n|-weather|SunnyDay|[upkeep]\n|upkeep\n|\n|t:|1771207843\n|switch|p2a: Persian|Persian-Alola, L88, M|258/258\n|turn|3\n|\n|t:|1771207861\n|move|p2a: Persian|Fake Out|p1b: Magearna\n|-resisted|p1b: Magearna\n|-damage|p1b: Magearna|131/231\n|move|p2b: Raikou|Thunderbolt|p1a: Ninetales\n|-damage|p1a: Ninetales|0 fnt\n|faint|p1a: Ninetales\n|-ability|p1b: Magearna|Soul-Heart|boost\n|-boost|p1b: Magearna|spa|1\n|-damage|p2b: Raikou|125/278|[from] item: Life Orb\n|cant|p1b: Magearna|flinch\n|\n|-weather|SunnyDay|[upkeep]\n|upkeep\n|\n|t:|1771207873\n|switch|p1a: Whimsicott|Whimsicott, L80, M|227/227\n|turn|4\n|\n|t:|1771207885\n|move|p1a: Whimsicott|Tailwind|p1a: Whimsicott\n|-sidestart|p1: Jneff|move: Tailwind\n|move|p2a: Persian|Parting Shot|p1b: Magearna\n|-unboost|p1b: Magearna|atk|1\n|-unboost|p1b: Magearna|spa|1\n|\n|t:|1771207890\n|switch|p2a: Regigigas|Regigigas, L86|329/329|[from] Parting Shot\n|-start|p2a: Regigigas|ability: Slow Start\n|move|p2b: Raikou|Thunderbolt|p1b: Magearna\n|-damage|p1b: Magearna|14/231\n|-damage|p2b: Raikou|98/278|[from] item: Life Orb\n|move|p1b: Magearna|Fleur Cannon|p2a: Regigigas\n|-damage|p2a: Regigigas|125/329\n|-unboost|p1b: Magearna|spa|2\n|-damage|p1b: Magearna|0 fnt|[from] item: Life Orb\n|faint|p1b: Magearna\n|\n|-weather|SunnyDay|[upkeep]\n|-heal|p2a: Regigigas|145/329|[from] item: Leftovers\n|upkeep\n|\n|t:|1771207904\n|switch|p1b: Latias|Latias, L80, F|259/259\n|turn|5\n|\n|t:|1771207921\n|move|p2a: Regigigas|Protect|p2a: Regigigas\n|-singleturn|p2a: Regigigas|Protect\n|move|p1a: Whimsicott|Moonblast|p2b: Raikou\n|-damage|p2b: Raikou|29/278\n|-unboost|p2b: Raikou|spa|1\n|move|p1b: Latias|Mist Ball|p2b: Raikou\n|-damage|p2b: Raikou|0 fnt\n|faint|p2b: Raikou\n|\n|-weather|SunnyDay|[upkeep]\n|-heal|p2a: Regigigas|165/329|[from] item: Leftovers\n|upkeep\n|\n|t:|1771207931\n|switch|p2b: Persian|Persian-Alola, L88, M|258/258\n|turn|6\n|\n|t:|1771207954\n|move|p2b: Persian|Fake Out|p1a: Whimsicott\n|-damage|p1a: Whimsicott|200/227\n|cant|p1a: Whimsicott|flinch\n|move|p1b: Latias|Mist Ball|p2a: Regigigas\n|-damage|p2a: Regigigas|68/329\n|-unboost|p2a: Regigigas|spa|1\n|move|p2a: Regigigas|Knock Off|p1b: Latias\n|-supereffective|p1b: Latias\n|-damage|p1b: Latias|139/259\n|-enditem|p1b: Latias|Soul Dew|[from] move: Knock Off|[of] p2a: Regigigas\n|\n|-weather|none\n|-heal|p2a: Regigigas|88/329|[from] item: Leftovers\n|upkeep\n|turn|7\n|inactive|Jneff has 120 seconds left.\n|\n|t:|1771208007\n|move|p2a: Regigigas|Protect|p2a: Regigigas\n|-singleturn|p2a: Regigigas|Protect\n|move|p1a: Whimsicott|Moonblast|p2b: Persian\n|-supereffective|p2b: Persian\n|-damage|p2b: Persian|54/258\n|-enditem|p2b: Persian|Sitrus Berry|[eat]\n|-heal|p2b: Persian|118/258|[from] item: Sitrus Berry\n|move|p1b: Latias|Mist Ball|p2a: Regigigas\n|-activate|p2a: Regigigas|move: Protect\n|move|p2b: Persian|Thunder Wave|p1b: Latias\n|-status|p1b: Latias|par\n|\n|-heal|p2a: Regigigas|108/329|[from] item: Leftovers\n|-sideend|p1: Jneff|move: Tailwind\n|upkeep\n|turn|8\n|inactive|Jneff has 120 seconds left.\n|\n|t:|1771208033\n|move|p1a: Whimsicott|Tailwind|p1a: Whimsicott\n|-sidestart|p1: Jneff|move: Tailwind\n|move|p2b: Persian|Thunder Wave|p1a: Whimsicott|[miss]\n|-miss|p2b: Persian|p1a: Whimsicott\n|move|p1b: Latias|Draco Meteor|p2a: Regigigas|[miss]\n|-miss|p1b: Latias|p2a: Regigigas\n|move|p2a: Regigigas|Substitute|p2a: Regigigas\n|-start|p2a: Regigigas|Substitute\n|-damage|p2a: Regigigas|26/329\n|\n|-heal|p2a: Regigigas|46/329|[from] item: Leftovers\n|upkeep\n|turn|9\n|inactive|Jneff has 120 seconds left.\n|\n|t:|1771208064\n|-terastallize|p2b: Persian|Poison\n|move|p2a: Regigigas|Protect|p2a: Regigigas\n|-singleturn|p2a: Regigigas|Protect\n|move|p1a: Whimsicott|Moonblast|p2b: Persian\n|-resisted|p2b: Persian\n|-damage|p2b: Persian|70/258\n|move|p2b: Persian|Thunder Wave|p1a: Whimsicott\n|-status|p1a: Whimsicott|par\n|move|p1b: Latias|Draco Meteor|p2a: Regigigas\n|-activate|p2a: Regigigas|move: Protect\n|\n|-heal|p2a: Regigigas|66/329|[from] item: Leftovers\n|-end|p2a: Regigigas|Slow Start\n|upkeep\n|turn|10\n|\n|t:|1771208089\n|move|p2b: Persian|Parting Shot|p1a: Whimsicott\n|-unboost|p1a: Whimsicott|atk|1\n|-unboost|p1a: Whimsicott|spa|1\n|\n|t:|1771208092\n|switch|p2b: Crabominable|Crabominable, L89, F|317/317|[from] Parting Shot\n|move|p1a: Whimsicott|Moonblast|p2a: Regigigas\n|-activate|p2a: Regigigas|move: Substitute|[damage]\n|cant|p1b: Latias|par\n|move|p2a: Regigigas|Knock Off|p1b: Latias\n|-supereffective|p1b: Latias\n|-damage|p1b: Latias|0 fnt\n|faint|p1b: Latias\n|\n|-heal|p2a: Regigigas|86/329|[from] item: Leftovers\n|upkeep\n|\n|t:|1771208120\n|switch|p1b: Barraskewda|Barraskewda, L85, M|242/242\n|turn|11\n|\n|t:|1771208142\n|-terastallize|p1b: Barraskewda|Fighting\n|move|p2a: Regigigas|Protect|p2a: Regigigas\n|-singleturn|p2a: Regigigas|Protect\n|move|p1b: Barraskewda|Waterfall|p2a: Regigigas\n|-activate|p2a: Regigigas|move: Protect\n|cant|p1a: Whimsicott|par\n|move|p2b: Crabominable|Ice Hammer|p1a: Whimsicott\n|-supereffective|p1a: Whimsicott\n|-damage|p1a: Whimsicott|0 fnt\n|-unboost|p2b: Crabominable|spe|1\n|faint|p1a: Whimsicott\n|-damage|p2b: Crabominable|286/317|[from] item: Life Orb\n|\n|-heal|p2a: Regigigas|106/329|[from] item: Leftovers\n|-sideend|p1: Jneff|move: Tailwind\n|upkeep\n|turn|12\n|inactive|Jneff has 120 seconds left.\n|inactive|Jneff has 90 seconds left.\n|\n|t:|1771208202\n|move|p1b: Barraskewda|Waterfall|p2b: Crabominable\n|-damage|p2b: Crabominable|121/317\n|move|p2a: Regigigas|Body Slam|p1b: Barraskewda\n|-damage|p1b: Barraskewda|73/242\n|-status|p1b: Barraskewda|par\n|move|p2b: Crabominable|Drain Punch|p1b: Barraskewda\n|-damage|p1b: Barraskewda|0 fnt\n|-heal|p2b: Crabominable|158/317|[from] drain|[of] p1b: Barraskewda\n|faint|p1b: Barraskewda\n|-damage|p2b: Crabominable|127/317|[from] item: Life Orb\n|\n|win|Motorgis\n|raw|Jneff's rating: 1529 &rarr; <strong>1517</strong><br />(-12 for losing)\n|raw|Motorgis's rating: 1683 &rarr; <strong>1695</strong><br />(+12 for winning)\n", "inputlog": ">version 686819e5e19f8a7fd2345cfc5a08a5085efa2cc3\n>start {\"formatid\":\"gen9randomdoublesbattle\",\"seed\":\"sodium,dbbb4fa3e06e891a87d5cefd4e49bf17\",\"rated\":\"Rated battle\"}\n>player p1 {\"name\":\"Jneff\",\"avatar\":\"elesa\",\"rating\":1529,\"seed\":\"sodium,ff0687735ee521b5a3aab3c4df6dec1e\"}\n>player p2 {\"name\":\"Motorgis\",\"avatar\":\"biker-gen4\",\"rating\":1683,\"seed\":\"sodium,1e9a8286e690b8762a1aff17c620b940\"}\n>p1 move icywind, move fleurcannon +2\n>p2 move bulletpunch +1, move gravapple +2\n>p1 switch 5, pass\n>p2 pass, switch 6\n>p1 move heatwave, move protect\n>p2 move bulletpunch +2, move thunderbolt +1\n>p2 switch 4, pass\n>p1 move heatwave, move trickroom\n>p2 move fakeout +2, move thunderbolt +1\n>p1 switch 4, pass\n>p1 move tailwind, move fleurcannon +1\n>p2 move partingshot +2, move thunderbolt +2\n>p2 switch 3, pass\n>p1 pass, switch 6\n>p1 move moonblast +2, move mistball +2\n>p2 move protect, move shadowball +2\n>p2 pass, switch 3\n>p1 move moonblast +2, move mistball +1\n>p2 move knockoff +2, move fakeout +1\n>p1 move moonblast +2, move mistball +1\n>p2 move protect, move thunderwave +2\n>p1 move tailwind, move dracometeor +1\n>p2 move substitute, move thunderwave +1\n>p1 move moonblast +2, move dracometeor +1\n>p2 move protect, move thunderwave +1 terastallize\n>p1 move moonblast +1, move dracometeor +2\n>p2 move knockoff +2, move partingshot +1\n>p2 pass, switch 5\n>p1 pass, switch 3\n>p1 move moonblast +2, move waterfall +1 terastallize\n>p2 move protect, move icehammer +1\n>p1 pass, move waterfall +2\n>p2 move bodyslam +2, move drainpunch +2", "uploadtime": 1771208209, "views": 39, "formatid": "gen9randomdoublesbattle", "rating": 1517, "private": 0, "password": null}