{"id": "gen9randomdoublesbattle-2535247253", "format": "[Gen 9] Random Doubles Battle", "players": ["DaPumper", "psych1corpsych0tic"], "log": "|j|☆DaPumper\n|j|‽psych1corpsych0tic\n|t:|1770536347\n|gametype|doubles\n|player|p1|DaPumper|blackbelt-gen1|1928\n|player|p2|psych1corpsych0tic|1|1864\n|gen|9\n|tier|[Gen 9] Random Doubles Battle\n|rated|\n|rule|Species Clause: Limit one of each Pokémon\n|rule|HP Percentage Mod: HP is shown in percentages\n|rule|Illusion Level Mod: Illusion disguises the Pokémon's true level\n|rule|Sleep Clause Mod: Limit one foe put to sleep\n|\n|t:|1770536347\n|teamsize|p1|6\n|teamsize|p2|6\n|start\n|switch|p1a: Klefki|Klefki, L81, M|225/225\n|switch|p1b: Hypno|Hypno, L95, M|315/315\n|switch|p2a: Slaking|Slaking, L89, F|412/412\n|switch|p2b: Greninja|Greninja, L83, M|255/255\n|turn|1\n|inactive|Battle timer is ON: inactive players will automatically lose when time's up. (requested by DaPumper)\n|l|☆DaPumper\n|inactive|DaPumper disconnected and has a minute to reconnect!\n|player|p1|\n|inactive|psych1corpsych0tic has 120 seconds left.\n|j|☆DaPumper\n|inactive|DaPumper reconnected and has 120 seconds left.\n|player|p1|DaPumper|blackbelt-gen1|\n|\n|t:|1770536405\n|switch|p2b: Pincurchin|Pincurchin, L97, F|250/250\n|-fieldstart|move: Electric Terrain|[from] ability: Electric Surge|[of] p2b: Pincurchin\n|switch|p1b: Hitmontop|Hitmontop, L88, M|231/231\n|-ability|p1b: Hitmontop|Intimidate|boost\n|-unboost|p2a: Slaking|atk|1\n|-unboost|p2b: Pincurchin|atk|1\n|move|p1a: Klefki|Reflect|p1a: Klefki\n|-sidestart|p1: DaPumper|Reflect\n|move|p2a: Slaking|High Horsepower|p1a: Klefki\n|-supereffective|p1a: Klefki\n|-damage|p1a: Klefki|68/225\n|\n|upkeep\n|turn|2\n|\n|t:|1770536431\n|switch|p2a: Ditto|Ditto, L97|250/250\n|-transform|p2a: Ditto|p1b: Hitmontop|[from] ability: Imposter\n|-ability|p2a: Ditto|Intimidate|boost\n|-unboost|p1a: Klefki|atk|1\n|-unboost|p1b: Hitmontop|atk|1\n|move|p1b: Hitmontop|Fake Out|p2b: Pincurchin\n|-damage|p2b: Pincurchin|234/250\n|move|p1a: Klefki|Thunder Wave|p2a: Ditto|[miss]\n|-miss|p1a: Klefki|p2a: Ditto\n|cant|p2b: Pincurchin|flinch\n|\n|upkeep\n|turn|3\n|\n|t:|1770536452\n|switch|p1b: Jolteon|Jolteon, L85, M|249/249\n|switch|p1a: Hypno|Hypno, L95, M|315/315\n|move|p2a: Ditto|Fake Out|p1a: Hypno\n|-damage|p1a: Hypno|290/315\n|move|p2b: Pincurchin|Thunderbolt|p1a: Hypno\n|-damage|p1a: Hypno|179/315\n|\n|upkeep\n|turn|4\n|inactive|DaPumper has 120 seconds left.\n|\n|t:|1770536485\n|switch|p2a: Flygon|Flygon, L83, M|268/268\n|move|p1b: Jolteon|Thunder Wave|p2a: Flygon\n|-immune|p2a: Flygon\n|move|p1a: Hypno|Encore||[still]\n|-fail|p1a: Hypno\n|move|p2b: Pincurchin|Thunderbolt|p1a: Hypno\n|-damage|p1a: Hypno|62/315\n|-enditem|p1a: Hypno|Sitrus Berry|[eat]\n|-heal|p1a: Hypno|140/315|[from] item: Sitrus Berry\n|\n|upkeep\n|turn|5\n|\n|t:|1770536501\n|move|p1b: Jolteon|Alluring Voice|p2a: Flygon\n|-supereffective|p2a: Flygon\n|-damage|p2a: Flygon|86/268\n|-damage|p1b: Jolteon|225/249|[from] item: Life Orb\n|move|p2a: Flygon|Earth Power|p1b: Jolteon\n|-supereffective|p1b: Jolteon\n|-damage|p1b: Jolteon|81/249\n|move|p1a: Hypno|Psychic|p2a: Flygon\n|-damage|p2a: Flygon|0 fnt\n|faint|p2a: Flygon\n|move|p2b: Pincurchin|Scald|p1b: Jolteon\n|-damage|p1b: Jolteon|10/249\n|\n|-fieldend|move: Electric Terrain\n|upkeep\n|c|☆DaPumper|I’m getting murdered\n|\n|t:|1770536521\n|switch|p2a: Ditto|Ditto, L97|250/250\n|-transform|p2a: Ditto|p1b: Jolteon|[from] ability: Imposter\n|turn|6\n|\n|t:|1770536535\n|move|p1b: Jolteon|Protect|p1b: Jolteon\n|-singleturn|p1b: Jolteon|Protect\n|move|p2a: Ditto|Alluring Voice|p1b: Jolteon\n|-activate|p1b: Jolteon|move: Protect\n|move|p1a: Hypno|Low Sweep|p2a: Ditto\n|-damage|p2a: Ditto|187/250\n|-unboost|p2a: Ditto|spe|1\n|move|p2b: Pincurchin|Thunderbolt|p1a: Hypno\n|-damage|p1a: Hypno|56/315\n|\n|upkeep\n|turn|7\n|\n|t:|1770536554\n|switch|p1b: Hitmontop|Hitmontop, L88, M|231/231\n|-ability|p1b: Hitmontop|Intimidate|boost\n|-unboost|p2a: Ditto|atk|1\n|-unboost|p2b: Pincurchin|atk|1\n|move|p2a: Ditto|Protect|p2a: Ditto\n|-singleturn|p2a: Ditto|Protect\n|move|p1a: Hypno|Poison Gas|p2b: Pincurchin|[spread] p2b\n|-activate|p2a: Ditto|move: Protect\n|-status|p2b: Pincurchin|psn\n|move|p2b: Pincurchin|Scald|p1b: Hitmontop\n|-damage|p1b: Hitmontop|194/231\n|\n|-damage|p2b: Pincurchin|203/250 psn|[from] psn\n|upkeep\n|turn|8\n|\n|t:|1770536582\n|switch|p1a: Jolteon|Jolteon, L85, M|10/249\n|switch|p2a: Inteleon|Inteleon, L78, F|237/237\n|move|p1b: Hitmontop|Close Combat|p2a: Inteleon\n|-damage|p2a: Inteleon|59/237\n|-unboost|p1b: Hitmontop|def|1\n|-unboost|p1b: Hitmontop|spd|1\n|move|p2b: Pincurchin|Scald|p1b: Hitmontop\n|-damage|p1b: Hitmontop|139/231\n|\n|-damage|p2b: Pincurchin|172/250 psn|[from] psn\n|-sideend|p1: DaPumper|Reflect\n|upkeep\n|turn|9\n|\n|t:|1770536611\n|switch|p1a: Kingdra|Kingdra, L85, M|266/266\n|switch|p2a: Ditto|Ditto, L97|187/250\n|-transform|p2a: Ditto|p1b: Hitmontop|[from] ability: Imposter\n|-ability|p2a: Ditto|Intimidate|boost\n|-unboost|p1a: Kingdra|atk|1\n|-unboost|p1b: Hitmontop|atk|1\n|move|p1b: Hitmontop|Sucker Punch||[still]\n|-fail|p1b: Hitmontop\n|move|p2b: Pincurchin|Recover|p2b: Pincurchin\n|-heal|p2b: Pincurchin|250/250 psn\n|\n|-damage|p2b: Pincurchin|219/250 psn|[from] psn\n|upkeep\n|turn|10\n|inactive|psych1corpsych0tic has 120 seconds left.\n|inactive|DaPumper has 120 seconds left.\n|inactive|psych1corpsych0tic has 90 seconds left.\n|\n|t:|1770536677\n|switch|p1b: Klefki|Klefki, L81, M|68/225\n|-terastallize|p2a: Ditto|Ghost\n|move|p2a: Ditto|Fake Out|p1a: Kingdra\n|-damage|p1a: Kingdra|232/266\n|cant|p1a: Kingdra|flinch\n|move|p2b: Pincurchin|Scald|p1b: Klefki\n|-damage|p1b: Klefki|0 fnt\n|faint|p1b: Klefki\n|\n|-damage|p2b: Pincurchin|188/250 psn|[from] psn\n|upkeep\n|inactive|DaPumper has 120 seconds left.\n|inactive|DaPumper has 90 seconds left.\n|\n|t:|1770536723\n|switch|p1b: Hitmontop|Hitmontop, L88, M|139/231\n|-ability|p1b: Hitmontop|Intimidate|boost\n|-unboost|p2a: Ditto|atk|1\n|-unboost|p2b: Pincurchin|atk|1\n|turn|11\n|\n|t:|1770536744\n|switch|p2a: Slaking|Slaking, L89, F|412/412\n|move|p1a: Kingdra|Rain Dance|p1a: Kingdra\n|-weather|RainDance\n|move|p1b: Hitmontop|Close Combat|p2b: Pincurchin\n|-damage|p2b: Pincurchin|79/250 psn\n|-unboost|p1b: Hitmontop|def|1\n|-unboost|p1b: Hitmontop|spd|1\n|-enditem|p2b: Pincurchin|Sitrus Berry|[eat]\n|-heal|p2b: Pincurchin|141/250 psn|[from] item: Sitrus Berry\n|move|p2b: Pincurchin|Scald|p1b: Hitmontop\n|-damage|p1b: Hitmontop|56/231\n|\n|-weather|RainDance|[upkeep]\n|-damage|p2b: Pincurchin|110/250 psn|[from] psn\n|upkeep\n|turn|12\n|inactive|DaPumper has 120 seconds left.\n|inactive|psych1corpsych0tic has 90 seconds left.\n|\n|t:|1770536777\n|switch|p2a: Ditto|Ditto, L97, tera:Ghost|187/250\n|-transform|p2a: Ditto|p1b: Hitmontop|[from] ability: Imposter\n|-ability|p2a: Ditto|Intimidate|boost\n|-unboost|p1a: Kingdra|atk|1\n|-unboost|p1b: Hitmontop|atk|1\n|move|p1a: Kingdra|Draco Meteor|p2a: Ditto|[miss]\n|-miss|p1a: Kingdra|p2a: Ditto\n|move|p1b: Hitmontop|Close Combat|p2a: Ditto\n|-immune|p2a: Ditto\n|move|p2b: Pincurchin|Recover|p2b: Pincurchin\n|-heal|p2b: Pincurchin|235/250 psn\n|\n|-weather|RainDance|[upkeep]\n|-damage|p2b: Pincurchin|204/250 psn|[from] psn\n|upkeep\n|turn|13\n|inactive|DaPumper has 120 seconds left.\n|inactive|psych1corpsych0tic has 90 seconds left.\n|\n|t:|1770536822\n|switch|p2a: Slaking|Slaking, L89, F|412/412\n|move|p1a: Kingdra|Protect|p1a: Kingdra\n|-singleturn|p1a: Kingdra|Protect\n|move|p1b: Hitmontop|Sucker Punch||[still]\n|-fail|p1b: Hitmontop\n|move|p2b: Pincurchin|Electroweb|p1a: Kingdra|[spread] p1b\n|-activate|p1a: Kingdra|move: Protect\n|-damage|p1b: Hitmontop|13/231\n|-unboost|p1b: Hitmontop|spe|1\n|\n|-weather|RainDance|[upkeep]\n|-damage|p2b: Pincurchin|173/250 psn|[from] psn\n|upkeep\n|turn|14\n|inactive|DaPumper has 120 seconds left.\n|inactive|psych1corpsych0tic has 90 seconds left.\n|\n|t:|1770536865\n|move|p1a: Kingdra|Draco Meteor|p2a: Slaking\n|-damage|p2a: Slaking|178/412\n|-unboost|p1a: Kingdra|spa|2\n|-damage|p1a: Kingdra|206/266|[from] item: Life Orb\n|move|p2a: Slaking|Double-Edge|p1a: Kingdra\n|-damage|p1a: Kingdra|0 fnt\n|faint|p1a: Kingdra\n|-damage|p2a: Slaking|110/412|[from] Recoil\n|move|p1b: Hitmontop|Close Combat|p2a: Slaking\n|-supereffective|p2a: Slaking\n|-damage|p2a: Slaking|0 fnt\n|-unboost|p1b: Hitmontop|def|1\n|-unboost|p1b: Hitmontop|spd|1\n|faint|p2a: Slaking\n|move|p2b: Pincurchin|Scald|p1b: Hitmontop\n|-damage|p1b: Hitmontop|0 fnt\n|faint|p1b: Hitmontop\n|\n|-weather|RainDance|[upkeep]\n|-damage|p2b: Pincurchin|142/250 psn|[from] psn\n|upkeep\n|inactive|psych1corpsych0tic has 60 seconds left.\n|\n|t:|1770536884\n|switch|p2a: Ditto|Ditto, L97, tera:Ghost|187/250\n|switch|p1a: Jolteon|Jolteon, L85, M|10/249\n|switch|p1b: Lycanroc|Lycanroc-Midnight, L84, F|280/280\n|-transform|p2a: Ditto|p1b: Lycanroc|[from] ability: Imposter\n|turn|15\n|inactive|DaPumper has 120 seconds left.\n|inactive|psych1corpsych0tic has 60 seconds left.\n|\n|t:|1770536914\n|move|p1a: Jolteon|Protect|p1a: Jolteon\n|-singleturn|p1a: Jolteon|Protect\n|move|p1b: Lycanroc|Knock Off|p2a: Ditto\n|-supereffective|p2a: Ditto\n|-damage|p2a: Ditto|9/250\n|-enditem|p2a: Ditto|Sitrus Berry|[from] move: Knock Off|[of] p1b: Lycanroc\n|move|p2a: Ditto|Rock Slide|p1b: Lycanroc|[spread] p1b\n|-activate|p1a: Jolteon|move: Protect\n|-damage|p1b: Lycanroc|190/280\n|move|p2b: Pincurchin|Scald|p1b: Lycanroc\n|-supereffective|p1b: Lycanroc\n|-damage|p1b: Lycanroc|0 fnt\n|faint|p1b: Lycanroc\n|\n|-weather|none\n|-damage|p2b: Pincurchin|111/250 psn|[from] psn\n|upkeep\n|\n|t:|1770536916\n|switch|p1b: Hypno|Hypno, L95, M|56/315\n|turn|16\n|-message|DaPumper forfeited.\n|\n|win|psych1corpsych0tic\n|raw|DaPumper's rating: 1928 &rarr; <strong>1904</strong><br />(-24 for losing)\n|raw|psych1corpsych0tic's rating: 1864 &rarr; <strong>1888</strong><br />(+24 for winning)\n|l|☆DaPumper\n|player|p1|\n", "inputlog": ">version ccdc32dd7cde25fd9e4bed64820e885f66e78a4e\n>start {\"formatid\":\"gen9randomdoublesbattle\",\"seed\":\"sodium,4c1c109b620a4db857d7e41b6b2472c1\",\"rated\":\"Rated battle\"}\n>player p1 {\"name\":\"DaPumper\",\"avatar\":\"blackbelt-gen1\",\"rating\":1928,\"seed\":\"sodium,1d3e7eb13ef449846970a7f5a5131bfa\"}\n>player p2 {\"name\":\"psych1corpsych0tic\",\"avatar\":\"1\",\"rating\":1864,\"seed\":\"sodium,6a7ccbd6e096c306504aa0b689f28ee4\"}\n>p1 move reflect, switch 5\n>p2 move highhorsepower +1, switch 4\n>p1 move thunderwave +1, move fakeout +2\n>p2 switch 3, move thunderbolt +1\n>p1 switch 5, switch 3\n>p2 move fakeout +1, move thunderbolt +1\n>p1 move encore +1, move thunderwave +1\n>p2 switch 6, move thunderbolt +1\n>p1 move psychic +1, move alluringvoice +1\n>p2 move earthpower +2, move scald +2\n>chat ☆DaPumper|I’m getting murdered\n>p2 switch 6, pass\n>p1 move lowsweep +1, move protect\n>p2 move alluringvoice +2, move thunderbolt +1\n>p1 move poisongas, switch 3\n>p2 move protect, move scald +2\n>p1 switch 3, move closecombat +1\n>p2 switch 5, move scald +2\n>p1 switch 6, move suckerpunch +1\n>p2 switch 5, move recover\n>p1 move raindance, switch 5\n>p2 move fakeout +1 terastallize, move scald +2\n>p1 pass, switch 5\n>p1 move raindance, move closecombat +2\n>p2 switch 3, move scald +2\n>p1 move dracometeor +1, move closecombat +1\n>p2 switch 3, move recover\n>p1 move protect, move suckerpunch +1\n>p2 switch 3, move electroweb\n>p1 move dracometeor +1, move closecombat +1\n>p2 move doubleedge +1, move scald +2\n>p1 switch 6, switch 4\n>p2 switch 3, pass\n>p1 move protect, move knockoff +1\n>p2 move rockslide, move scald +2\n>p1 pass, switch 3\n>forcelose p1", "uploadtime": 1770536941, "views": 119, "formatid": "gen9randomdoublesbattle", "rating": 1888, "private": 0, "password": null}