{"id": "gen9randomdoublesbattle-2534625730", "format": "[Gen 9] Random Doubles Battle", "players": ["yes eye on1", "XxSaixX129"], "log": "|j|☆yes eye on1\n|j|☆XxSaixX129\n|t:|1770448568\n|gametype|doubles\n|player|p1|yes eye on1|102|1595\n|player|p2|XxSaixX129|169|1582\n|gen|9\n|tier|[Gen 9] Random Doubles Battle\n|rated|\n|rule|Species Clause: Limit one of each Pokémon\n|rule|HP Percentage Mod: HP is shown in percentages\n|rule|Illusion Level Mod: Illusion disguises the Pokémon's true level\n|rule|Sleep Clause Mod: Limit one foe put to sleep\n|\n|t:|1770448568\n|teamsize|p1|6\n|teamsize|p2|6\n|start\n|switch|p1a: Skeledirge|Skeledirge, L80, M|298/298\n|switch|p1b: Sneasler|Sneasler, L77, F|250/250\n|switch|p2a: Grimmsnarl|Grimmsnarl, L82, M|290/290\n|switch|p2b: Granbull|Granbull, L88, F|302/302\n|-ability|p2b: Granbull|Intimidate|boost\n|-unboost|p1a: Skeledirge|atk|1\n|-unboost|p1b: Sneasler|atk|1\n|-enditem|p1b: Sneasler|White Herb\n|-clearnegativeboost|p1b: Sneasler|[silent]\n|turn|1\n|inactive|Battle timer is ON: inactive players will automatically lose when time's up. (requested by XxSaixX129)\n|\n|t:|1770448592\n|switch|p2a: Toxapex|Toxapex, L92, M|241/241\n|switch|p2b: Arbok|Arbok, L88, F|249/249\n|-ability|p2b: Arbok|Intimidate|boost\n|-unboost|p1a: Skeledirge|atk|1\n|-unboost|p1b: Sneasler|atk|1\n|move|p1b: Sneasler|Dire Claw|p2a: Toxapex\n|-resisted|p2a: Toxapex\n|-damage|p2a: Toxapex|222/241\n|move|p1a: Skeledirge|Torch Song|p2a: Toxapex\n|-resisted|p2a: Toxapex\n|-damage|p2a: Toxapex|196/241\n|-boost|p1a: Skeledirge|spa|1\n|\n|-heal|p2a: Toxapex|211/241|[from] item: Leftovers\n|upkeep\n|turn|2\n|inactive|XxSaixX129 has 120 seconds left.\n|\n|t:|1770448624\n|move|p1b: Sneasler|Swords Dance|p1b: Sneasler\n|-boost|p1b: Sneasler|atk|2\n|move|p2b: Arbok|Coil|p2b: Arbok\n|-boost|p2b: Arbok|atk|1\n|-boost|p2b: Arbok|def|1\n|-boost|p2b: Arbok|accuracy|1\n|move|p1a: Skeledirge|Torch Song|p2b: Arbok\n|-damage|p2b: Arbok|108/249\n|-boost|p1a: Skeledirge|spa|1\n|move|p2a: Toxapex|Toxic|p1a: Skeledirge\n|-status|p1a: Skeledirge|tox\n|\n|-heal|p2b: Arbok|123/249|[from] item: Leftovers\n|-heal|p2a: Toxapex|226/241|[from] item: Leftovers\n|-damage|p1a: Skeledirge|280/298 tox|[from] psn\n|upkeep\n|turn|3\n|\n|t:|1770448639\n|move|p1b: Sneasler|Swords Dance|p1b: Sneasler\n|-boost|p1b: Sneasler|atk|2\n|move|p2b: Arbok|Knock Off|p1a: Skeledirge\n|-supereffective|p1a: Skeledirge\n|-damage|p1a: Skeledirge|126/298 tox\n|-enditem|p1a: Skeledirge|Leftovers|[from] move: Knock Off|[of] p2b: Arbok\n|move|p1a: Skeledirge|Torch Song|p2b: Arbok\n|-damage|p2b: Arbok|0 fnt\n|-boost|p1a: Skeledirge|spa|1\n|faint|p2b: Arbok\n|move|p2a: Toxapex|Infestation|p1b: Sneasler\n|-resisted|p1b: Sneasler\n|-crit|p1b: Sneasler\n|-damage|p1b: Sneasler|245/250\n|-activate|p1b: Sneasler|move: Infestation|[of] p2a: Toxapex\n|\n|-heal|p2a: Toxapex|241/241|[from] item: Leftovers\n|-damage|p1a: Skeledirge|90/298 tox|[from] psn\n|-damage|p1b: Sneasler|214/250|[from] move: Infestation|[partiallytrapped]\n|upkeep\n|inactive|XxSaixX129 has 120 seconds left.\n|\n|t:|1770448682\n|switch|p2b: Granbull|Granbull, L88, F|302/302\n|-ability|p2b: Granbull|Intimidate|boost\n|-unboost|p1a: Skeledirge|atk|1\n|-unboost|p1b: Sneasler|atk|1\n|turn|4\n|\n|t:|1770448691\n|-terastallize|p2b: Granbull|Steel\n|move|p2a: Toxapex|Baneful Bunker|p2a: Toxapex\n|-singleturn|p2a: Toxapex|move: Protect\n|move|p1b: Sneasler|Dire Claw|p2b: Granbull\n|-immune|p2b: Granbull\n|move|p1a: Skeledirge|Shadow Ball|p2a: Toxapex\n|-activate|p2a: Toxapex|move: Protect\n|move|p2b: Granbull|Stomping Tantrum|p1b: Sneasler\n|-supereffective|p1b: Sneasler\n|-damage|p1b: Sneasler|34/250\n|\n|-damage|p1a: Skeledirge|36/298 tox|[from] psn\n|-damage|p1b: Sneasler|3/250|[from] move: Infestation|[partiallytrapped]\n|upkeep\n|turn|5\n|inactive|XxSaixX129 has 120 seconds left.\n|\n|t:|1770448715\n|move|p1b: Sneasler|Close Combat|p2b: Granbull\n|-supereffective|p2b: Granbull\n|-damage|p2b: Granbull|0 fnt\n|-unboost|p1b: Sneasler|def|1\n|-unboost|p1b: Sneasler|spd|1\n|faint|p2b: Granbull\n|move|p1a: Skeledirge|Shadow Ball|p2a: Toxapex\n|-damage|p2a: Toxapex|100/241\n|move|p2a: Toxapex|Recover|p2a: Toxapex\n|-heal|p2a: Toxapex|221/241\n|\n|-heal|p2a: Toxapex|236/241|[from] item: Leftovers\n|-damage|p1a: Skeledirge|0 fnt|[from] psn\n|faint|p1a: Skeledirge\n|-damage|p1b: Sneasler|0 fnt|[from] move: Infestation|[partiallytrapped]\n|faint|p1b: Sneasler\n|upkeep\n|inactive|XxSaixX129 has 120 seconds left.\n|\n|t:|1770448738\n|switch|p1b: Toucannon|Toucannon, L87, F|281/281\n|switch|p1a: Sandy Shocks|Sandy Shocks, L79|264/264\n|switch|p2b: Grimmsnarl|Grimmsnarl, L82, M|290/290\n|turn|6\n|\n|t:|1770448752\n|switch|p2a: Umbreon|Umbreon, L85, F|300/300\n|move|p1a: Sandy Shocks|Protect|p1a: Sandy Shocks\n|-singleturn|p1a: Sandy Shocks|Protect\n|move|p2b: Grimmsnarl|Light Screen|p2b: Grimmsnarl\n|-sidestart|p2: XxSaixX129|move: Light Screen\n|move|p1b: Toucannon|Knock Off|p2a: Umbreon\n|-resisted|p2a: Umbreon\n|-damage|p2a: Umbreon|267/300\n|-enditem|p2a: Umbreon|Sitrus Berry|[from] move: Knock Off|[of] p1b: Toucannon\n|\n|upkeep\n|turn|7\n|\n|t:|1770448768\n|-end|p1a: Sandy Shocks|Protosynthesis|[silent]\n|switch|p1a: Samurott|Samurott, L89, F|314/314\n|move|p2a: Umbreon|Foul Play|p1a: Samurott\n|-damage|p1a: Samurott|206/314\n|move|p1b: Toucannon|Tailwind|p1b: Toucannon\n|-sidestart|p1: yes eye on1|move: Tailwind\n|move|p2b: Grimmsnarl|Spirit Break|p1a: Samurott\n|-damage|p1a: Samurott|121/314\n|-unboost|p1a: Samurott|spa|1\n|\n|upkeep\n|turn|8\n|\n|t:|1770448790\n|move|p2b: Grimmsnarl|Reflect|p2b: Grimmsnarl\n|-sidestart|p2: XxSaixX129|Reflect\n|move|p1a: Samurott|Swords Dance|p1a: Samurott\n|-boost|p1a: Samurott|atk|2\n|move|p1b: Toucannon|Brave Bird|p2a: Umbreon\n|-damage|p2a: Umbreon|177/300\n|-damage|p1b: Toucannon|251/281|[from] Recoil\n|move|p2a: Umbreon|Thunder Wave|p1a: Samurott\n|-status|p1a: Samurott|par\n|\n|upkeep\n|turn|9\n|\n|t:|1770448806\n|move|p1b: Toucannon|Knock Off|p2b: Grimmsnarl\n|-resisted|p2b: Grimmsnarl\n|-damage|p2b: Grimmsnarl|272/290\n|-enditem|p2b: Grimmsnarl|Light Clay|[from] move: Knock Off|[of] p1b: Toucannon\n|move|p1a: Samurott|Sacred Sword|p2a: Umbreon\n|-supereffective|p2a: Umbreon\n|-damage|p2a: Umbreon|0 fnt\n|faint|p2a: Umbreon\n|-damage|p1a: Samurott|90/314 par|[from] item: Life Orb\n|move|p2b: Grimmsnarl|Spirit Break|p1a: Samurott\n|-crit|p1a: Samurott\n|-damage|p1a: Samurott|0 fnt\n|faint|p1a: Samurott\n|\n|upkeep\n|\n|t:|1770448823\n|switch|p1a: Zapdos|Zapdos-Galar, L77|265/265\n|switch|p2a: Toxapex|Toxapex, L92, M|241/241\n|turn|10\n|\n|t:|1770448837\n|move|p1a: Zapdos|Thunderous Kick|p2b: Grimmsnarl\n|-damage|p2b: Grimmsnarl|171/290\n|-unboost|p2b: Grimmsnarl|def|1\n|-damage|p1a: Zapdos|239/265|[from] item: Life Orb\n|move|p1b: Toucannon|Knock Off|p2a: Toxapex\n|-damage|p2a: Toxapex|206/241\n|-enditem|p2a: Toxapex|Leftovers|[from] move: Knock Off|[of] p1b: Toucannon\n|move|p2b: Grimmsnarl|Spirit Break|p1a: Zapdos\n|-supereffective|p1a: Zapdos\n|-damage|p1a: Zapdos|39/265\n|-unboost|p1a: Zapdos|spa|1\n|-ability|p1a: Zapdos|Defiant|boost\n|-boost|p1a: Zapdos|atk|2\n|move|p2a: Toxapex|Toxic|p1b: Toucannon\n|-status|p1b: Toucannon|tox\n|\n|-damage|p1b: Toucannon|234/281 tox|[from] psn\n|-sideend|p1: yes eye on1|move: Tailwind\n|upkeep\n|turn|11\n|inactive|yes eye on1 has 120 seconds left.\n|inactive|XxSaixX129 has 120 seconds left.\n|\n|t:|1770448869\n|move|p2a: Toxapex|Baneful Bunker|p2a: Toxapex\n|-singleturn|p2a: Toxapex|move: Protect\n|move|p1a: Zapdos|Close Combat|p2b: Grimmsnarl\n|-damage|p2b: Grimmsnarl|0 fnt\n|-unboost|p1a: Zapdos|def|1\n|-unboost|p1a: Zapdos|spd|1\n|faint|p2b: Grimmsnarl\n|-damage|p1a: Zapdos|13/265|[from] item: Life Orb\n|move|p1b: Toucannon|Tailwind|p1b: Toucannon\n|-sidestart|p1: yes eye on1|move: Tailwind\n|\n|-damage|p1b: Toucannon|200/281 tox|[from] psn\n|upkeep\n|inactive|XxSaixX129 has 120 seconds left.\n|\n|t:|1770448880\n|switch|p2b: Breloom|Breloom, L84, F|238/238\n|turn|12\n|\n|t:|1770448892\n|move|p1a: Zapdos|Brave Bird|p2a: Toxapex\n|-damage|p2a: Toxapex|67/241\n|-damage|p1a: Zapdos|0 fnt|[from] Recoil\n|faint|p1a: Zapdos\n|move|p1b: Toucannon|Brave Bird|p2b: Breloom\n|-supereffective|p2b: Breloom\n|-damage|p2b: Breloom|0 fnt\n|faint|p2b: Breloom\n|-damage|p1b: Toucannon|121/281 tox|[from] Recoil\n|-enditem|p1b: Toucannon|Sitrus Berry|[eat]\n|-heal|p1b: Toucannon|191/281 tox|[from] item: Sitrus Berry\n|move|p2a: Toxapex|Infestation|p1b: Toucannon\n|-resisted|p1b: Toucannon\n|-damage|p1b: Toucannon|185/281 tox\n|-activate|p1b: Toucannon|move: Infestation|[of] p2a: Toxapex\n|\n|-damage|p1b: Toucannon|134/281 tox|[from] psn\n|-damage|p1b: Toucannon|99/281 tox|[from] move: Infestation|[partiallytrapped]\n|upkeep\n|\n|t:|1770448902\n|switch|p1a: Sandy Shocks|Sandy Shocks, L79|264/264\n|turn|13\n|-message|XxSaixX129 forfeited.\n|\n|win|yes eye on1\n|raw|yes eye on1's rating: 1580 &rarr; <strong>1600</strong><br />(+20 for winning)\n|raw|XxSaixX129's rating: 1582 &rarr; <strong>1562</strong><br />(-20 for losing)\n|l|☆XxSaixX129\n|player|p2|\n", "inputlog": ">version ccdc32dd7cde25fd9e4bed64820e885f66e78a4e\n>start {\"formatid\":\"gen9randomdoublesbattle\",\"seed\":\"sodium,85a590400b019118a497f672f589d835\",\"rated\":\"Rated battle\"}\n>player p1 {\"name\":\"yes eye on1\",\"avatar\":\"102\",\"rating\":1595,\"seed\":\"sodium,acc776a2b3ea1a0375600c28f4c7ef03\"}\n>player p2 {\"name\":\"XxSaixX129\",\"avatar\":\"169\",\"rating\":1582,\"seed\":\"sodium,0dfd912e277d406e3c71a829772760dd\"}\n>p1 move torchsong +1, move direclaw +1\n>p2 switch 5, switch 6\n>p1 move torchsong +2, move swordsdance\n>p2 move toxic +1, move coil\n>p1 move torchsong +2, move swordsdance\n>p2 move infestation +2, move knockoff +1\n>p2 pass, switch 6\n>p1 move shadowball +1, move direclaw +2\n>p2 move banefulbunker, move stompingtantrum +2 terastallize\n>p1 move shadowball +1, move closecombat +2\n>p2 move recover, move stompingtantrum +1\n>p1 switch 5, switch 3\n>p2 pass, switch 5\n>p1 move protect, move knockoff +1\n>p2 switch 3, move lightscreen\n>p1 switch 6, move tailwind\n>p2 move foulplay +1, move spiritbreak +1\n>p1 move swordsdance, move bravebird +1\n>p2 move thunderwave +1, move reflect\n>p1 move sacredsword +1, move knockoff +2\n>p2 move foulplay +1, move spiritbreak +1\n>p1 switch 4, pass\n>p2 switch 3, pass\n>p1 move thunderouskick +2, move knockoff +1\n>p2 move toxic +2, move spiritbreak +1\n>p1 move closecombat +2, move tailwind\n>p2 move banefulbunker, move spiritbreak +1\n>p2 pass, switch 4\n>p1 move bravebird +1, move bravebird +2\n>p2 move infestation +2, move bulletseed +1\n>p1 switch 6, pass\n>forcelose p2", "uploadtime": 1770448905, "views": 90, "formatid": "gen9randomdoublesbattle", "rating": 1562, "private": 0, "password": null}