{"id": "gen9randomdoublesbattle-2540561358", "format": "[Gen 9] Random Doubles Battle", "players": ["Kernal1", "J.archut"], "log": "|j|☆Kernal1\n|j|☆J.archut\n|t:|1771218294\n|gametype|doubles\n|player|p1|Kernal1|266|1564\n|player|p2|J.archut|roughneck-gen4|1609\n|gen|9\n|tier|[Gen 9] Random Doubles Battle\n|rated|\n|rule|Species Clause: Limit one of each Pokémon\n|rule|HP Percentage Mod: HP is shown in percentages\n|rule|Illusion Level Mod: Illusion disguises the Pokémon's true level\n|rule|Sleep Clause Mod: Limit one foe put to sleep\n|\n|t:|1771218294\n|teamsize|p1|6\n|teamsize|p2|6\n|start\n|switch|p1a: Incineroar|Incineroar, L78, M|276/276\n|switch|p1b: Basculin|Basculin, L87, M|264/264\n|switch|p2a: Veluza|Veluza, L88, M|302/302\n|switch|p2b: Lumineon|Lumineon, L92, F|276/276\n|-ability|p1a: Incineroar|Intimidate|boost\n|-unboost|p2a: Veluza|atk|1\n|-unboost|p2b: Lumineon|atk|1\n|turn|1\n|l|☆J.archut\n|player|p2|\n|inactive|Battle timer is ON: inactive players will automatically lose when time's up. (requested by Kernal1)\n|j|☆J.archut\n|inactive|J.archut reconnected and has 150 seconds left.\n|player|p2|J.archut|roughneck-gen4|\n|inactive|Kernal1 has 120 seconds left.\n|inactive|J.archut has 120 seconds left.\n|\n|t:|1771218365\n|switch|p1b: Ninetales|Ninetales, L79, F|245/245\n|-weather|SunnyDay|[from] ability: Drought|[of] p1b: Ninetales\n|move|p1a: Incineroar|Fake Out|p2b: Lumineon\n|-damage|p2b: Lumineon|244/276\n|cant|p2b: Lumineon|flinch\n|move|p2a: Veluza|Aqua Cutter|p2b: Lumineon\n|-activate|p2b: Lumineon|ability: Storm Drain\n|-ability|p2b: Lumineon|Storm Drain|boost\n|-boost|p2b: Lumineon|spa|1\n|\n|-weather|SunnyDay|[upkeep]\n|upkeep\n|turn|2\n|inactive|J.archut has 120 seconds left.\n|\n|t:|1771218417\n|switch|p2a: Scovillain|Scovillain, L90, F|263/263\n|-terastallize|p2b: Lumineon|Fire\n|move|p2b: Lumineon|Encore|p1a: Incineroar\n|-start|p1a: Incineroar|Encore\n|move|p1b: Ninetales|Solar Beam||[still]\n|-prepare|p1b: Ninetales|Solar Beam\n|-anim|p1b: Ninetales|Solar Beam|p2b: Lumineon\n|-resisted|p2b: Lumineon\n|-damage|p2b: Lumineon|208/276\n|-damage|p1b: Ninetales|221/245|[from] item: Life Orb\n|move|p1a: Incineroar|Fake Out||[still]\n|-hint|Fake Out only works on your first turn out.\n|-fail|p1a: Incineroar\n|\n|-weather|SunnyDay|[upkeep]\n|upkeep\n|turn|3\n|inactive|J.archut has 120 seconds left.\n|inactive|Kernal1 has 120 seconds left.\n|inactive|J.archut has 90 seconds left.\n|inactive|Kernal1 has 90 seconds left.\n|\n|t:|1771218480\n|switch|p2a: Oranguru|Oranguru, L90, F|308/308\n|switch|p1a: Hitmonchan|Hitmonchan, L90, M|236/236\n|move|p2b: Lumineon|Encore|p1b: Ninetales\n|-start|p1b: Ninetales|Encore\n|move|p1b: Ninetales|Solar Beam||[still]\n|-prepare|p1b: Ninetales|Solar Beam\n|-anim|p1b: Ninetales|Solar Beam|p2a: Oranguru\n|-damage|p2a: Oranguru|239/308\n|-damage|p1b: Ninetales|197/245|[from] item: Life Orb\n|\n|-weather|SunnyDay|[upkeep]\n|upkeep\n|turn|4\n|inactive|J.archut has 90 seconds left.\n|inactive|Kernal1 has 90 seconds left.\n|\n|t:|1771218510\n|switch|p1b: Incineroar|Incineroar, L78, M|276/276\n|-ability|p1b: Incineroar|Intimidate|boost\n|-fail|p2a: Oranguru|unboost|Attack|[from] ability: Inner Focus|[of] p2a: Oranguru\n|-unboost|p2b: Lumineon|atk|1\n|move|p2b: Lumineon|Icy Wind|p1a: Hitmonchan|[spread] p1a,p1b\n|-resisted|p1b: Incineroar\n|-damage|p1a: Hitmonchan|204/236\n|-damage|p1b: Incineroar|255/276\n|-unboost|p1a: Hitmonchan|spe|1\n|-unboost|p1b: Incineroar|spe|1\n|move|p1a: Hitmonchan|Coaching|p1b: Incineroar\n|-boost|p1b: Incineroar|atk|1\n|-boost|p1b: Incineroar|def|1\n|move|p2a: Oranguru|Psychic|p1a: Hitmonchan\n|-supereffective|p1a: Hitmonchan\n|-damage|p1a: Hitmonchan|52/236\n|-enditem|p1a: Hitmonchan|Sitrus Berry|[eat]\n|-heal|p1a: Hitmonchan|111/236|[from] item: Sitrus Berry\n|\n|-weather|SunnyDay|[upkeep]\n|upkeep\n|turn|5\n|inactive|J.archut has 90 seconds left.\n|inactive|J.archut has 60 seconds left.\n|\n|t:|1771218565\n|switch|p2a: Scovillain|Scovillain, L90, F|263/263\n|move|p2b: Lumineon|Hydro Pump|p1b: Incineroar\n|-supereffective|p1b: Incineroar\n|-damage|p1b: Incineroar|87/276\n|move|p1a: Hitmonchan|Close Combat|p2b: Lumineon\n|-damage|p2b: Lumineon|49/276\n|-unboost|p1a: Hitmonchan|def|1\n|-unboost|p1a: Hitmonchan|spd|1\n|-enditem|p2b: Lumineon|Sitrus Berry|[eat]\n|-heal|p2b: Lumineon|118/276|[from] item: Sitrus Berry\n|move|p1b: Incineroar|Knock Off|p2a: Scovillain\n|-damage|p2a: Scovillain|85/263\n|-enditem|p2a: Scovillain|Choice Scarf|[from] move: Knock Off|[of] p1b: Incineroar\n|\n|-weather|none\n|upkeep\n|turn|6\n|inactive|Kernal1 has 120 seconds left.\n|\n|t:|1771218597\n|move|p2b: Lumineon|Hydro Pump|p1b: Incineroar\n|-supereffective|p1b: Incineroar\n|-damage|p1b: Incineroar|0 fnt\n|faint|p1b: Incineroar\n|move|p2a: Scovillain|Burning Jealousy|p1a: Hitmonchan\n|-damage|p1a: Hitmonchan|0 fnt\n|faint|p1a: Hitmonchan\n|\n|upkeep\n|inactive|Kernal1 has 90 seconds left.\n|\n|t:|1771218617\n|switch|p1a: Spectrier|Spectrier, L77|281/281\n|switch|p1b: Basculin|Basculin, L87, M|264/264\n|turn|7\n|inactive|J.archut has 90 seconds left.\n|\n|t:|1771218648\n|switch|p2a: Oranguru|Oranguru, L90, F|239/308\n|move|p1a: Spectrier|Shadow Ball|p2b: Lumineon\n|-damage|p2b: Lumineon|0 fnt\n|faint|p2b: Lumineon\n|-ability|p1a: Spectrier|Grim Neigh|boost\n|-boost|p1a: Spectrier|spa|1\n|-damage|p1a: Spectrier|253/281|[from] item: Life Orb\n|move|p1b: Basculin|Wave Crash|p2a: Oranguru\n|-damage|p2a: Oranguru|0 fnt\n|faint|p2a: Oranguru\n|-damage|p1b: Basculin|185/264|[from] Recoil\n|\n|upkeep\n|inactive|J.archut has 60 seconds left.\n|\n|t:|1771218666\n|switch|p2b: Veluza|Veluza, L88, M|302/302\n|switch|p2a: Lokix|Lokix, L88, M|268/268\n|turn|8\n|\n|t:|1771218683\n|move|p1a: Spectrier|Protect|p1a: Spectrier\n|-singleturn|p1a: Spectrier|Protect\n|move|p2a: Lokix|First Impression|p1b: Basculin\n|-damage|p1b: Basculin|25/264\n|-damage|p2a: Lokix|242/268|[from] item: Life Orb\n|move|p2b: Veluza|Aqua Jet|p1b: Basculin\n|-resisted|p1b: Basculin\n|-damage|p1b: Basculin|0 fnt\n|faint|p1b: Basculin\n|\n|upkeep\n|\n|t:|1771218694\n|switch|p1b: Ninetales|Ninetales, L79, F|197/245\n|-weather|SunnyDay|[from] ability: Drought|[of] p1b: Ninetales\n|turn|9\n|inactive|J.archut has 90 seconds left.\n|l|☆Kernal1\n|inactive|Kernal1 disconnected and has a minute to reconnect!\n|player|p1|\n|j|☆Kernal1\n|inactive|Kernal1 reconnected.\n|player|p1|Kernal1|266|\n|inactive|J.archut has 60 seconds left.\n|n|☆Kernal1|kernal1\n|inactive|J.archut has 30 seconds left.\n|inactive|J.archut has 20 seconds left.\n|inactive|J.archut has 15 seconds left.\n|inactive|J.archut has 10 seconds left.\n|\n|t:|1771218782\n|switch|p1a: Lunala|Lunala, L71|312/312\n|move|p2b: Veluza|Aqua Jet|p1b: Ninetales\n|-supereffective|p1b: Ninetales\n|-damage|p1b: Ninetales|105/245\n|move|p2a: Lokix|Knock Off|p1a: Lunala\n|-supereffective|p1a: Lunala\n|-damage|p1a: Lunala|0 fnt\n|-enditem|p1a: Lunala|Leftovers|[from] move: Knock Off|[of] p2a: Lokix\n|faint|p1a: Lunala\n|-damage|p2a: Lokix|216/268|[from] item: Life Orb\n|move|p1b: Ninetales|Heat Wave|p2a: Lokix|[spread] p2b\n|-miss|p1b: Ninetales|p2a: Lokix\n|-resisted|p2b: Veluza\n|-damage|p2b: Veluza|234/302\n|-damage|p1b: Ninetales|81/245|[from] item: Life Orb\n|\n|-weather|SunnyDay|[upkeep]\n|upkeep\n|\n|t:|1771218794\n|switch|p1a: Spectrier|Spectrier, L77|253/281\n|turn|10\n|\n|t:|1771218804\n|-terastallize|p1a: Spectrier|Fighting\n|move|p1b: Ninetales|Protect|p1b: Ninetales\n|-singleturn|p1b: Ninetales|Protect\n|move|p2b: Veluza|Aqua Jet|p1b: Ninetales\n|-activate|p1b: Ninetales|move: Protect\n|move|p1a: Spectrier|Shadow Ball|p2b: Veluza\n|-supereffective|p2b: Veluza\n|-damage|p2b: Veluza|0 fnt\n|faint|p2b: Veluza\n|-ability|p1a: Spectrier|Grim Neigh|boost\n|-boost|p1a: Spectrier|spa|1\n|-damage|p1a: Spectrier|225/281|[from] item: Life Orb\n|move|p2a: Lokix|Knock Off|p1a: Spectrier\n|-resisted|p1a: Spectrier\n|-damage|p1a: Spectrier|20/281\n|-enditem|p1a: Spectrier|Life Orb|[from] move: Knock Off|[of] p2a: Lokix\n|-damage|p2a: Lokix|190/268|[from] item: Life Orb\n|\n|-weather|SunnyDay|[upkeep]\n|upkeep\n|\n|t:|1771218812\n|switch|p2b: Scovillain|Scovillain, L90, F|85/263\n|turn|11\n|inactive|J.archut has 60 seconds left.\n|\n|t:|1771218831\n|switch|p2a: Donphan|Donphan, L87, F|298/298\n|move|p1a: Spectrier|Protect|p1a: Spectrier\n|-singleturn|p1a: Spectrier|Protect\n|move|p2b: Scovillain|Burning Jealousy|p1b: Ninetales|[spread] p1b\n|-activate|p1a: Spectrier|move: Protect\n|-resisted|p1b: Ninetales\n|-damage|p1b: Ninetales|33/245\n|move|p1b: Ninetales|Heat Wave|p2b: Scovillain|[spread] p2a,p2b\n|-damage|p2a: Donphan|207/298\n|-damage|p2b: Scovillain|0 fnt\n|faint|p2b: Scovillain\n|-damage|p1b: Ninetales|9/245|[from] item: Life Orb\n|\n|-weather|SunnyDay|[upkeep]\n|upkeep\n|\n|t:|1771218834\n|switch|p2b: Lokix|Lokix, L88, M|190/268\n|turn|12\n|\n|t:|1771218842\n|move|p1a: Spectrier|Protect||[still]\n|-fail|p1a: Spectrier\n|move|p1b: Ninetales|Protect|p1b: Ninetales\n|-singleturn|p1b: Ninetales|Protect\n|move|p2b: Lokix|First Impression|p1a: Spectrier\n|-resisted|p1a: Spectrier\n|-damage|p1a: Spectrier|0 fnt\n|faint|p1a: Spectrier\n|-damage|p2b: Lokix|164/268|[from] item: Life Orb\n|move|p2a: Donphan|Ice Shard|p1b: Ninetales\n|-activate|p1b: Ninetales|move: Protect\n|\n|-weather|SunnyDay|[upkeep]\n|upkeep\n|turn|13\n|\n|t:|1771218855\n|move|p2a: Donphan|Ice Shard|p1b: Ninetales\n|-resisted|p1b: Ninetales\n|-damage|p1b: Ninetales|0 fnt\n|faint|p1b: Ninetales\n|\n|win|J.archut\n|raw|Kernal1's rating: 1564 &rarr; <strong>1547</strong><br />(-17 for losing)\n|raw|J.archut's rating: 1609 &rarr; <strong>1626</strong><br />(+17 for winning)\n|c|☆J.archut|Gg\n", "inputlog": ">version 686819e5e19f8a7fd2345cfc5a08a5085efa2cc3\n>start {\"formatid\":\"gen9randomdoublesbattle\",\"seed\":\"sodium,20540307902dde4beca3e681d7d2d352\",\"rated\":\"Rated battle\"}\n>player p1 {\"name\":\"Kernal1\",\"avatar\":\"266\",\"rating\":1564,\"seed\":\"sodium,41e1b949c5faba33f2e11b3b8be0a1ca\"}\n>player p2 {\"name\":\"J.archut\",\"avatar\":\"roughneck-gen4\",\"rating\":1609,\"seed\":\"sodium,f60bcba8bb2e53f06366969d16b722d0\"}\n>p1 move fakeout +2, switch 4\n>p2 move aquacutter +1, move hydropump +1\n>p1 move knockoff +1, move solarbeam +2\n>p2 switch 4, move encore +1 terastallize\n>p1 switch 5, move heatwave\n>p2 switch 5, move encore +2\n>p1 move coaching -2, switch 5\n>p2 move psychic +1, move icywind\n>p1 move closecombat +2, move knockoff +1\n>p2 switch 5, move hydropump +2\n>p1 move closecombat +2, move flareblitz +1\n>p2 move burningjealousy, move hydropump +2\n>p1 switch 3, switch 4\n>p1 move shadowball +2, move wavecrash +1\n>p2 switch 5, move icywind\n>p2 switch 6, switch 4\n>p1 move protect, move wavecrash +1\n>p2 move firstimpression +2, move aquajet +2\n>p1 pass, switch 5\n>p1 switch 6, move heatwave\n>p2 move knockoff +1, move aquajet +2\n>p1 switch 6, pass\n>p1 move shadowball +2 terastallize, move protect\n>p2 move knockoff +1, move aquajet +2\n>p2 pass, switch 5\n>p1 move protect, move heatwave\n>p2 switch 3, move burningjealousy\n>p2 pass, switch 3\n>p1 move protect, move protect\n>p2 move iceshard +2, move firstimpression +1\n>p1 pass, move heatwave\n>p2 move iceshard +2, move knockoff +2", "uploadtime": 1771218858, "views": 33, "formatid": "gen9randomdoublesbattle", "rating": 1547, "private": 0, "password": null}