{"id": "gen9randomdoublesbattle-2539245205", "format": "[Gen 9] Random Doubles Battle", "players": ["ignachase", "pixel_dragon9"], "log": "|j|☆ignachase\n|j|☆pixel_dragon9\n|t:|1771027821\n|gametype|doubles\n|player|p1|ignachase|doubleteam|1789\n|player|p2|pixel_dragon9|265|1728\n|gen|9\n|tier|[Gen 9] Random Doubles Battle\n|rated|\n|rule|Species Clause: Limit one of each Pokémon\n|rule|HP Percentage Mod: HP is shown in percentages\n|rule|Illusion Level Mod: Illusion disguises the Pokémon's true level\n|rule|Sleep Clause Mod: Limit one foe put to sleep\n|\n|t:|1771027821\n|teamsize|p1|6\n|teamsize|p2|6\n|start\n|switch|p1a: Snorlax|Snorlax, L84, M|406/406\n|switch|p1b: Hydreigon|Hydreigon, L82, M|285/285\n|switch|p2a: Flamigo|Flamigo, L84, F|275/275\n|switch|p2b: Eiscue|Eiscue, L89, M|278/278\n|turn|1\n|inactive|Battle timer is ON: inactive players will automatically lose when time's up. (requested by pixel_dragon9)\n|inactive|ignachase also wants the timer to be on.\n|c|☆ignachase|hf!\n|inactive|ignachase has 120 seconds left.\n|\n|t:|1771027861\n|move|p1b: Hydreigon|Protect|p1b: Hydreigon\n|-singleturn|p1b: Hydreigon|Protect\n|move|p2a: Flamigo|Close Combat|p1a: Snorlax\n|-supereffective|p1a: Snorlax\n|-damage|p1a: Snorlax|0 fnt\n|-unboost|p2a: Flamigo|def|1\n|-unboost|p2a: Flamigo|spd|1\n|faint|p1a: Snorlax\n|move|p2b: Eiscue|Belly Drum|p2b: Eiscue\n|-damage|p2b: Eiscue|139/278\n|-setboost|p2b: Eiscue|atk|6|[from] move: Belly Drum\n|-enditem|p2b: Eiscue|Sitrus Berry|[eat]\n|-heal|p2b: Eiscue|208/278|[from] item: Sitrus Berry\n|\n|upkeep\n|\n|t:|1771027868\n|switch|p1a: Galvantula|Galvantula, L85, M|258/258\n|turn|2\n|\n|t:|1771027891\n|move|p1a: Galvantula|Thunder|p2a: Flamigo\n|-supereffective|p2a: Flamigo\n|-damage|p2a: Flamigo|0 fnt\n|faint|p2a: Flamigo\n|move|p1b: Hydreigon|Draco Meteor|p2b: Eiscue\n|-damage|p2b: Eiscue|16/278\n|-unboost|p1b: Hydreigon|spa|2\n|-damage|p1b: Hydreigon|257/285|[from] item: Life Orb\n|move|p2b: Eiscue|Ice Spinner|p1b: Hydreigon\n|-supereffective|p1b: Hydreigon\n|-damage|p1b: Hydreigon|0 fnt\n|faint|p1b: Hydreigon\n|\n|upkeep\n|inactive|pixel_dragon9 has 120 seconds left.\n|\n|t:|1771027909\n|switch|p1b: Tauros|Tauros-Paldea-Blaze, L79, M|248/248\n|switch|p2a: Swanna|Swanna, L87, F|272/272\n|-ability|p1b: Tauros|Intimidate|boost\n|-unboost|p2a: Swanna|atk|1\n|-unboost|p2b: Eiscue|atk|1\n|turn|3\n|\n|t:|1771027920\n|-terastallize|p2a: Swanna|Ground\n|move|p2b: Eiscue|Protect|p2b: Eiscue\n|-singleturn|p2b: Eiscue|Protect\n|move|p1a: Galvantula|Volt Switch|p2b: Eiscue\n|-activate|p2b: Eiscue|move: Protect\n|move|p2a: Swanna|Tailwind|p2a: Swanna\n|-sidestart|p2: pixel_dragon9|move: Tailwind\n|move|p1b: Tauros|Bulk Up|p1b: Tauros\n|-boost|p1b: Tauros|atk|1\n|-boost|p1b: Tauros|def|1\n|\n|upkeep\n|turn|4\n|\n|t:|1771027940\n|switch|p1a: Vileplume|Vileplume, L89, F|278/278\n|move|p1b: Tauros|Protect|p1b: Tauros\n|-singleturn|p1b: Tauros|Protect\n|move|p2a: Swanna|Brave Bird|p1a: Vileplume\n|-supereffective|p1a: Vileplume\n|-damage|p1a: Vileplume|120/278\n|-enditem|p1a: Vileplume|Sitrus Berry|[eat]\n|-heal|p1a: Vileplume|189/278|[from] item: Sitrus Berry\n|-damage|p2a: Swanna|220/272|[from] Recoil\n|move|p2b: Eiscue|Liquidation|p1b: Tauros\n|-activate|p1b: Tauros|move: Protect\n|\n|upkeep\n|turn|5\n|\n|t:|1771027961\n|move|p2a: Swanna|Hydro Pump|p1b: Tauros\n|-supereffective|p1b: Tauros\n|-crit|p1b: Tauros\n|-damage|p1b: Tauros|0 fnt\n|faint|p1b: Tauros\n|move|p2b: Eiscue|Ice Spinner|p1a: Vileplume\n|-supereffective|p1a: Vileplume\n|-damage|p1a: Vileplume|0 fnt\n|faint|p1a: Vileplume\n|\n|upkeep\n|-message|ignachase forfeited.\n|\n|win|pixel_dragon9\n|raw|ignachase's rating: 1789 &rarr; <strong>1766</strong><br />(-23 for losing)\n|raw|pixel_dragon9's rating: 1728 &rarr; <strong>1751</strong><br />(+23 for winning)\n|l|☆ignachase\n|player|p1|\n", "inputlog": ">version ccdc32dd7cde25fd9e4bed64820e885f66e78a4e\n>start {\"formatid\":\"gen9randomdoublesbattle\",\"seed\":\"sodium,d7e3c583fb1d8031c42cda906d7b04b8\",\"rated\":\"Rated battle\"}\n>player p1 {\"name\":\"ignachase\",\"avatar\":\"doubleteam\",\"rating\":1789,\"seed\":\"sodium,bc794e5b02dd1e9b76ae705f7a24ca08\"}\n>player p2 {\"name\":\"pixel_dragon9\",\"avatar\":\"265\",\"rating\":1728,\"seed\":\"sodium,82c12fe124538e27be9aab8271e13364\"}\n>chat ☆ignachase|hf!\n>p1 move doubleedge +1, move protect\n>p2 move closecombat +1, move bellydrum\n>p1 switch 5, pass\n>p1 move thunder +1, move dracometeor +2\n>p2 move closecombat +1, move icespinner +2\n>p1 pass, switch 4\n>p2 switch 4, pass\n>p1 move voltswitch +2, move bulkup\n>p2 move tailwind terastallize, move protect\n>p1 switch 6, move protect\n>p2 move bravebird +1, move liquidation +2\n>p1 move sludgebomb +2, move closecombat +1\n>p2 move hydropump +2, move icespinner +1\n>forcelose p1", "uploadtime": 1771027967, "views": 77, "formatid": "gen9randomdoublesbattle", "rating": 1751, "private": 0, "password": null}