{"id": "gen9randomdoublesbattle-2539486279", "format": "[Gen 9] Random Doubles Battle", "players": ["Comrade Dicky", "crustytoejam"], "log": "|j|☆Comrade Dicky\n|j|☆crustytoejam\n|t:|1771068914\n|gametype|doubles\n|player|p1|Comrade Dicky|pokemonranger-gen4|1768\n|player|p2|crustytoejam|clown|1770\n|gen|9\n|tier|[Gen 9] Random Doubles Battle\n|rated|\n|rule|Species Clause: Limit one of each Pokémon\n|rule|HP Percentage Mod: HP is shown in percentages\n|rule|Illusion Level Mod: Illusion disguises the Pokémon's true level\n|rule|Sleep Clause Mod: Limit one foe put to sleep\n|\n|t:|1771068914\n|teamsize|p1|6\n|teamsize|p2|6\n|start\n|switch|p1a: Snorlax|Snorlax, L84, M|406/406\n|switch|p1b: Barraskewda|Barraskewda, L85, F|242/242\n|switch|p2a: Glimmora|Glimmora, L77, M|254/254\n|switch|p2b: Yanmega|Yanmega, L84, M|282/282\n|turn|1\n|inactive|Battle timer is ON: inactive players will automatically lose when time's up. (requested by crustytoejam)\n|inactive|Comrade Dicky has 120 seconds left.\n|\n|t:|1771068947\n|switch|p1b: Clawitzer|Clawitzer, L84, M|256/256\n|move|p2b: Yanmega|Protect|p2b: Yanmega\n|-singleturn|p2b: Yanmega|Protect\n|move|p2a: Glimmora|Spiky Shield|p2a: Glimmora\n|-singleturn|p2a: Glimmora|move: Protect\n|move|p1a: Snorlax|Curse|p1a: Snorlax\n|-unboost|p1a: Snorlax|spe|1\n|-boost|p1a: Snorlax|atk|1\n|-boost|p1a: Snorlax|def|1\n|\n|-ability|p2b: Yanmega|Speed Boost|boost\n|-boost|p2b: Yanmega|spe|1\n|upkeep\n|turn|2\n|\n|t:|1771068963\n|switch|p2a: Whimsicott|Whimsicott, L80, F|227/227\n|move|p2b: Yanmega|Air Slash|p1a: Snorlax|[miss]\n|-miss|p2b: Yanmega|p1a: Snorlax\n|move|p1b: Clawitzer|Muddy Water|p2b: Yanmega|[spread] p2a,p2b\n|-resisted|p2a: Whimsicott\n|-damage|p2a: Whimsicott|158/227\n|-damage|p2b: Yanmega|93/282\n|-unboost|p2b: Yanmega|accuracy|1\n|move|p1a: Snorlax|Body Slam|p2b: Yanmega\n|-damage|p2b: Yanmega|0 fnt\n|faint|p2b: Yanmega\n|\n|upkeep\n|\n|t:|1771068971\n|switch|p2b: Breloom|Breloom, L84, F|238/238\n|turn|3\n|\n|t:|1771068981\n|switch|p1b: Lurantis|Lurantis, L85, F|258/258\n|-terastallize|p1a: Snorlax|Ground\n|move|p2a: Whimsicott|Moonblast|p1b: Lurantis\n|-damage|p1b: Lurantis|183/258\n|-boost|p1b: Lurantis|spa|1\n|move|p2b: Breloom|Spore|p1a: Snorlax\n|-status|p1a: Snorlax|slp|[from] move: Spore\n|cant|p1a: Snorlax|slp\n|\n|upkeep\n|turn|4\n|\n|t:|1771069002\n|switch|p1a: Minior|Minior-Blue, L83|232/232\n|-formechange|p1a: Minior|Minior-Meteor||[from] ability: Shields Down\n|move|p2a: Whimsicott|Helping Hand|p2b: Breloom\n|-singleturn|p2b: Breloom|Helping Hand|[of] p2a: Whimsicott\n|move|p2b: Breloom|Bullet Seed|p1a: Minior\n|-damage|p1a: Minior|142/232\n|-damage|p1a: Minior|59/232\n|-hitcount|p1a: Minior|2\n|-damage|p2b: Breloom|215/238|[from] item: Life Orb\n|move|p1b: Lurantis|Superpower|p2b: Breloom\n|-damage|p2b: Breloom|114/238\n|-boost|p1b: Lurantis|atk|1\n|-boost|p1b: Lurantis|def|1\n|\n|-formechange|p1a: Minior|Minior-Blue||[from] ability: Shields Down\n|upkeep\n|turn|5\n|\n|t:|1771069025\n|move|p1a: Minior|Protect|p1a: Minior\n|-singleturn|p1a: Minior|Protect\n|move|p2a: Whimsicott|Moonblast|p1b: Lurantis\n|-damage|p1b: Lurantis|104/258\n|-boost|p1b: Lurantis|spa|1\n|-enditem|p1b: Lurantis|Sitrus Berry|[eat]\n|-heal|p1b: Lurantis|168/258|[from] item: Sitrus Berry\n|move|p2b: Breloom|Bullet Seed|p1a: Minior\n|-activate|p1a: Minior|move: Protect\n|move|p1b: Lurantis|Superpower|p2b: Breloom\n|-damage|p2b: Breloom|0 fnt\n|-boost|p1b: Lurantis|atk|1\n|-boost|p1b: Lurantis|def|1\n|faint|p2b: Breloom\n|\n|upkeep\n|\n|t:|1771069030\n|switch|p2b: Glimmora|Glimmora, L77, M|254/254\n|turn|6\n|inactive|Comrade Dicky has 120 seconds left.\n|inactive|Comrade Dicky has 90 seconds left.\n|\n|t:|1771069104\n|move|p2a: Whimsicott|Encore|p1b: Lurantis\n|-start|p1b: Lurantis|Encore\n|move|p1a: Minior|Acrobatics|p2a: Whimsicott\n|-supereffective|p2a: Whimsicott\n|-damage|p2a: Whimsicott|32/227\n|-enditem|p2a: Whimsicott|Sitrus Berry|[eat]\n|-heal|p2a: Whimsicott|88/227|[from] item: Sitrus Berry\n|move|p2b: Glimmora|Meteor Beam||[still]\n|-prepare|p2b: Glimmora|Meteor Beam\n|-boost|p2b: Glimmora|spa|1\n|-enditem|p2b: Glimmora|Power Herb\n|-anim|p2b: Glimmora|Meteor Beam|p1a: Minior\n|-supereffective|p1a: Minior\n|-crit|p1a: Minior\n|-damage|p1a: Minior|0 fnt\n|faint|p1a: Minior\n|move|p1b: Lurantis|Superpower|p2b: Glimmora\n|-damage|p2b: Glimmora|71/254\n|-boost|p1b: Lurantis|atk|1\n|-boost|p1b: Lurantis|def|1\n|-activate|p2b: Glimmora|ability: Toxic Debris\n|-sidestart|p1: Comrade Dicky|move: Toxic Spikes\n|\n|upkeep\n|\n|t:|1771069123\n|switch|p1a: Snorlax|Snorlax, L84, M, tera:Ground|406/406 slp\n|turn|7\n|inactive|Comrade Dicky has 90 seconds left.\n|\n|t:|1771069140\n|-terastallize|p2b: Glimmora|Ground\n|move|p2a: Whimsicott|Helping Hand|p2b: Glimmora\n|-singleturn|p2b: Glimmora|Helping Hand|[of] p2a: Whimsicott\n|move|p2b: Glimmora|Sludge Bomb|p1b: Lurantis\n|-supereffective|p1b: Lurantis\n|-damage|p1b: Lurantis|0 fnt\n|faint|p1b: Lurantis\n|cant|p1a: Snorlax|slp\n|\n|upkeep\n|inactive|Comrade Dicky has 90 seconds left.\n|inactive|Comrade Dicky has 60 seconds left.\n|\n|t:|1771069190\n|switch|p1b: Clawitzer|Clawitzer, L84, M|256/256\n|-status|p1b: Clawitzer|psn\n|turn|8\n|inactive|Comrade Dicky has 60 seconds left.\n|\n|t:|1771069210\n|move|p2a: Whimsicott|Helping Hand|p2b: Glimmora\n|-singleturn|p2b: Glimmora|Helping Hand|[of] p2a: Whimsicott\n|move|p2b: Glimmora|Earth Power|p1b: Clawitzer\n|-damage|p1b: Clawitzer|24/256 psn\n|move|p1b: Clawitzer|Muddy Water|p2b: Glimmora|[spread] p2a\n|-miss|p1b: Clawitzer|p2b: Glimmora\n|-resisted|p2a: Whimsicott\n|-damage|p2a: Whimsicott|10/227\n|cant|p1a: Snorlax|slp\n|\n|-damage|p1b: Clawitzer|0 fnt|[from] psn\n|faint|p1b: Clawitzer\n|upkeep\n|\n|t:|1771069228\n|switch|p1b: Greedent|Greedent, L86, F|347/347\n|-status|p1b: Greedent|psn\n|turn|9\n|inactive|Comrade Dicky has 60 seconds left.\n|\n|t:|1771069258\n|move|p2a: Whimsicott|Tailwind|p2a: Whimsicott\n|-sidestart|p2: crustytoejam|move: Tailwind\n|move|p2b: Glimmora|Earth Power|p1b: Greedent\n|-damage|p1b: Greedent|173/347 psn\n|-enditem|p1b: Greedent|Sitrus Berry|[eat]\n|-heal|p1b: Greedent|259/347 psn|[from] item: Sitrus Berry\n|-heal|p1b: Greedent|347/347 psn|[from] ability: Cheek Pouch\n|-curestatus|p1a: Snorlax|slp|[msg]\n|move|p1a: Snorlax|Body Slam|p2a: Whimsicott\n|-damage|p2a: Whimsicott|0 fnt\n|faint|p2a: Whimsicott\n|move|p1b: Greedent|Double-Edge|p2b: Glimmora\n|-damage|p2b: Glimmora|0 fnt\n|-activate|p2b: Glimmora|ability: Toxic Debris\n|-sidestart|p1: Comrade Dicky|move: Toxic Spikes\n|faint|p2b: Glimmora\n|-damage|p1b: Greedent|324/347 psn|[from] Recoil\n|\n|-damage|p1b: Greedent|281/347 psn|[from] psn\n|upkeep\n|\n|t:|1771069265\n|switch|p2a: Maushold|Maushold, L79|247/247\n|switch|p2b: Pelipper|Pelipper, L83, F|235/235\n|-weather|RainDance|[from] ability: Drizzle|[of] p2b: Pelipper\n|turn|10\n|inactive|Comrade Dicky has 60 seconds left.\n|\n|t:|1771069289\n|move|p2a: Maushold|Population Bomb|p1b: Greedent\n|-damage|p1b: Greedent|259/347 psn\n|-damage|p1b: Greedent|235/347 psn\n|-damage|p1b: Greedent|210/347 psn\n|-damage|p1b: Greedent|188/347 psn\n|-damage|p1b: Greedent|166/347 psn\n|-damage|p1b: Greedent|142/347 psn\n|-damage|p1b: Greedent|120/347 psn\n|-damage|p1b: Greedent|99/347 psn\n|-damage|p1b: Greedent|78/347 psn\n|-damage|p1b: Greedent|54/347 psn\n|-hitcount|p1b: Greedent|10\n|move|p2b: Pelipper|Muddy Water|p1a: Snorlax|[spread] p1a,p1b\n|-supereffective|p1a: Snorlax\n|-damage|p1a: Snorlax|242/406\n|-damage|p1b: Greedent|0 fnt\n|faint|p1b: Greedent\n|move|p1a: Snorlax|Body Slam|p2a: Maushold\n|-damage|p2a: Maushold|129/247\n|\n|-weather|RainDance|[upkeep]\n|upkeep\n|-message|Comrade Dicky forfeited.\n|\n|win|crustytoejam\n|raw|Comrade Dicky's rating: 1768 &rarr; <strong>1748</strong><br />(-20 for losing)\n|raw|crustytoejam's rating: 1770 &rarr; <strong>1790</strong><br />(+20 for winning)\n|l|☆Comrade Dicky\n|player|p1|\n", "inputlog": ">version ccdc32dd7cde25fd9e4bed64820e885f66e78a4e\n>start {\"formatid\":\"gen9randomdoublesbattle\",\"seed\":\"sodium,f8481ea1c66cce7096fa0a46ef9b5241\",\"rated\":\"Rated battle\"}\n>player p1 {\"name\":\"Comrade Dicky\",\"avatar\":\"pokemonranger-gen4\",\"rating\":1768,\"seed\":\"sodium,170fd7c50e5864dee8de75fae1382d97\"}\n>player p2 {\"name\":\"crustytoejam\",\"avatar\":\"clown\",\"rating\":1770,\"seed\":\"sodium,2a4648271428255dc5592689474bb1ef\"}\n>p1 move curse, switch 4\n>p2 move spikyshield, move protect\n>p1 move bodyslam +2, move muddywater\n>p2 switch 6, move airslash +1\n>p2 pass, switch 5\n>p1 move bodyslam +1 terastallize, switch 5\n>p2 move moonblast +2, move spore +1\n>p1 switch 3, move superpower +2\n>p2 move helpinghand -2, move bulletseed +1\n>p1 move protect, move superpower +2\n>p2 move moonblast +2, move bulletseed +1\n>p2 pass, switch 6\n>p1 move acrobatics +1, move leafblade +2\n>p2 move encore +2, move meteorbeam +1\n>p1 switch 3, pass\n>p1 move bodyslam +1, move superpower +2\n>p2 move helpinghand -2, move sludgebomb +2 terastallize\n>p1 pass, switch 5\n>p1 move bodyslam +1, move muddywater\n>p2 move helpinghand -2, move earthpower +2\n>p1 pass, switch 6\n>p1 move bodyslam +1, move doubleedge +2\n>p2 move tailwind, move earthpower +2\n>p2 switch 3, switch 4\n>p1 move bodyslam +1, move doubleedge +1\n>p2 move populationbomb +2, move muddywater\n>forcelose p1", "uploadtime": 1771069315, "views": 72, "formatid": "gen9randomdoublesbattle", "rating": 1748, "private": 0, "password": null}