{"id": "gen9randomdoublesbattle-2538750520", "format": "[Gen 9] Random Doubles Battle", "players": ["Shac1", "psych1corpsych0tic"], "log": "|j|☆Shac1\n|j|‽psych1corpsych0tic\n|t:|1770968169\n|gametype|doubles\n|player|p1|Shac1|wattson|1848\n|player|p2|psych1corpsych0tic|101|1905\n|gen|9\n|tier|[Gen 9] Random Doubles Battle\n|rated|\n|rule|Species Clause: Limit one of each Pokémon\n|rule|HP Percentage Mod: HP is shown in percentages\n|rule|Illusion Level Mod: Illusion disguises the Pokémon's true level\n|rule|Sleep Clause Mod: Limit one foe put to sleep\n|\n|t:|1770968169\n|teamsize|p1|6\n|teamsize|p2|6\n|start\n|switch|p1a: Hypno|Hypno, L95, F|315/315\n|switch|p1b: Snorlax|Snorlax, L84, M|406/406\n|switch|p2a: Arbok|Arbok, L88, M|249/249\n|switch|p2b: Zekrom|Zekrom, L74|270/270\n|-ability|p2a: Arbok|Intimidate|boost\n|-fail|p1a: Hypno|unboost|Attack|[from] ability: Inner Focus|[of] p1a: Hypno\n|-unboost|p1b: Snorlax|atk|1\n|-ability|p2b: Zekrom|Teravolt\n|turn|1\n|inactive|Battle timer is ON: inactive players will automatically lose when time's up. (requested by Shac1)\n|inactive|psych1corpsych0tic has 120 seconds left.\n|\n|t:|1770968249\n|switch|p2b: Ribombee|Ribombee, L86, M|243/243\n|switch|p1b: Rotom|Rotom, L90|236/236\n|move|p2a: Arbok|Knock Off|p1a: Hypno\n|-supereffective|p1a: Hypno\n|-damage|p1a: Hypno|171/315\n|-enditem|p1a: Hypno|Sitrus Berry|[from] move: Knock Off|[of] p2a: Arbok\n|move|p1a: Hypno|Psychic|p2a: Arbok\n|-supereffective|p2a: Arbok\n|-damage|p2a: Arbok|51/249\n|-enditem|p2a: Arbok|Sitrus Berry|[eat]\n|-heal|p2a: Arbok|113/249|[from] item: Sitrus Berry\n|\n|upkeep\n|turn|2\n|inactive|psych1corpsych0tic has 120 seconds left.\n|\n|t:|1770968279\n|switch|p2a: Magmar|Magmar, L84, M|246/246\n|move|p2b: Ribombee|Quiver Dance|p2b: Ribombee\n|-boost|p2b: Ribombee|spa|1\n|-boost|p2b: Ribombee|spd|1\n|-boost|p2b: Ribombee|spe|1\n|move|p1b: Rotom|Thunderbolt|p2a: Magmar\n|-damage|p2a: Magmar|139/246\n|-damage|p1b: Rotom|213/236|[from] item: Life Orb\n|move|p1a: Hypno|Psychic|p2a: Magmar\n|-damage|p2a: Magmar|67/246\n|\n|upkeep\n|turn|3\n|inactive|psych1corpsych0tic has 120 seconds left.\n|\n|t:|1770968321\n|move|p2b: Ribombee|Moonblast|p1a: Hypno\n|-damage|p1a: Hypno|11/315\n|-damage|p2b: Ribombee|219/243|[from] item: Life Orb\n|move|p1b: Rotom|Shadow Ball|p2a: Magmar\n|-damage|p2a: Magmar|0 fnt\n|faint|p2a: Magmar\n|-damage|p1b: Rotom|190/236|[from] item: Life Orb\n|move|p1a: Hypno|Encore|p2b: Ribombee\n|-start|p2b: Ribombee|Encore\n|\n|upkeep\n|inactive|psych1corpsych0tic has 90 seconds left.\n|\n|t:|1770968366\n|switch|p2a: Basculin|Basculin-Blue-Striped, L87, F|264/264\n|turn|4\n|inactive|psych1corpsych0tic has 90 seconds left.\n|\n|t:|1770968381\n|move|p2b: Ribombee|Moonblast|p1b: Rotom\n|-damage|p1b: Rotom|0 fnt\n|faint|p1b: Rotom\n|-damage|p2b: Ribombee|195/243|[from] item: Life Orb\n|move|p2a: Basculin|Flip Turn|p1a: Hypno\n|-damage|p1a: Hypno|0 fnt\n|faint|p1a: Hypno\n|\n|t:|1770968391\n|switch|p2a: Zekrom|Zekrom, L74|270/270|[from] Flip Turn\n|-ability|p2a: Zekrom|Teravolt\n|\n|upkeep\n|\n|t:|1770968407\n|switch|p1b: Snorlax|Snorlax, L84, M|406/406\n|switch|p1a: Skuntank|Skuntank, L85, M|314/314\n|turn|5\n|\n|t:|1770968429\n|switch|p2a: Arbok|Arbok, L88, M|113/249\n|-ability|p2a: Arbok|Intimidate|boost\n|-unboost|p1a: Skuntank|atk|1\n|-unboost|p1b: Snorlax|atk|1\n|-terastallize|p2b: Ribombee|Ground\n|move|p2b: Ribombee|Moonblast|p1a: Skuntank\n|-damage|p1a: Skuntank|44/314\n|-unboost|p1a: Skuntank|spa|1\n|-damage|p2b: Ribombee|171/243|[from] item: Life Orb\n|move|p1a: Skuntank|Gunk Shot|p2b: Ribombee\n|-resisted|p2b: Ribombee\n|-damage|p2b: Ribombee|94/243\n|-damage|p1a: Skuntank|13/314|[from] item: Life Orb\n|move|p1b: Snorlax|Double-Edge|p2a: Arbok\n|-damage|p2a: Arbok|0 fnt\n|faint|p2a: Arbok\n|-damage|p1b: Snorlax|369/406|[from] Recoil\n|\n|upkeep\n|inactive|psych1corpsych0tic has 90 seconds left.\n|\n|t:|1770968461\n|switch|p2a: Basculin|Basculin-Blue-Striped, L87, F|264/264\n|turn|6\n|inactive|psych1corpsych0tic has 90 seconds left.\n|inactive|Shac1 has 120 seconds left.\n|\n|t:|1770968507\n|move|p2b: Ribombee|Moonblast|p1b: Snorlax\n|-damage|p1b: Snorlax|201/406\n|-damage|p2b: Ribombee|70/243|[from] item: Life Orb\n|move|p2a: Basculin|Wave Crash|p1b: Snorlax\n|-damage|p1b: Snorlax|0 fnt\n|faint|p1b: Snorlax\n|-damage|p2a: Basculin|198/264|[from] Recoil\n|move|p1a: Skuntank|Gunk Shot|p2a: Basculin\n|-damage|p2a: Basculin|69/264\n|-status|p2a: Basculin|psn\n|-damage|p1a: Skuntank|0 fnt|[from] item: Life Orb\n|faint|p1a: Skuntank\n|\n|-damage|p2a: Basculin|36/264 psn|[from] psn\n|-end|p2b: Ribombee|Encore\n|upkeep\n|\n|t:|1770968519\n|switch|p1a: Greedent|Greedent, L86, M|347/347\n|switch|p1b: Exeggutor|Exeggutor-Alola, L87, F|307/307\n|turn|7\n|inactive|Shac1 has 120 seconds left.\n|inactive|psych1corpsych0tic has 90 seconds left.\n|\n|t:|1770968557\n|-terastallize|p1b: Exeggutor|Fire\n|move|p2b: Ribombee|Moonblast|p1b: Exeggutor\n|-resisted|p1b: Exeggutor\n|-damage|p1b: Exeggutor|190/307\n|-unboost|p1b: Exeggutor|spa|1\n|-damage|p2b: Ribombee|46/243|[from] item: Life Orb\n|move|p2a: Basculin|Wave Crash|p1b: Exeggutor\n|-supereffective|p1b: Exeggutor\n|-damage|p1b: Exeggutor|0 fnt\n|faint|p1b: Exeggutor\n|-damage|p2a: Basculin|0 fnt|[from] Recoil\n|faint|p2a: Basculin\n|move|p1a: Greedent|Double-Edge|p2b: Ribombee\n|-damage|p2b: Ribombee|0 fnt\n|faint|p2b: Ribombee\n|-damage|p1a: Greedent|332/347|[from] Recoil\n|\n|upkeep\n|\n|t:|1770968572\n|switch|p2b: Zekrom|Zekrom, L74|270/270\n|switch|p2a: Roaring Moon|Roaring Moon, L76|285/285\n|-ability|p2b: Zekrom|Teravolt\n|-enditem|p2a: Roaring Moon|Booster Energy\n|-activate|p2a: Roaring Moon|ability: Protosynthesis|[fromitem]\n|-start|p2a: Roaring Moon|protosynthesisatk\n|turn|8\n|inactive|Shac1 has 120 seconds left.\n|\n|t:|1770968602\n|move|p2a: Roaring Moon|Knock Off|p1a: Greedent\n|-damage|p1a: Greedent|190/347\n|-enditem|p1a: Greedent|Sitrus Berry|[from] move: Knock Off|[of] p2a: Roaring Moon\n|move|p2b: Zekrom|Dragon Claw|p1a: Greedent\n|-damage|p1a: Greedent|102/347\n|move|p1a: Greedent|Double-Edge|p2a: Roaring Moon\n|-damage|p2a: Roaring Moon|113/285\n|-damage|p1a: Greedent|45/347|[from] Recoil\n|\n|upkeep\n|turn|9\n|\n|t:|1770968614\n|move|p2a: Roaring Moon|Knock Off|p1a: Greedent\n|-damage|p1a: Greedent|0 fnt\n|faint|p1a: Greedent\n|\n|win|psych1corpsych0tic\n|raw|Shac1's rating: 1848 &rarr; <strong>1831</strong><br />(-17 for losing)\n|raw|psych1corpsych0tic's rating: 1905 &rarr; <strong>1922</strong><br />(+17 for winning)\n", "inputlog": ">version ccdc32dd7cde25fd9e4bed64820e885f66e78a4e\n>start {\"formatid\":\"gen9randomdoublesbattle\",\"seed\":\"sodium,9d836ecdc5216c399626ad196d5a611b\",\"rated\":\"Rated battle\"}\n>player p1 {\"name\":\"Shac1\",\"avatar\":\"wattson\",\"rating\":1848,\"seed\":\"sodium,447d1027052edbf5b6c475fd665cc391\"}\n>player p2 {\"name\":\"psych1corpsych0tic\",\"avatar\":\"101\",\"rating\":1905,\"seed\":\"sodium,e3c70e49fb55b2c1d3e4af90ee8e5aed\"}\n>p1 move psychic +1, switch 3\n>p2 move knockoff +1, switch 4\n>p1 move psychic +1, move thunderbolt +1\n>p2 switch 6, move quiverdance\n>p1 move encore +2, move shadowball +1\n>p2 move heatwave, move moonblast +1\n>p2 switch 5, pass\n>p1 move poisongas, move willowisp +1\n>p2 move flipturn +2, move moonblast +2\n>p2 switch 4, pass\n>p1 switch 5, switch 3\n>p1 move gunkshot +2, move doubleedge +1\n>p2 switch 6, move moonblast +1 terastallize\n>p2 switch 4, pass\n>p1 move gunkshot +1, move doubleedge +2\n>p2 move wavecrash +2, move moonblast +2\n>p1 switch 6, switch 4\n>p1 move doubleedge +1, move trickroom terastallize\n>p2 move wavecrash +2, move moonblast +2\n>p2 switch 3, switch 6\n>p1 move doubleedge +1, pass\n>p2 move knockoff +1, move dragonclaw +1\n>p1 move doubleedge +1, pass\n>p2 move knockoff +1, move dragonclaw +1", "uploadtime": 1770968624, "views": 74, "formatid": "gen9randomdoublesbattle", "rating": 1831, "private": 0, "password": null}