{"id": "gen9randomdoublesbattle-2535855696", "format": "[Gen 9] Random Doubles Battle", "players": ["diegoabga", "LazzarinoCominazzo"], "log": "|j|☆diegoabga\n|j|☆LazzarinoCominazzo\n|t:|1770621134\n|gametype|doubles\n|player|p1|diegoabga|102|1519\n|player|p2|LazzarinoCominazzo|169|1618\n|gen|9\n|tier|[Gen 9] Random Doubles Battle\n|rated|\n|rule|Species Clause: Limit one of each Pokémon\n|rule|HP Percentage Mod: HP is shown in percentages\n|rule|Illusion Level Mod: Illusion disguises the Pokémon's true level\n|rule|Sleep Clause Mod: Limit one foe put to sleep\n|\n|t:|1770621134\n|teamsize|p1|6\n|teamsize|p2|6\n|start\n|switch|p1a: Toxapex|Toxapex, L92, M|241/241\n|switch|p1b: Cryogonal|Cryogonal, L88|284/284\n|switch|p2a: Garchomp|Garchomp, L77, F|293/293\n|switch|p2b: Delphox|Delphox, L83, M|260/260\n|turn|1\n|inactive|Battle timer is ON: inactive players will automatically lose when time's up. (requested by diegoabga)\n|inactive|diegoabga has 120 seconds left.\n|\n|t:|1770621169\n|move|p2a: Garchomp|Protect|p2a: Garchomp\n|-singleturn|p2a: Garchomp|Protect\n|move|p1b: Cryogonal|Freeze-Dry|p2a: Garchomp\n|-activate|p2a: Garchomp|move: Protect\n|move|p2b: Delphox|Nasty Plot|p2b: Delphox\n|-boost|p2b: Delphox|spa|2\n|move|p1a: Toxapex|Toxic|p2b: Delphox\n|-status|p2b: Delphox|tox\n|\n|-damage|p2b: Delphox|244/260 tox|[from] psn\n|upkeep\n|turn|2\n|\n|t:|1770621196\n|switch|p2a: Skarmory|Skarmory, L85, M|249/249\n|move|p1a: Toxapex|Baneful Bunker|p1a: Toxapex\n|-singleturn|p1a: Toxapex|move: Protect\n|move|p1b: Cryogonal|Icy Wind|p2a: Skarmory|[spread] p2a,p2b\n|-resisted|p2b: Delphox\n|-damage|p2a: Skarmory|192/249\n|-damage|p2b: Delphox|223/260 tox\n|-unboost|p2a: Skarmory|spe|1\n|-unboost|p2b: Delphox|spe|1\n|move|p2b: Delphox|Psychic|p1a: Toxapex\n|-activate|p1a: Toxapex|move: Protect\n|\n|-heal|p2a: Skarmory|207/249|[from] item: Leftovers\n|-damage|p2b: Delphox|191/260 tox|[from] psn\n|upkeep\n|turn|3\n|\n|t:|1770621223\n|switch|p1b: Thundurus|Thundurus, L79, M|254/254\n|switch|p1a: Chimecho|Chimecho, L94, M|293/293\n|move|p2b: Delphox|Heat Wave|p1a: Chimecho|[spread] p1a,p1b\n|-damage|p1a: Chimecho|97/293\n|-damage|p1b: Thundurus|0 fnt\n|-status|p1a: Chimecho|brn\n|-enditem|p1a: Chimecho|Sitrus Berry|[eat]\n|-heal|p1a: Chimecho|170/293 brn|[from] item: Sitrus Berry\n|faint|p1b: Thundurus\n|-damage|p2b: Delphox|165/260 tox|[from] item: Life Orb\n|move|p2a: Skarmory|Iron Defense|p2a: Skarmory\n|-boost|p2a: Skarmory|def|2\n|\n|-heal|p2a: Skarmory|222/249|[from] item: Leftovers\n|-damage|p2b: Delphox|117/260 tox|[from] psn\n|-damage|p1a: Chimecho|152/293 brn|[from] brn\n|upkeep\n|inactive|diegoabga has 120 seconds left.\n|\n|t:|1770621241\n|switch|p1b: Zamazenta|Zamazenta-Crowned, L67|235/235\n|-ability|p1b: Zamazenta|Dauntless Shield|boost\n|-boost|p1b: Zamazenta|def|1\n|turn|4\n|\n|t:|1770621250\n|move|p2a: Skarmory|Protect|p2a: Skarmory\n|-singleturn|p2a: Skarmory|Protect\n|move|p1b: Zamazenta|Wide Guard|p1b: Zamazenta\n|-singleturn|p1b: Zamazenta|Wide Guard\n|move|p1a: Chimecho|Encore|p2a: Skarmory\n|-activate|p2a: Skarmory|move: Protect\n|move|p2b: Delphox|Heat Wave|p1b: Zamazenta|[spread] \n|-activate|p1a: Chimecho|move: Wide Guard\n|-activate|p1b: Zamazenta|move: Wide Guard\n|\n|-heal|p2a: Skarmory|237/249|[from] item: Leftovers\n|-damage|p2b: Delphox|53/260 tox|[from] psn\n|-damage|p1a: Chimecho|134/293 brn|[from] brn\n|upkeep\n|turn|5\n|inactive|diegoabga has 120 seconds left.\n|\n|t:|1770621290\n|switch|p2b: Scovillain|Scovillain, L90, M|263/263\n|switch|p2a: Garchomp|Garchomp, L77, F|293/293\n|move|p1b: Zamazenta|Heavy Slam|p2b: Scovillain\n|-resisted|p2b: Scovillain\n|-damage|p2b: Scovillain|212/263\n|move|p1a: Chimecho|Encore||[still]\n|-fail|p1a: Chimecho\n|\n|-damage|p1a: Chimecho|116/293 brn|[from] brn\n|upkeep\n|turn|6\n|inactive|diegoabga has 120 seconds left.\n|\n|t:|1770621314\n|switch|p1b: Cryogonal|Cryogonal, L88|284/284\n|move|p2a: Garchomp|Scale Shot|p1a: Chimecho\n|-damage|p1a: Chimecho|86/293 brn\n|-damage|p1a: Chimecho|58/293 brn\n|-damage|p1a: Chimecho|31/293 brn\n|-damage|p1a: Chimecho|1/293 brn\n|-hitcount|p1a: Chimecho|4\n|-unboost|p2a: Garchomp|def|1\n|-boost|p2a: Garchomp|spe|1\n|move|p2b: Scovillain|Fire Blast|p1b: Cryogonal\n|-supereffective|p1b: Cryogonal\n|-damage|p1b: Cryogonal|66/284\n|-enditem|p1b: Cryogonal|Sitrus Berry|[eat]\n|-heal|p1b: Cryogonal|137/284|[from] item: Sitrus Berry\n|move|p1a: Chimecho|Thunder Wave|p2b: Scovillain\n|-status|p2b: Scovillain|par\n|\n|-damage|p1a: Chimecho|0 fnt|[from] brn\n|faint|p1a: Chimecho\n|upkeep\n|inactive|diegoabga has 120 seconds left.\n|\n|t:|1770621337\n|switch|p1a: Toxapex|Toxapex, L92, M|241/241\n|turn|7\n|inactive|diegoabga has 120 seconds left.\n|\n|t:|1770621362\n|move|p2b: Scovillain|Rage Powder|p2b: Scovillain\n|-singleturn|p2b: Scovillain|move: Rage Powder\n|move|p2a: Garchomp|Swords Dance|p2a: Garchomp\n|-boost|p2a: Garchomp|atk|2\n|move|p1b: Cryogonal|Icy Wind|p2a: Garchomp|[spread] p2a,p2b\n|-supereffective|p2a: Garchomp\n|-damage|p2a: Garchomp|77/293\n|-damage|p2b: Scovillain|160/263 par\n|-unboost|p2a: Garchomp|spe|1\n|-unboost|p2b: Scovillain|spe|1\n|move|p1a: Toxapex|Toxic||[still]\n|-fail|p1a: Toxapex\n|\n|upkeep\n|turn|8\n|inactive|diegoabga has 120 seconds left.\n|\n|t:|1770621378\n|move|p2a: Garchomp|Protect|p2a: Garchomp\n|-singleturn|p2a: Garchomp|Protect\n|move|p1a: Toxapex|Baneful Bunker|p1a: Toxapex\n|-singleturn|p1a: Toxapex|move: Protect\n|move|p1b: Cryogonal|Icy Wind|p2a: Garchomp|[spread] p2b\n|-activate|p2a: Garchomp|move: Protect\n|-damage|p2b: Scovillain|109/263 par\n|-unboost|p2b: Scovillain|spe|1\n|-enditem|p2b: Scovillain|Sitrus Berry|[eat]\n|-heal|p2b: Scovillain|174/263 par|[from] item: Sitrus Berry\n|move|p2b: Scovillain|Fire Blast|p1b: Cryogonal|[miss]\n|-miss|p2b: Scovillain|p1b: Cryogonal\n|\n|upkeep\n|turn|9\n|inactive|diegoabga has 120 seconds left.\n|\n|t:|1770621400\n|switch|p2a: Skarmory|Skarmory, L85, M|237/249\n|move|p1b: Cryogonal|Icy Wind|p2a: Skarmory|[spread] p2a,p2b\n|-damage|p2a: Skarmory|185/249\n|-damage|p2b: Scovillain|123/263 par\n|-unboost|p2a: Skarmory|spe|1\n|-unboost|p2b: Scovillain|spe|1\n|move|p1a: Toxapex|Infestation|p2a: Skarmory\n|-resisted|p2a: Skarmory\n|-damage|p2a: Skarmory|182/249\n|-activate|p2a: Skarmory|move: Infestation|[of] p1a: Toxapex\n|move|p2b: Scovillain|Fire Blast|p1b: Cryogonal\n|-supereffective|p1b: Cryogonal\n|-damage|p1b: Cryogonal|0 fnt\n|faint|p1b: Cryogonal\n|\n|-heal|p2a: Skarmory|197/249|[from] item: Leftovers\n|-damage|p2a: Skarmory|166/249|[from] move: Infestation|[partiallytrapped]\n|upkeep\n|inactive|diegoabga has 120 seconds left.\n|\n|t:|1770621416\n|switch|p1b: Terapagos|Terapagos, L73, F|252/252\n|-activate|p1b: Terapagos|ability: Tera Shift\n|detailschange|p1b: Terapagos|Terapagos-Terastal, L73, F\n|-heal|p1b: Terapagos|259/259|[silent]\n|turn|10\n|inactive|diegoabga has 120 seconds left.\n|\n|t:|1770621437\n|move|p1b: Terapagos|Protect|p1b: Terapagos\n|-singleturn|p1b: Terapagos|Protect\n|move|p1a: Toxapex|Infestation|p2b: Scovillain\n|-damage|p2b: Scovillain|110/263 par\n|-activate|p2b: Scovillain|move: Infestation|[of] p1a: Toxapex\n|move|p2a: Skarmory|Brave Bird|p1b: Terapagos\n|-activate|p1b: Terapagos|move: Protect\n|move|p2b: Scovillain|Fire Blast|p1b: Terapagos\n|-activate|p1b: Terapagos|move: Protect\n|\n|-heal|p2a: Skarmory|181/249|[from] item: Leftovers\n|-damage|p2a: Skarmory|150/249|[from] move: Infestation|[partiallytrapped]\n|-damage|p2b: Scovillain|78/263 par|[from] move: Infestation|[partiallytrapped]\n|upkeep\n|turn|11\n|inactive|diegoabga has 120 seconds left.\n|\n|t:|1770621463\n|switch|p1a: Zamazenta|Zamazenta-Crowned, L67|235/235\n|cant|p2b: Scovillain|par\n|move|p1b: Terapagos|Meteor Beam||[still]\n|-prepare|p1b: Terapagos|Meteor Beam\n|-boost|p1b: Terapagos|spa|1\n|-enditem|p1b: Terapagos|Power Herb\n|-anim|p1b: Terapagos|Meteor Beam|p2b: Scovillain\n|-supereffective|p2b: Scovillain\n|-damage|p2b: Scovillain|0 fnt\n|faint|p2b: Scovillain\n|move|p2a: Skarmory|Brave Bird|p1b: Terapagos\n|-activate|p1b: Terapagos|ability: Tera Shell\n|-resisted|p1b: Terapagos\n|-damage|p1b: Terapagos|203/259\n|-damage|p2a: Skarmory|132/249|[from] Recoil\n|\n|-heal|p2a: Skarmory|147/249|[from] item: Leftovers\n|-end|p2a: Skarmory|Infestation|[partiallytrapped]|[silent]\n|upkeep\n|inactive|LazzarinoCominazzo has 120 seconds left.\n|\n|t:|1770621487\n|switch|p2b: Koraidon|Koraidon, L66|242/242\n|-weather|SunnyDay|[from] ability: Orichalcum Pulse|[of] p2b: Koraidon\n|-activate|p2b: Koraidon|Orichalcum Pulse|[source]\n|turn|12\n|\n|t:|1770621500\n|switch|p1a: Toxapex|Toxapex, L92, M|241/241\n|-terastallize|p2b: Koraidon|Fire\n|-terastallize|p1b: Terapagos|Stellar\n|detailschange|p1b: Terapagos|Terapagos-Stellar, L73, F, tera:Stellar\n|-heal|p1b: Terapagos|298/354|[silent]\n|-ability|p1b: Terapagos|Teraform Zero\n|-weather|none\n|move|p2b: Koraidon|Collision Course|p1b: Terapagos\n|-supereffective|p1b: Terapagos\n|-damage|p1b: Terapagos|9/354\n|-damage|p2b: Koraidon|218/242|[from] item: Life Orb\n|move|p1b: Terapagos|Tera Starstorm|p2a: Skarmory|[spread] p2a,p2b\n|-supereffective|p2b: Koraidon\n|-damage|p2a: Skarmory|7/249\n|-damage|p2b: Koraidon|0 fnt\n|faint|p2b: Koraidon\n|move|p2a: Skarmory|Iron Defense|p2a: Skarmory\n|-boost|p2a: Skarmory|def|2\n|\n|-heal|p2a: Skarmory|22/249|[from] item: Leftovers\n|upkeep\n|\n|t:|1770621524\n|switch|p2b: Garchomp|Garchomp, L77, F|77/293\n|turn|13\n|\n|t:|1770621537\n|move|p1b: Terapagos|Protect|p1b: Terapagos\n|-singleturn|p1b: Terapagos|Protect\n|move|p2b: Garchomp|Earthquake|p1b: Terapagos|[spread] p1a\n|-activate|p1b: Terapagos|move: Protect\n|-immune|p2a: Skarmory\n|-supereffective|p1a: Toxapex\n|-damage|p1a: Toxapex|139/241\n|move|p1a: Toxapex|Toxic|p2b: Garchomp\n|-status|p2b: Garchomp|tox\n|move|p2a: Skarmory|Brave Bird|p1a: Toxapex\n|-damage|p1a: Toxapex|75/241\n|-damage|p2a: Skarmory|1/249|[from] Recoil\n|\n|-heal|p1a: Toxapex|90/241|[from] item: Leftovers\n|-heal|p2a: Skarmory|16/249|[from] item: Leftovers\n|-damage|p2b: Garchomp|59/293 tox|[from] psn\n|upkeep\n|turn|14\n|\n|t:|1770621564\n|move|p1a: Toxapex|Baneful Bunker|p1a: Toxapex\n|-singleturn|p1a: Toxapex|move: Protect\n|move|p2b: Garchomp|Earthquake|p1b: Terapagos|[spread] p1b\n|-activate|p1a: Toxapex|move: Protect\n|-immune|p2a: Skarmory\n|-damage|p1b: Terapagos|0 fnt\n|faint|p1b: Terapagos\n|detailschange|p1: Terapagos|Terapagos, L73, F|[silent]\n|move|p2a: Skarmory|Brave Bird|p1a: Toxapex\n|-activate|p1a: Toxapex|move: Protect\n|\n|-heal|p1a: Toxapex|105/241|[from] item: Leftovers\n|-heal|p2a: Skarmory|31/249|[from] item: Leftovers\n|-damage|p2b: Garchomp|23/293 tox|[from] psn\n|upkeep\n|\n|t:|1770621579\n|switch|p1b: Zamazenta|Zamazenta-Crowned, L67|235/235\n|turn|15\n|\n|t:|1770621594\n|move|p1b: Zamazenta|Body Press|p2b: Garchomp\n|-damage|p2b: Garchomp|0 fnt\n|-damage|p1b: Zamazenta|206/235|[from] ability: Rough Skin|[of] p2b: Garchomp\n|faint|p2b: Garchomp\n|move|p1a: Toxapex|Recover|p1a: Toxapex\n|-heal|p1a: Toxapex|226/241\n|move|p2a: Skarmory|Body Press|p1b: Zamazenta\n|-supereffective|p1b: Zamazenta\n|-damage|p1b: Zamazenta|0 fnt\n|faint|p1b: Zamazenta\n|\n|-heal|p1a: Toxapex|241/241|[from] item: Leftovers\n|-heal|p2a: Skarmory|46/249|[from] item: Leftovers\n|upkeep\n|\n|t:|1770621612\n|switch|p2b: Gumshoos|Gumshoos, L93, M|315/315\n|turn|16\n|\n|t:|1770621621\n|move|p2b: Gumshoos|Double-Edge|p1a: Toxapex\n|-damage|p1a: Toxapex|37/241\n|-damage|p2b: Gumshoos|248/315|[from] Recoil\n|move|p1a: Toxapex|Toxic|p2b: Gumshoos\n|-status|p2b: Gumshoos|tox\n|move|p2a: Skarmory|Brave Bird|p1a: Toxapex\n|-damage|p1a: Toxapex|0 fnt\n|faint|p1a: Toxapex\n|-damage|p2a: Skarmory|34/249|[from] Recoil\n|\n|win|LazzarinoCominazzo\n|raw|diegoabga's rating: 1519 &rarr; <strong>1505</strong><br />(-14 for losing)\n|raw|LazzarinoCominazzo's rating: 1618 &rarr; <strong>1632</strong><br />(+14 for winning)\n|l|☆diegoabga\n|player|p1|\n", "inputlog": ">version ccdc32dd7cde25fd9e4bed64820e885f66e78a4e\n>start {\"formatid\":\"gen9randomdoublesbattle\",\"seed\":\"sodium,c07eed4fb17c475f89da16fef9e36524\",\"rated\":\"Rated battle\"}\n>player p1 {\"name\":\"diegoabga\",\"avatar\":\"102\",\"rating\":1519,\"seed\":\"sodium,d313904c81db1981a42d9b6d3b3ee0dd\"}\n>player p2 {\"name\":\"LazzarinoCominazzo\",\"avatar\":\"169\",\"rating\":1618,\"seed\":\"sodium,c4a0b792ea8a42802eef378bdaed23b8\"}\n>p1 move toxic +2, move freezedry +1\n>p2 move protect, move nastyplot\n>p1 move banefulbunker, move icywind\n>p2 switch 4, move psychic +1\n>p1 switch 5, switch 4\n>p2 move irondefense, move heatwave\n>p1 pass, switch 3\n>p1 move encore +1, move wideguard\n>p2 move protect, move heatwave\n>p1 move encore +1, move heavyslam +2\n>p2 switch 4, switch 6\n>p1 move thunderwave +2, switch 4\n>p2 move scaleshot +1, move fireblast +2\n>p1 switch 5, pass\n>p1 move toxic +1, move icywind\n>p2 move swordsdance, move ragepowder\n>p1 move banefulbunker, move icywind\n>p2 move protect, move fireblast +2\n>p1 move infestation +1, move icywind\n>p2 switch 4, move fireblast +2\n>p1 pass, switch 6\n>p1 move infestation +2, move protect\n>p2 move bravebird +2, move fireblast +2\n>p1 switch 4, move meteorbeam +2\n>p2 move bravebird +2, move ragepowder\n>p2 pass, switch 3\n>p1 switch 4, move terastarstorm +2 terastallize\n>p2 move irondefense, move collisioncourse +2 terastallize\n>p2 pass, switch 4\n>p1 move toxic +2, move protect\n>p2 move bravebird +1, move earthquake\n>p1 move banefulbunker, move terastarstorm\n>p2 move bravebird +1, move earthquake\n>p1 pass, switch 4\n>p1 move recover, move bodypress +2\n>p2 move bodypress +2, move earthquake\n>p2 pass, switch 5\n>p1 move toxic +2, pass\n>p2 move bravebird +1, move doubleedge +1", "uploadtime": 1770621645, "views": 84, "formatid": "gen9randomdoublesbattle", "rating": 1505, "private": 0, "password": null}