{"id": "gen9randomdoublesbattle-2539508776", "format": "[Gen 9] Random Doubles Battle", "players": ["Jumong", "terratron"], "log": "|j|☆Jumong\n|j|☆terratron\n|t:|1771073049\n|gametype|doubles\n|player|p1|Jumong|brock|1577\n|player|p2|terratron|bruno|1580\n|gen|9\n|tier|[Gen 9] Random Doubles Battle\n|rated|\n|rule|Species Clause: Limit one of each Pokémon\n|rule|HP Percentage Mod: HP is shown in percentages\n|rule|Illusion Level Mod: Illusion disguises the Pokémon's true level\n|rule|Sleep Clause Mod: Limit one foe put to sleep\n|\n|t:|1771073049\n|teamsize|p1|6\n|teamsize|p2|6\n|start\n|switch|p1a: Wo-Chien|Wo-Chien, L85|283/283\n|switch|p1b: Yanmega|Yanmega, L84, F|282/282\n|switch|p2a: Murkrow|Murkrow, L90, F|254/254\n|switch|p2b: Gothitelle|Gothitelle, L90, F|272/272\n|-ability|p1a: Wo-Chien|Tablets of Ruin\n|turn|1\n|inactive|Battle timer is ON: inactive players will automatically lose when time's up. (requested by terratron)\n|inactive|terratron has 120 seconds left.\n|c|☆terratron|Glhf\n|inactive|Jumong has 120 seconds left.\n|inactive|Jumong has 90 seconds left.\n|inactive|terratron has 90 seconds left.\n|\n|t:|1771073121\n|switch|p2a: Seviper|Seviper, L96, M|296/296\n|move|p1b: Yanmega|Bug Buzz|p2b: Gothitelle\n|-supereffective|p2b: Gothitelle\n|-damage|p2b: Gothitelle|26/272\n|-enditem|p2b: Gothitelle|Sitrus Berry|[eat]\n|-heal|p2b: Gothitelle|94/272|[from] item: Sitrus Berry\n|move|p1a: Wo-Chien|Pollen Puff|p2b: Gothitelle\n|-supereffective|p2b: Gothitelle\n|-damage|p2b: Gothitelle|0 fnt\n|faint|p2b: Gothitelle\n|\n|upkeep\n|\n|t:|1771073143\n|switch|p2b: Murkrow|Murkrow, L90, F|254/254\n|turn|2\n|\n|t:|1771073162\n|switch|p1b: Overqwil|Overqwil, L82, F|274/274\n|-ability|p1b: Overqwil|Intimidate|boost\n|-unboost|p2a: Seviper|atk|1\n|-unboost|p2b: Murkrow|atk|1\n|move|p1a: Wo-Chien|Protect|p1a: Wo-Chien\n|-singleturn|p1a: Wo-Chien|Protect\n|move|p2b: Murkrow|Tailwind|p2b: Murkrow\n|-sidestart|p2: terratron|move: Tailwind\n|move|p2a: Seviper|Flamethrower|p1a: Wo-Chien\n|-activate|p1a: Wo-Chien|move: Protect\n|\n|upkeep\n|turn|3\n|l|☆terratron\n|inactive|terratron disconnected and has a minute to reconnect!\n|player|p2|\n|j|☆terratron\n|inactive|terratron reconnected and has 110 seconds left.\n|player|p2|terratron|bruno|\n|inactive|terratron has 90 seconds left.\n|\n|t:|1771073227\n|switch|p2b: Eternatus|Eternatus, L70|312/312\n|-ability|p2b: Eternatus|Pressure\n|move|p2a: Seviper|Flamethrower|p1a: Wo-Chien\n|-supereffective|p1a: Wo-Chien\n|-damage|p1a: Wo-Chien|130/283\n|-enditem|p1a: Wo-Chien|Sitrus Berry|[eat]\n|-heal|p1a: Wo-Chien|200/283|[from] item: Sitrus Berry\n|-damage|p2a: Seviper|267/296|[from] item: Life Orb\n|move|p1b: Overqwil|Swords Dance|p1b: Overqwil\n|-boost|p1b: Overqwil|atk|2\n|move|p1a: Wo-Chien|Knock Off|p2b: Eternatus\n|-damage|p2b: Eternatus|200/312\n|-enditem|p2b: Eternatus|Power Herb|[from] move: Knock Off|[of] p1a: Wo-Chien\n|\n|upkeep\n|turn|4\n|inactive|Jumong has 120 seconds left.\n|\n|t:|1771073270\n|switch|p2a: Murkrow|Murkrow, L90, F|254/254\n|move|p2b: Eternatus|Fire Blast|p1a: Wo-Chien\n|-supereffective|p1a: Wo-Chien\n|-damage|p1a: Wo-Chien|86/283\n|move|p1b: Overqwil|Crunch|p2b: Eternatus\n|-damage|p2b: Eternatus|5/312\n|-damage|p1b: Overqwil|247/274|[from] item: Life Orb\n|move|p1a: Wo-Chien|Leech Seed|p2b: Eternatus\n|-start|p2b: Eternatus|move: Leech Seed\n|\n|-damage|p2b: Eternatus|0 fnt|[from] Leech Seed|[of] p1a: Wo-Chien\n|-heal|p1a: Wo-Chien|91/283|[silent]\n|faint|p2b: Eternatus\n|upkeep\n|inactive|terratron has 90 seconds left.\n|inactive|terratron has 60 seconds left.\n|inactive|terratron has 30 seconds left.\n|\n|t:|1771073360\n|switch|p2b: Seviper|Seviper, L96, M|267/296\n|turn|5\n|\n|t:|1771073368\n|move|p1a: Wo-Chien|Protect|p1a: Wo-Chien\n|-singleturn|p1a: Wo-Chien|Protect\n|move|p2a: Murkrow|Haze|p2a: Murkrow\n|-clearallboost\n|move|p2b: Seviper|Flamethrower|p1a: Wo-Chien\n|-activate|p1a: Wo-Chien|move: Protect\n|move|p1b: Overqwil|Liquidation|p2b: Seviper\n|-damage|p2b: Seviper|196/296\n|-damage|p1b: Overqwil|220/274|[from] item: Life Orb\n|\n|-sideend|p2: terratron|move: Tailwind\n|upkeep\n|turn|6\n|inactive|terratron has 60 seconds left.\n|inactive|Jumong has 120 seconds left.\n|inactive|terratron has 30 seconds left.\n|\n|t:|1771073419\n|switch|p1a: Alcremie|Alcremie-Lemon-Cream, L90, F|263/263\n|move|p2a: Murkrow|Tailwind|p2a: Murkrow\n|-sidestart|p2: terratron|move: Tailwind\n|move|p2b: Seviper|Flamethrower|p1a: Alcremie\n|-damage|p1a: Alcremie|185/263\n|-damage|p2b: Seviper|167/296|[from] item: Life Orb\n|move|p1b: Overqwil|Gunk Shot|p2a: Murkrow\n|-damage|p2a: Murkrow|73/254\n|-damage|p1b: Overqwil|193/274|[from] item: Life Orb\n|\n|upkeep\n|turn|7\n|inactive|Jumong has 120 seconds left.\n|\n|t:|1771073439\n|switch|p2a: Meloetta|Meloetta, L80|291/291\n|move|p1a: Alcremie|Protect|p1a: Alcremie\n|-singleturn|p1a: Alcremie|Protect\n|move|p2b: Seviper|Gunk Shot|p1a: Alcremie\n|-activate|p1a: Alcremie|move: Protect\n|move|p1b: Overqwil|Liquidation|p2a: Meloetta\n|-damage|p2a: Meloetta|197/291\n|-damage|p1b: Overqwil|166/274|[from] item: Life Orb\n|\n|upkeep\n|turn|8\n|inactive|terratron has 60 seconds left.\n|inactive|Jumong has 120 seconds left.\n|\n|t:|1771073468\n|switch|p1a: Wo-Chien|Wo-Chien, L85|91/283\n|-ability|p1a: Wo-Chien|Tablets of Ruin\n|move|p2a: Meloetta|Hyper Voice|p1a: Wo-Chien|[spread] p1a,p1b\n|-damage|p1a: Wo-Chien|21/283\n|-damage|p1b: Overqwil|33/274\n|-damage|p2a: Meloetta|168/291|[from] item: Life Orb\n|move|p2b: Seviper|Gunk Shot|p1a: Wo-Chien\n|-supereffective|p1a: Wo-Chien\n|-damage|p1a: Wo-Chien|0 fnt\n|faint|p1a: Wo-Chien\n|-damage|p2b: Seviper|138/296|[from] item: Life Orb\n|move|p1b: Overqwil|Crunch|p2b: Seviper\n|-damage|p2b: Seviper|0 fnt\n|faint|p2b: Seviper\n|-damage|p1b: Overqwil|6/274|[from] item: Life Orb\n|\n|upkeep\n|\n|t:|1771073495\n|switch|p2b: Murkrow|Murkrow, L90, F|73/254\n|switch|p1a: Serperior|Serperior, L80, F|251/251\n|turn|9\n|inactive|terratron has 60 seconds left.\n|\n|t:|1771073512\n|-terastallize|p1a: Serperior|Dragon\n|move|p2b: Murkrow|Brave Bird|p1a: Serperior\n|-damage|p1a: Serperior|119/251\n|-damage|p2b: Murkrow|29/254|[from] Recoil\n|move|p2a: Meloetta|Hyper Voice|p1a: Serperior|[spread] p1a,p1b\n|-crit|p1a: Serperior\n|-damage|p1a: Serperior|0 fnt\n|-damage|p1b: Overqwil|0 fnt\n|faint|p1a: Serperior\n|faint|p1b: Overqwil\n|-damage|p2a: Meloetta|139/291|[from] item: Life Orb\n|\n|-sideend|p2: terratron|move: Tailwind\n|upkeep\n|inactive|Jumong has 90 seconds left.\n|\n|t:|1771073539\n|switch|p1a: Alcremie|Alcremie-Lemon-Cream, L90, F|185/263\n|switch|p1b: Barraskewda|Barraskewda, L85, F|242/242\n|turn|10\n|\n|t:|1771073552\n|move|p2b: Murkrow|Tailwind|p2b: Murkrow\n|-sidestart|p2: terratron|move: Tailwind\n|move|p2a: Meloetta|Hyper Voice|p1b: Barraskewda|[spread] p1a,p1b\n|-damage|p1a: Alcremie|107/263\n|-damage|p1b: Barraskewda|81/242\n|-enditem|p1a: Alcremie|Sitrus Berry|[eat]\n|-heal|p1a: Alcremie|172/263|[from] item: Sitrus Berry\n|-damage|p2a: Meloetta|110/291|[from] item: Life Orb\n|move|p1b: Barraskewda|Waterfall|p2a: Meloetta\n|-damage|p2a: Meloetta|0 fnt\n|faint|p2a: Meloetta\n|move|p1a: Alcremie|Alluring Voice|p2b: Murkrow\n|-supereffective|p2b: Murkrow\n|-damage|p2b: Murkrow|0 fnt\n|faint|p2b: Murkrow\n|\n|upkeep\n|\n|t:|1771073558\n|switch|p2a: Dedenne|Dedenne, L85, M|253/253\n|turn|11\n|inactive|Jumong has 120 seconds left.\n|\n|t:|1771073578\n|move|p2a: Dedenne|Thunderbolt|p1b: Barraskewda\n|-supereffective|p1b: Barraskewda\n|-damage|p1b: Barraskewda|0 fnt\n|faint|p1b: Barraskewda\n|move|p1a: Alcremie|Alluring Voice|p2a: Dedenne\n|-damage|p2a: Dedenne|129/253\n|\n|upkeep\n|inactive|Jumong has 120 seconds left.\n|\n|t:|1771073584\n|switch|p1b: Yanmega|Yanmega, L84, F|282/282\n|turn|12\n|\n|t:|1771073591\n|move|p2a: Dedenne|Thunderbolt|p1b: Yanmega\n|-supereffective|p1b: Yanmega\n|-damage|p1b: Yanmega|42/282\n|move|p1b: Yanmega|Giga Drain|p2a: Dedenne\n|-damage|p2a: Dedenne|12/253\n|-heal|p1b: Yanmega|101/282|[from] drain|[of] p2a: Dedenne\n|-enditem|p2a: Dedenne|Sitrus Berry|[eat]\n|-heal|p2a: Dedenne|75/253|[from] item: Sitrus Berry\n|-heal|p2a: Dedenne|159/253|[from] ability: Cheek Pouch\n|move|p1a: Alcremie|Alluring Voice|p2a: Dedenne\n|-damage|p2a: Dedenne|24/253\n|\n|upkeep\n|turn|13\n|\n|t:|1771073605\n|move|p2a: Dedenne|Thunderbolt|p1b: Yanmega\n|-supereffective|p1b: Yanmega\n|-damage|p1b: Yanmega|0 fnt\n|faint|p1b: Yanmega\n|move|p1a: Alcremie|Alluring Voice|p2a: Dedenne\n|-crit|p2a: Dedenne\n|-damage|p2a: Dedenne|0 fnt\n|faint|p2a: Dedenne\n|\n|win|Jumong\n|raw|Jumong's rating: 1577 &rarr; <strong>1597</strong><br />(+20 for winning)\n|raw|terratron's rating: 1580 &rarr; <strong>1560</strong><br />(-20 for losing)\n|l|☆terratron\n|player|p2|\n", "inputlog": ">version ccdc32dd7cde25fd9e4bed64820e885f66e78a4e\n>start {\"formatid\":\"gen9randomdoublesbattle\",\"seed\":\"sodium,f3ff34f2a521ba68138cd95cf38076bb\",\"rated\":\"Rated battle\"}\n>player p1 {\"name\":\"Jumong\",\"avatar\":\"brock\",\"rating\":1577,\"seed\":\"sodium,7103b376530d4f7ea956b71c5ad9dc27\"}\n>player p2 {\"name\":\"terratron\",\"avatar\":\"bruno\",\"rating\":1580,\"seed\":\"sodium,65de4a6180ed104a8a4ac4dd98db5940\"}\n>chat ☆terratron|Glhf \n>p1 move pollenpuff +2, move bugbuzz +2\n>p2 switch 4, move trickroom\n>p2 pass, switch 4\n>p1 move protect, switch 5\n>p2 move flamethrower +1, move tailwind\n>p1 move knockoff +2, move swordsdance\n>p2 move flamethrower +1, switch 5\n>p1 move leechseed +2, move crunch +2\n>p2 switch 5, move fireblast +1\n>p2 pass, switch 5\n>p1 move protect, move liquidation +2\n>p2 move haze, move flamethrower +1\n>p1 switch 6, move gunkshot +1\n>p2 move tailwind, move flamethrower +1\n>p1 move protect, move liquidation +1\n>p2 switch 3, move gunkshot +1\n>p1 switch 6, move crunch +2\n>p2 move hypervoice, move gunkshot +1\n>p1 switch 3, pass\n>p2 pass, switch 3\n>p1 move dragonpulse +2 terastallize, move crunch +1\n>p2 move hypervoice, move bravebird +1\n>p1 switch 6, switch 4\n>p1 move alluringvoice +2, move waterfall +1\n>p2 move hypervoice, move tailwind\n>p2 switch 6, pass\n>p1 move alluringvoice +1, move waterfall +1\n>p2 move thunderbolt +2, pass\n>p1 pass, switch 5\n>p1 move alluringvoice +1, move gigadrain +1\n>p2 move thunderbolt +2, pass\n>p1 move alluringvoice +1, move gigadrain +1\n>p2 move thunderbolt +2, pass", "uploadtime": 1771073616, "views": 72, "formatid": "gen9randomdoublesbattle", "rating": 1560, "private": 0, "password": null}