{"id": "gen9randomdoublesbattle-2536437842", "format": "[Gen 9] Random Doubles Battle", "players": ["captainkirb", "jackofspadesman"], "log": "|j|☆captainkirb\n|j|☆jackofspadesman\n|t:|1770687995\n|gametype|doubles\n|player|p1|captainkirb|harlequin|1835\n|player|p2|jackofspadesman|#rbtt9moons2|1997\n|gen|9\n|tier|[Gen 9] Random Doubles Battle\n|rated|\n|rule|Species Clause: Limit one of each Pokémon\n|rule|HP Percentage Mod: HP is shown in percentages\n|rule|Illusion Level Mod: Illusion disguises the Pokémon's true level\n|rule|Sleep Clause Mod: Limit one foe put to sleep\n|\n|t:|1770687995\n|teamsize|p1|6\n|teamsize|p2|6\n|start\n|switch|p1a: Lokix|Lokix, L88, M|268/268\n|switch|p1b: Mienshao|Mienshao, L84, F|246/246\n|switch|p2a: Venomoth|Venomoth, L90, F|272/272\n|switch|p2b: Manaphy|Manaphy, L78|284/284\n|turn|1\n|c|☆jackofspadesman|are you captkirby from smogon\n|c|☆captainkirb|Ye\n|c|☆captainkirb|Well CaptainKirby on smogon\n|c|☆jackofspadesman|damn https://www.smogon.com/forums/members/captainkirby.737470/\n|c|☆jackofspadesman|okay so not who I thought haha np\n|c|☆captainkirb|No, but I am Opti's bf\n|\n|t:|1770688107\n|switch|p1b: Murkrow|Murkrow, L90, F|254/254\n|switch|p2a: Kilowattrel|Kilowattrel, L80, M|243/243\n|move|p1a: Lokix|First Impression|p2a: Kilowattrel\n|-resisted|p2a: Kilowattrel\n|-damage|p2a: Kilowattrel|40/243\n|-damage|p1a: Lokix|242/268|[from] item: Life Orb\n|move|p2b: Manaphy|Tail Glow|p2b: Manaphy\n|-boost|p2b: Manaphy|spa|3\n|\n|upkeep\n|turn|2\n|c|☆jackofspadesman|oh, hi!!!\n|c|☆captainkirb|o/\n|c|☆jackofspadesman|captkirby is a very old school vgc player\n|c|☆captainkirb|Ahhh\n|\n|t:|1770688156\n|move|p1b: Murkrow|Haze|p1b: Murkrow\n|-clearallboost\n|move|p1a: Lokix|Sucker Punch||[still]\n|-fail|p1a: Lokix\n|move|p2a: Kilowattrel|Tailwind|p2a: Kilowattrel\n|-sidestart|p2: jackofspadesman|move: Tailwind\n|move|p2b: Manaphy|Ice Beam|p1b: Murkrow\n|-supereffective|p1b: Murkrow\n|-damage|p1b: Murkrow|134/254\n|\n|upkeep\n|turn|3\n|\n|t:|1770688201\n|move|p1a: Lokix|Protect|p1a: Lokix\n|-singleturn|p1a: Lokix|Protect\n|move|p1b: Murkrow|Tailwind|p1b: Murkrow\n|-sidestart|p1: captainkirb|move: Tailwind\n|move|p2a: Kilowattrel|Hurricane|p1a: Lokix\n|-activate|p1a: Lokix|move: Protect\n|move|p2b: Manaphy|Scald|p1a: Lokix\n|-activate|p1a: Lokix|move: Protect\n|\n|upkeep\n|turn|4\n|\n|t:|1770688247\n|switch|p1b: Pyroar|Pyroar, L83, M|278/278\n|-ability|p1b: Pyroar|Unnerve\n|move|p2a: Kilowattrel|Protect|p2a: Kilowattrel\n|-singleturn|p2a: Kilowattrel|Protect\n|move|p1a: Lokix|U-turn|p2b: Manaphy\n|-damage|p2b: Manaphy|174/284\n|-damage|p1a: Lokix|216/268|[from] item: Life Orb\n|\n|t:|1770688268\n|switch|p1a: Mienshao|Mienshao, L84, F|246/246|[from] U-turn\n|move|p2b: Manaphy|Scald|p1a: Mienshao\n|-damage|p1a: Mienshao|153/246\n|\n|upkeep\n|turn|5\n|\n|t:|1770688308\n|switch|p2a: Calyrex|Calyrex-Shadow, L63|231/231\n|-ability|p2a: Calyrex|As One\n|-ability|p2a: Calyrex|Unnerve\n|-terastallize|p1b: Pyroar|Grass\n|move|p1a: Mienshao|Close Combat|p2b: Manaphy\n|-damage|p2b: Manaphy|0 fnt\n|-unboost|p1a: Mienshao|def|1\n|-unboost|p1a: Mienshao|spd|1\n|faint|p2b: Manaphy\n|move|p1b: Pyroar|Hyper Voice|p2a: Calyrex\n|-immune|p2a: Calyrex\n|\n|-sideend|p2: jackofspadesman|move: Tailwind\n|upkeep\n|\n|t:|1770688322\n|switch|p2b: Kilowattrel|Kilowattrel, L80, M|40/243\n|turn|6\n|\n|t:|1770688352\n|move|p2b: Kilowattrel|Protect|p2b: Kilowattrel\n|-singleturn|p2b: Kilowattrel|Protect\n|move|p2a: Calyrex|Protect|p2a: Calyrex\n|-singleturn|p2a: Calyrex|Protect\n|move|p1a: Mienshao|Close Combat|p2b: Kilowattrel\n|-activate|p2b: Kilowattrel|move: Protect\n|move|p1b: Pyroar|Tera Blast|p2a: Calyrex|[anim] Tera Blast Grass\n|-activate|p2a: Calyrex|move: Protect\n|\n|-sideend|p1: captainkirb|move: Tailwind\n|upkeep\n|turn|7\n|\n|t:|1770688381\n|move|p1b: Pyroar|Protect|p1b: Pyroar\n|-singleturn|p1b: Pyroar|Protect\n|move|p2b: Kilowattrel|Tailwind|p2b: Kilowattrel\n|-sidestart|p2: jackofspadesman|move: Tailwind\n|move|p2a: Calyrex|Astral Barrage|p1b: Pyroar|[spread] p1a\n|-activate|p1b: Pyroar|move: Protect\n|-damage|p1a: Mienshao|0 fnt\n|faint|p1a: Mienshao\n|-ability|p2a: Calyrex|Grim Neigh|boost\n|-boost|p2a: Calyrex|spa|1\n|-damage|p2a: Calyrex|208/231|[from] item: Life Orb\n|\n|upkeep\n|\n|t:|1770688391\n|switch|p1a: Murkrow|Murkrow, L90, F|134/254\n|turn|8\n|\n|t:|1770688407\n|move|p1a: Murkrow|Tailwind|p1a: Murkrow\n|-sidestart|p1: captainkirb|move: Tailwind\n|move|p2b: Kilowattrel|Hurricane|p1b: Pyroar|[miss]\n|-miss|p2b: Kilowattrel|p1b: Pyroar\n|move|p2a: Calyrex|Encore|p1a: Murkrow\n|-start|p1a: Murkrow|Encore\n|move|p1b: Pyroar|Hyper Voice|p2b: Kilowattrel|[spread] p2b\n|-immune|p2a: Calyrex\n|-damage|p2b: Kilowattrel|0 fnt\n|faint|p2b: Kilowattrel\n|-damage|p1b: Pyroar|251/278|[from] item: Life Orb\n|\n|upkeep\n|\n|t:|1770688416\n|switch|p2b: Venomoth|Venomoth, L90, F|272/272\n|turn|9\n|\n|t:|1770688439\n|switch|p1a: Zangoose|Zangoose, L87, M|269/269\n|-terastallize|p2b: Venomoth|Water\n|move|p2a: Calyrex|Astral Barrage|p1b: Pyroar|[spread] p1b\n|-immune|p1a: Zangoose\n|-damage|p1b: Pyroar|44/278\n|-damage|p2a: Calyrex|185/231|[from] item: Life Orb\n|move|p1b: Pyroar|Tera Blast|p2a: Calyrex|[anim] Tera Blast Grass\n|-damage|p2a: Calyrex|47/231\n|-damage|p1b: Pyroar|17/278|[from] item: Life Orb\n|move|p2b: Venomoth|Quiver Dance|p2b: Venomoth\n|-boost|p2b: Venomoth|spa|1\n|-boost|p2b: Venomoth|spd|1\n|-boost|p2b: Venomoth|spe|1\n|\n|-status|p1a: Zangoose|tox|[from] item: Toxic Orb\n|upkeep\n|turn|10\n|\n|t:|1770688469\n|move|p1a: Zangoose|Protect|p1a: Zangoose\n|-singleturn|p1a: Zangoose|Protect\n|move|p2b: Venomoth|Quiver Dance|p2b: Venomoth\n|-boost|p2b: Venomoth|spa|1\n|-boost|p2b: Venomoth|spd|1\n|-boost|p2b: Venomoth|spe|1\n|move|p2a: Calyrex|Psychic|p1a: Zangoose\n|-activate|p1a: Zangoose|move: Protect\n|move|p1b: Pyroar|Tera Blast|p2b: Venomoth|[anim] Tera Blast Grass\n|-supereffective|p2b: Venomoth\n|-damage|p2b: Venomoth|137/272\n|-damage|p1b: Pyroar|0 fnt|[from] item: Life Orb\n|faint|p1b: Pyroar\n|\n|-damage|p1a: Zangoose|253/269 tox|[from] psn\n|-sideend|p2: jackofspadesman|move: Tailwind\n|upkeep\n|\n|t:|1770688478\n|switch|p1b: Lokix|Lokix, L88, M|216/268\n|turn|11\n|\n|t:|1770688511\n|switch|p1a: Emboar|Emboar, L85, F|326/326\n|move|p2a: Calyrex|Protect|p2a: Calyrex\n|-singleturn|p2a: Calyrex|Protect\n|move|p1b: Lokix|First Impression|p2b: Venomoth\n|-damage|p2b: Venomoth|0 fnt\n|faint|p2b: Venomoth\n|-damage|p1b: Lokix|190/268|[from] item: Life Orb\n|\n|-sideend|p1: captainkirb|move: Tailwind\n|upkeep\n|\n|t:|1770688518\n|switch|p2b: Iron Treads|Iron Treads, L81|278/278\n|turn|12\n|\n|t:|1770688535\n|switch|p1a: Murkrow|Murkrow, L90, F|134/254\n|move|p1b: Lokix|Sucker Punch||[still]\n|-fail|p1b: Lokix\n|move|p2a: Calyrex|Encore|p1b: Lokix\n|-start|p1b: Lokix|Encore\n|move|p2b: Iron Treads|High Horsepower|p1a: Murkrow\n|-immune|p1a: Murkrow\n|\n|upkeep\n|turn|13\n|\n|t:|1770688556\n|move|p1a: Murkrow|Taunt|p2a: Calyrex\n|-start|p2a: Calyrex|move: Taunt\n|move|p1b: Lokix|Sucker Punch|p2a: Calyrex\n|-supereffective|p2a: Calyrex\n|-damage|p2a: Calyrex|0 fnt\n|faint|p2a: Calyrex\n|-damage|p1b: Lokix|164/268|[from] item: Life Orb\n|move|p2b: Iron Treads|Stone Edge|p1b: Lokix\n|-supereffective|p1b: Lokix\n|-damage|p1b: Lokix|14/268\n|\n|upkeep\n|\n|t:|1770688561\n|switch|p2a: Glastrier|Glastrier, L80|291/291\n|turn|14\n|c|☆jackofspadesman|gg wp\n|\n|t:|1770688573\n|move|p1a: Murkrow|Tailwind|p1a: Murkrow\n|-sidestart|p1: captainkirb|move: Tailwind\n|move|p1b: Lokix|Sucker Punch|p2b: Iron Treads\n|-damage|p2b: Iron Treads|191/278\n|-damage|p1b: Lokix|0 fnt|[from] item: Life Orb\n|faint|p1b: Lokix\n|move|p2b: Iron Treads|Iron Head|p1a: Murkrow\n|-damage|p1a: Murkrow|35/254\n|move|p2a: Glastrier|Icicle Crash|p1a: Murkrow\n|-supereffective|p1a: Murkrow\n|-damage|p1a: Murkrow|0 fnt\n|faint|p1a: Murkrow\n|-ability|p2a: Glastrier|Chilling Neigh|boost\n|-boost|p2a: Glastrier|atk|1\n|\n|upkeep\n|\n|t:|1770688578\n|switch|p1a: Zangoose|Zangoose, L87, M|253/269 tox\n|switch|p1b: Emboar|Emboar, L85, F|326/326\n|turn|15\n|c|☆captainkirb|gg!\n|\n|t:|1770688595\n|move|p2a: Glastrier|Protect|p2a: Glastrier\n|-singleturn|p2a: Glastrier|Protect\n|move|p1a: Zangoose|Close Combat|p2b: Iron Treads\n|-supereffective|p2b: Iron Treads\n|-damage|p2b: Iron Treads|0 fnt\n|-unboost|p1a: Zangoose|def|1\n|-unboost|p1a: Zangoose|spd|1\n|faint|p2b: Iron Treads\n|-end|p2b: Iron Treads|Quark Drive|[silent]\n|move|p1b: Emboar|Flare Blitz|p2a: Glastrier\n|-activate|p2a: Glastrier|move: Protect\n|\n|-damage|p1a: Zangoose|237/269 tox|[from] psn\n|upkeep\n|turn|16\n|j| shane999999\n|\n|t:|1770688602\n|move|p1a: Zangoose|Close Combat|p2a: Glastrier\n|-supereffective|p2a: Glastrier\n|-damage|p2a: Glastrier|45/291\n|-unboost|p1a: Zangoose|def|1\n|-unboost|p1a: Zangoose|spd|1\n|-enditem|p2a: Glastrier|Sitrus Berry|[eat]\n|-heal|p2a: Glastrier|117/291|[from] item: Sitrus Berry\n|move|p1b: Emboar|Flare Blitz|p2a: Glastrier\n|-supereffective|p2a: Glastrier\n|-damage|p2a: Glastrier|0 fnt\n|faint|p2a: Glastrier\n|-damage|p1b: Emboar|287/326|[from] Recoil\n|\n|win|captainkirb\n|raw|captainkirb's rating: 1835 &rarr; <strong>1864</strong><br />(+29 for winning)\n|raw|jackofspadesman's rating: 1997 &rarr; <strong>1968</strong><br />(-29 for losing)\n|l|☆jackofspadesman\n|player|p2|\n", "inputlog": ">version ccdc32dd7cde25fd9e4bed64820e885f66e78a4e\n>start {\"formatid\":\"gen9randomdoublesbattle\",\"seed\":\"sodium,9e1cfebc414dde60c591925e8b3267c6\",\"rated\":\"Rated battle\"}\n>player p1 {\"name\":\"captainkirb\",\"avatar\":\"harlequin\",\"rating\":1835,\"seed\":\"sodium,c21f9e69847fa98ec96fc6835e66c3bb\"}\n>player p2 {\"name\":\"jackofspadesman\",\"avatar\":\"#rbtt9moons2\",\"rating\":1997,\"seed\":\"sodium,79ea2d4de4c2a2aa97a6f319609778cb\"}\n>chat ☆jackofspadesman|are you captkirby from smogon\n>chat ☆captainkirb|Ye\n>chat ☆captainkirb|Well CaptainKirby on smogon\n>chat ☆jackofspadesman|damn https://www.smogon.com/forums/members/captainkirby.737470/\n>chat ☆jackofspadesman|okay so not who I thought haha np\n>chat ☆captainkirb|No, but I am Opti's bf\n>p1 move firstimpression +1, switch 6\n>p2 switch 5, move tailglow\n>chat ☆jackofspadesman|oh, hi!!!\n>chat ☆captainkirb|o/\n>chat ☆jackofspadesman|captkirby is a very old school vgc player\n>chat ☆captainkirb|Ahhh\n>p1 move suckerpunch +1, move haze\n>p2 move tailwind, move icebeam +2\n>p1 move protect, move tailwind\n>p2 move hurricane +1, move scald +1\n>p1 move uturn +2, switch 4\n>p2 move protect, move scald +1\n>p1 switch 6, pass\n>p1 move closecombat +2, move hypervoice terastallize\n>p2 switch 3, move scald +1\n>p2 pass, switch 3\n>p1 move closecombat +2, move terablast +1\n>p2 move protect, move protect\n>p1 move closecombat +2, move protect\n>p2 move astralbarrage, move tailwind\n>p1 switch 4, pass\n>p1 move tailwind, move hypervoice\n>p2 move encore +1, move hurricane +2\n>p2 pass, switch 5\n>p1 switch 5, move terablast +1\n>p2 move astralbarrage, move quiverdance terastallize\n>p1 move protect, move terablast +2\n>p2 move psychic +1, move quiverdance\n>p1 pass, switch 6\n>p1 switch 3, move firstimpression +2\n>p2 move protect, move bugbuzz +2\n>p2 pass, switch 6\n>p1 switch 5, move suckerpunch +1\n>p2 move encore +2, move highhorsepower +1\n>p1 move taunt +1, move suckerpunch +1\n>p2 move astralbarrage, move stoneedge +2\n>p2 switch 4, pass\n>chat ☆jackofspadesman|gg wp\n>p1 move tailwind, move suckerpunch +2\n>p2 move iciclecrash +1, move ironhead +2\n>p1 switch 3, switch 5\n>chat ☆captainkirb|gg!\n>p1 move closecombat +2, move flareblitz +1\n>p2 move protect, move highhorsepower +2\n>p1 move closecombat +1, move flareblitz +1\n>p2 move highhorsepower +2, pass", "uploadtime": 1770688608, "views": 70, "formatid": "gen9randomdoublesbattle", "rating": 1864, "private": 0, "password": null}