{"id": "gen9randomdoublesbattle-2534606579", "format": "[Gen 9] Random Doubles Battle", "players": ["Blusey", "baseballlover"], "log": "|j|☆Blusey\n|j|☆baseballlover\n|t:|1770444800\n|gametype|doubles\n|player|p1|Blusey|101|1529\n|player|p2|baseballlover|1|1592\n|gen|9\n|tier|[Gen 9] Random Doubles Battle\n|rated|\n|rule|Species Clause: Limit one of each Pokémon\n|rule|HP Percentage Mod: HP is shown in percentages\n|rule|Illusion Level Mod: Illusion disguises the Pokémon's true level\n|rule|Sleep Clause Mod: Limit one foe put to sleep\n|\n|t:|1770444800\n|teamsize|p1|6\n|teamsize|p2|6\n|start\n|switch|p1a: Floatzel|Floatzel, L86, F|286/286\n|switch|p1b: Seviper|Seviper, L96, F|219/219\n|switch|p2a: Eelektross|Eelektross, L86, F|286/286\n|switch|p2b: Farigiraf|Farigiraf, L84, M|339/339\n|turn|1\n|inactive|Battle timer is ON: inactive players will automatically lose when time's up. (requested by baseballlover)\n|inactive|Blusey also wants the timer to be on.\n|inactive|Blusey has 120 seconds left.\n|\n|t:|1770444830\n|switch|p1b: Darkrai|Darkrai, L80|243/243\n|move|p1a: Floatzel|Flip Turn|p2b: Farigiraf\n|-damage|p2b: Farigiraf|224/339\n|\n|t:|1770444839\n|switch|p1a: Brute Bonnet|Brute Bonnet, L80|309/309|[from] Flip Turn\n|move|p2a: Eelektross|Thunderbolt|p1a: Brute Bonnet\n|-resisted|p1a: Brute Bonnet\n|-damage|p1a: Brute Bonnet|254/309\n|move|p2b: Farigiraf|Trick Room|p2b: Farigiraf\n|-fieldstart|move: Trick Room|[of] p2b: Farigiraf\n|\n|upkeep\n|turn|2\n|\n|t:|1770444862\n|-terastallize|p2b: Farigiraf|Fairy\n|move|p2b: Farigiraf|Hyper Voice|p1a: Brute Bonnet|[spread] p1a,p1b\n|-damage|p1a: Brute Bonnet|151/309\n|-damage|p1b: Darkrai|134/243\n|-enditem|p1a: Brute Bonnet|Sitrus Berry|[eat]\n|-heal|p1a: Brute Bonnet|228/309|[from] item: Sitrus Berry\n|-damage|p2b: Farigiraf|191/339|[from] item: Life Orb\n|move|p1a: Brute Bonnet|Spore|p2a: Eelektross\n|-status|p2a: Eelektross|slp|[from] move: Spore\n|cant|p2a: Eelektross|slp\n|move|p1b: Darkrai|Dark Pulse|p2b: Farigiraf\n|-resisted|p2b: Farigiraf\n|-damage|p2b: Farigiraf|121/339\n|-damage|p1b: Darkrai|110/243|[from] item: Life Orb\n|\n|-damage|p2a: Eelektross|251/286 slp|[from] ability: Bad Dreams|[of] p1b: Darkrai\n|upkeep\n|turn|3\n|\n|t:|1770444880\n|switch|p1b: Seviper|Seviper, L96, F|296/296\n|move|p2b: Farigiraf|Hyper Voice|p1a: Brute Bonnet|[spread] p1a,p1b\n|-damage|p1a: Brute Bonnet|131/309\n|-damage|p1b: Seviper|183/296\n|-damage|p2b: Farigiraf|88/339|[from] item: Life Orb\n|move|p1a: Brute Bonnet|Seed Bomb|p2b: Farigiraf\n|-damage|p2b: Farigiraf|0 fnt\n|faint|p2b: Farigiraf\n|-curestatus|p2a: Eelektross|slp|[msg]\n|move|p2a: Eelektross|Thunderbolt|p1b: Seviper\n|-damage|p1b: Seviper|68/296\n|-status|p1b: Seviper|par\n|\n|-activate|p1b: Seviper|ability: Shed Skin\n|-curestatus|p1b: Seviper|par|[msg]\n|upkeep\n|\n|t:|1770444892\n|switch|p2b: Clefairy|Clefairy, L98, M|296/296\n|turn|4\n|\n|t:|1770444914\n|move|p1a: Brute Bonnet|Sucker Punch|p2a: Eelektross\n|-damage|p2a: Eelektross|183/286\n|move|p2b: Clefairy|Moonblast|p1a: Brute Bonnet\n|-supereffective|p1a: Brute Bonnet\n|-damage|p1a: Brute Bonnet|0 fnt\n|faint|p1a: Brute Bonnet\n|-end|p1a: Brute Bonnet|Protosynthesis|[silent]\n|move|p2a: Eelektross|Thunderbolt|p1b: Seviper\n|-damage|p1b: Seviper|0 fnt\n|faint|p1b: Seviper\n|\n|upkeep\n|inactive|Blusey has 120 seconds left.\n|\n|t:|1770444931\n|switch|p1a: Darkrai|Darkrai, L80|110/243\n|switch|p1b: Vileplume|Vileplume, L89, F|219/219\n|turn|5\n|\n|t:|1770444944\n|switch|p2b: Goodra|Goodra-Hisui, L81, M|262/262\n|move|p1b: Vileplume|Protect|p1b: Vileplume\n|-singleturn|p1b: Vileplume|Protect\n|move|p1a: Darkrai|Protect|p1a: Darkrai\n|-singleturn|p1a: Darkrai|Protect\n|move|p2a: Eelektross|Thunderbolt|p1a: Darkrai\n|-activate|p1a: Darkrai|move: Protect\n|\n|-fieldend|move: Trick Room\n|upkeep\n|turn|6\n|\n|t:|1770444962\n|move|p1a: Darkrai|Focus Blast|p2b: Goodra\n|-supereffective|p2b: Goodra\n|-damage|p2b: Goodra|90/262\n|-damage|p1a: Darkrai|86/243|[from] item: Life Orb\n|move|p1b: Vileplume|Focus Blast|p2b: Goodra\n|-supereffective|p2b: Goodra\n|-damage|p2b: Goodra|0 fnt\n|faint|p2b: Goodra\n|-damage|p1b: Vileplume|198/219|[from] item: Life Orb\n|move|p2a: Eelektross|Electroweb|p1b: Vileplume|[spread] p1a,p1b\n|-damage|p1a: Darkrai|35/243\n|-damage|p1b: Vileplume|129/219\n|-unboost|p1a: Darkrai|spe|1\n|-unboost|p1b: Vileplume|spe|1\n|replace|p1b: Zoroark|Zoroark-Hisui, L80, F\n|-end|p1b: Zoroark|Illusion\n|-hint|Illusion Level Mod is active, so this Pokémon's true level was hidden.\n|\n|upkeep\n|\n|t:|1770444978\n|switch|p2b: Luvdisc|Luvdisc, F|248/248\n|turn|7\n|\n|t:|1770444994\n|move|p2b: Luvdisc|Icy Wind|p1a: Darkrai|[spread] p1a,p1b\n|-damage|p1a: Darkrai|12/243\n|-damage|p1b: Zoroark|100/219\n|-unboost|p1a: Darkrai|spe|1\n|-unboost|p1b: Zoroark|spe|1\n|move|p2a: Eelektross|Electroweb|p1b: Zoroark|[spread] p1a,p1b\n|-crit|p1a: Darkrai\n|-damage|p1a: Darkrai|0 fnt\n|-damage|p1b: Zoroark|34/219\n|-unboost|p1b: Zoroark|spe|1\n|faint|p1a: Darkrai\n|move|p1b: Zoroark|Hyper Voice|p2a: Eelektross|[spread] p2a,p2b\n|-damage|p2a: Eelektross|105/286\n|-damage|p2b: Luvdisc|131/248\n|-damage|p1b: Zoroark|13/219|[from] item: Life Orb\n|\n|upkeep\n|\n|t:|1770445000\n|switch|p1a: Vileplume|Vileplume, L89, F|278/278\n|turn|8\n|inactive|baseballlover has 120 seconds left.\n|\n|t:|1770445032\n|switch|p1b: Floatzel|Floatzel, L86, F|286/286\n|move|p2b: Luvdisc|Icy Wind|p1b: Floatzel|[spread] p1b\n|-miss|p2b: Luvdisc|p1a: Vileplume\n|-resisted|p1b: Floatzel\n|-damage|p1b: Floatzel|270/286\n|-unboost|p1b: Floatzel|spe|1\n|move|p1a: Vileplume|Sludge Bomb|p2b: Luvdisc\n|-crit|p2b: Luvdisc\n|-damage|p2b: Luvdisc|0 fnt\n|faint|p2b: Luvdisc\n|move|p2a: Eelektross|Knock Off|p1a: Vileplume\n|-damage|p1a: Vileplume|201/278\n|-enditem|p1a: Vileplume|Sitrus Berry|[from] move: Knock Off|[of] p2a: Eelektross\n|\n|upkeep\n|inactive|baseballlover has 120 seconds left.\n|\n|t:|1770445038\n|switch|p2b: Basculegion|Basculegion-F, L72, F|292/292\n|turn|9\n|\n|t:|1770445056\n|switch|p1b: Floatzel|Floatzel, L86, F|13/219\n|move|p2b: Basculegion|Last Respects|p1a: Vileplume\n|-damage|p1a: Vileplume|1/278\n|move|p1a: Vileplume|Strength Sap|p2b: Basculegion\n|-unboost|p2b: Basculegion|atk|1\n|-heal|p1a: Vileplume|175/278\n|move|p2a: Eelektross|Electroweb|p1b: Floatzel|[spread] p1a,p1b\n|-resisted|p1a: Vileplume\n|-damage|p1a: Vileplume|153/278\n|-damage|p1b: Floatzel|0 fnt\n|-unboost|p1a: Vileplume|spe|1\n|replace|p1b: Zoroark|Zoroark-Hisui, L80, F\n|-end|p1b: Zoroark|Illusion\n|faint|p1b: Zoroark\n|\n|upkeep\n|\n|t:|1770445064\n|switch|p1b: Floatzel|Floatzel, L86, F|270/286\n|turn|10\n|\n|t:|1770445081\n|switch|p2b: Clefairy|Clefairy, L98, M|296/296\n|-terastallize|p1a: Vileplume|Steel\n|move|p1b: Floatzel|Wave Crash|p2a: Eelektross\n|-damage|p2a: Eelektross|0 fnt\n|faint|p2a: Eelektross\n|-damage|p1b: Floatzel|235/286|[from] Recoil\n|move|p1a: Vileplume|Strength Sap|p2b: Clefairy\n|-unboost|p2b: Clefairy|atk|1\n|-heal|p1a: Vileplume|246/278\n|\n|upkeep\n|\n|t:|1770445084\n|switch|p2a: Basculegion|Basculegion-F, L72, F|292/292\n|turn|11\n|\n|t:|1770445094\n|move|p2b: Clefairy|Follow Me|p2b: Clefairy\n|-singleturn|p2b: Clefairy|move: Follow Me\n|move|p1b: Floatzel|Wave Crash|p2b: Clefairy\n|-damage|p2b: Clefairy|103/296\n|-damage|p1b: Floatzel|171/286|[from] Recoil\n|move|p2a: Basculegion|Last Respects|p1b: Floatzel\n|-damage|p1b: Floatzel|0 fnt\n|faint|p1b: Floatzel\n|move|p1a: Vileplume|Strength Sap|p2b: Clefairy\n|-unboost|p2b: Clefairy|atk|1\n|-heal|p1a: Vileplume|278/278\n|\n|upkeep\n|turn|12\n|\n|t:|1770445104\n|move|p2b: Clefairy|Follow Me|p2b: Clefairy\n|-singleturn|p2b: Clefairy|move: Follow Me\n|move|p2a: Basculegion|Last Respects|p1a: Vileplume\n|-damage|p1a: Vileplume|20/278\n|move|p1a: Vileplume|Strength Sap|p2b: Clefairy\n|-unboost|p2b: Clefairy|atk|1\n|-heal|p1a: Vileplume|66/278\n|\n|upkeep\n|turn|13\n|\n|t:|1770445110\n|move|p2b: Clefairy|Follow Me|p2b: Clefairy\n|-singleturn|p2b: Clefairy|move: Follow Me\n|move|p2a: Basculegion|Last Respects|p1a: Vileplume\n|-damage|p1a: Vileplume|0 fnt\n|faint|p1a: Vileplume\n|\n|win|baseballlover\n|raw|Blusey's rating: 1529 &rarr; <strong>1513</strong><br />(-16 for losing)\n|raw|baseballlover's rating: 1592 &rarr; <strong>1608</strong><br />(+16 for winning)\n", "inputlog": ">version ccdc32dd7cde25fd9e4bed64820e885f66e78a4e\n>start {\"formatid\":\"gen9randomdoublesbattle\",\"seed\":\"sodium,36008ad6590e277b8d5c9952962b3215\",\"rated\":\"Rated battle\"}\n>player p1 {\"name\":\"Blusey\",\"avatar\":\"101\",\"rating\":1529,\"seed\":\"sodium,a3948c48a27f444a056db258a72d42ef\"}\n>player p2 {\"name\":\"baseballlover\",\"avatar\":\"1\",\"rating\":1592,\"seed\":\"sodium,96ec1355e1bccd2e1108ceeaccac4a58\"}\n>p1 move flipturn +2, switch 4\n>p2 move thunderbolt +1, move trickroom\n>p1 switch 3, pass\n>p1 move spore +1, move darkpulse +2\n>p2 move thunderbolt +2, move hypervoice terastallize\n>p1 move seedbomb +2, switch 6\n>p2 move thunderbolt +2, move hypervoice\n>p2 pass, switch 6\n>p1 move suckerpunch +1, move glare +2\n>p2 move thunderbolt +2, move moonblast +1\n>p1 switch 6, switch 4\n>p1 move protect, move protect\n>p2 move thunderbolt +1, switch 3\n>p1 move focusblast +2, move focusblast +2\n>p2 move electroweb, move acidarmor\n>p2 pass, switch 4\n>p1 move darkpulse +1, move hypervoice\n>p2 move electroweb, move icywind\n>p1 switch 5, pass\n>p1 move sludgebomb +2, switch 3\n>p2 move knockoff +1, move icywind\n>p2 pass, switch 5\n>p1 move strengthsap +2, switch 3\n>p2 move electroweb, move lastrespects +1\n>p1 pass, switch 3\n>p1 move strengthsap +2 terastallize, move wavecrash +1\n>p2 move electroweb, switch 3\n>p2 switch 3, pass\n>p1 move strengthsap +1, move wavecrash +1\n>p2 move lastrespects +2, move followme\n>p1 move strengthsap +1, pass\n>p2 move lastrespects +1, move followme\n>p1 move strengthsap +1, pass\n>p2 move lastrespects +1, move followme", "uploadtime": 1770445110, "views": 91, "formatid": "gen9randomdoublesbattle", "rating": 1513, "private": 0, "password": null}