{"id": "gen9randomdoublesbattle-2540237123", "format": "[Gen 9] Random Doubles Battle", "players": ["muquito", "SolaceAnt"], "log": "|j|☆muquito\n|j|☆SolaceAnt\n|t:|1771179229\n|gametype|doubles\n|player|p1|muquito|169|1868\n|player|p2|SolaceAnt|2|2014\n|gen|9\n|tier|[Gen 9] Random Doubles Battle\n|rated|\n|rule|Species Clause: Limit one of each Pokémon\n|rule|HP Percentage Mod: HP is shown in percentages\n|rule|Illusion Level Mod: Illusion disguises the Pokémon's true level\n|rule|Sleep Clause Mod: Limit one foe put to sleep\n|\n|t:|1771179229\n|teamsize|p1|6\n|teamsize|p2|6\n|start\n|switch|p1a: Glalie|Glalie, L94, F|303/303\n|switch|p1b: Charizard|Charizard, L82, M|262/262\n|switch|p2a: Avalugg|Avalugg-Hisui, L88, F|310/310\n|switch|p2b: Mightyena|Mightyena, L95, F|287/287\n|-ability|p2b: Mightyena|Intimidate|boost\n|-fail|p1a: Glalie|unboost|Attack|[from] ability: Inner Focus|[of] p1a: Glalie\n|-unboost|p1b: Charizard|atk|1\n|turn|1\n|\n|t:|1771179267\n|switch|p2b: Blastoise|Blastoise, L83, M|267/267\n|move|p1b: Charizard|Protect|p1b: Charizard\n|-singleturn|p1b: Charizard|Protect\n|move|p1a: Glalie|Icy Wind|p2b: Blastoise|[spread] p2a,p2b\n|-resisted|p2a: Avalugg\n|-resisted|p2b: Blastoise\n|-damage|p2a: Avalugg|268/310\n|-damage|p2b: Blastoise|247/267\n|-unboost|p2a: Avalugg|spe|1\n|-unboost|p2b: Blastoise|spe|1\n|move|p2a: Avalugg|Rock Blast|p1a: Glalie\n|-supereffective|p1a: Glalie\n|-damage|p1a: Glalie|235/303\n|-supereffective|p1a: Glalie\n|-damage|p1a: Glalie|163/303\n|-supereffective|p1a: Glalie\n|-damage|p1a: Glalie|97/303\n|-enditem|p1a: Glalie|Sitrus Berry|[eat]\n|-heal|p1a: Glalie|172/303|[from] item: Sitrus Berry\n|-supereffective|p1a: Glalie\n|-damage|p1a: Glalie|98/303\n|-hitcount|p1a: Glalie|4\n|\n|upkeep\n|turn|2\n|\n|t:|1771179290\n|switch|p1b: Swanna|Swanna, L87, M|272/272\n|move|p2b: Blastoise|Fake Out|p1b: Swanna\n|-damage|p1b: Swanna|243/272\n|move|p1a: Glalie|Disable|p2a: Avalugg\n|-start|p2a: Avalugg|Disable|Rock Blast\n|cant|p2a: Avalugg|Disable|Rock Blast\n|\n|upkeep\n|turn|3\n|\n|t:|1771179309\n|switch|p2a: Quagsire|Quagsire, L91, M|321/321\n|move|p1b: Swanna|Hydro Pump|p2a: Quagsire\n|-immune|p2a: Quagsire|[from] ability: Water Absorb\n|move|p1a: Glalie|Freeze-Dry|p2b: Blastoise\n|-supereffective|p2b: Blastoise\n|-damage|p2b: Blastoise|113/267\n|-enditem|p2b: Blastoise|Sitrus Berry|[eat]\n|-heal|p2b: Blastoise|179/267|[from] item: Sitrus Berry\n|move|p2b: Blastoise|Icy Wind|p1a: Glalie|[spread] p1a,p1b\n|-resisted|p1a: Glalie\n|-damage|p1a: Glalie|84/303\n|-damage|p1b: Swanna|211/272\n|-unboost|p1a: Glalie|spe|1\n|-unboost|p1b: Swanna|spe|1\n|\n|upkeep\n|turn|4\n|\n|t:|1771179334\n|switch|p2a: Mightyena|Mightyena, L95, F|287/287\n|-ability|p2a: Mightyena|Intimidate|boost\n|-fail|p1a: Glalie|unboost|Attack|[from] ability: Inner Focus|[of] p1a: Glalie\n|-unboost|p1b: Swanna|atk|1\n|move|p1b: Swanna|Knock Off|p2a: Mightyena\n|-resisted|p2a: Mightyena\n|-damage|p2a: Mightyena|263/287\n|-enditem|p2a: Mightyena|Life Orb|[from] move: Knock Off|[of] p1b: Swanna\n|move|p1a: Glalie|Freeze-Dry|p2a: Mightyena\n|-damage|p2a: Mightyena|164/287\n|-status|p2a: Mightyena|frz\n|move|p2b: Blastoise|Yawn|p1b: Swanna\n|-start|p1b: Swanna|move: Yawn|[of] p2b: Blastoise\n|\n|upkeep\n|turn|5\n|\n|t:|1771179351\n|switch|p2a: Maushold|Maushold-Four, L79|247/247\n|switch|p1b: Greninja|Greninja, L83, M|255/255\n|move|p1a: Glalie|Freeze-Dry|p2b: Blastoise\n|-supereffective|p2b: Blastoise\n|-damage|p2b: Blastoise|35/267\n|-status|p2b: Blastoise|frz\n|cant|p2b: Blastoise|frz\n|\n|upkeep\n|turn|6\n|c|☆muquito|Sorry\n|\n|t:|1771179379\n|switch|p2b: Spidops|Spidops, F|282/282\n|move|p1b: Greninja|Hydro Pump|p2a: Maushold|[miss]\n|-miss|p1b: Greninja|p2a: Maushold\n|move|p2a: Maushold|Population Bomb|p1b: Greninja\n|-damage|p1b: Greninja|225/255\n|-damage|p1b: Greninja|197/255\n|-damage|p1b: Greninja|166/255\n|-damage|p1b: Greninja|135/255\n|-damage|p1b: Greninja|105/255\n|-damage|p1b: Greninja|75/255\n|-damage|p1b: Greninja|45/255\n|-damage|p1b: Greninja|14/255\n|-damage|p1b: Greninja|0 fnt\n|faint|p1b: Greninja\n|-hitcount|p1: Greninja|9\n|move|p1a: Glalie|Icy Wind|p2a: Maushold|[spread] p2a,p2b\n|-damage|p2a: Maushold|189/247\n|-damage|p2b: Spidops|243/282\n|-unboost|p2a: Maushold|spe|1\n|-unboost|p2b: Spidops|spe|1\n|\n|upkeep\n|\n|t:|1771179397\n|switch|p1b: Swanna|Swanna, L87, M|211/272\n|turn|7\n|\n|t:|1771179408\n|switch|p2b: Mightyena|Mightyena, L95, F|164/287 frz\n|-ability|p2b: Mightyena|Intimidate|boost\n|-fail|p1a: Glalie|unboost|Attack|[from] ability: Inner Focus|[of] p1a: Glalie\n|-unboost|p1b: Swanna|atk|1\n|move|p1b: Swanna|Brave Bird|p2a: Maushold\n|-damage|p2a: Maushold|84/247\n|-damage|p1b: Swanna|176/272|[from] Recoil\n|move|p2a: Maushold|Population Bomb|p1b: Swanna\n|-damage|p1b: Swanna|148/272\n|-damage|p1b: Swanna|117/272\n|-enditem|p1b: Swanna|Sitrus Berry|[eat]\n|-heal|p1b: Swanna|185/272|[from] item: Sitrus Berry\n|-damage|p1b: Swanna|154/272\n|-damage|p1b: Swanna|124/272\n|-damage|p1b: Swanna|94/272\n|-damage|p1b: Swanna|63/272\n|-damage|p1b: Swanna|33/272\n|-damage|p1b: Swanna|5/272\n|-damage|p1b: Swanna|0 fnt\n|faint|p1b: Swanna\n|-hitcount|p1: Swanna|9\n|move|p1a: Glalie|Icy Wind|p2b: Mightyena|[spread] p2a\n|-miss|p1a: Glalie|p2b: Mightyena\n|-damage|p2a: Maushold|24/247\n|-unboost|p2a: Maushold|spe|1\n|\n|upkeep\n|\n|t:|1771179425\n|switch|p1b: Charizard|Charizard, L82, M|262/262\n|turn|8\n|\n|t:|1771179444\n|switch|p1a: Snorlax|Snorlax, L84, F|406/406\n|switch|p2a: Blastoise|Blastoise, L83, M|35/267 frz\n|move|p1b: Charizard|Heat Wave|p2a: Blastoise|[spread] p2a,p2b\n|-resisted|p2a: Blastoise\n|-crit|p2b: Mightyena\n|-damage|p2a: Blastoise|0 fnt\n|-damage|p2b: Mightyena|0 fnt\n|faint|p2a: Blastoise\n|faint|p2b: Mightyena\n|-damage|p1b: Charizard|236/262|[from] item: Life Orb\n|\n|upkeep\n|\n|t:|1771179465\n|switch|p2b: Spidops|Spidops, F|243/282\n|switch|p2a: Maushold|Maushold-Four, L79|24/247\n|turn|9\n|inactive|Battle timer is ON: inactive players will automatically lose when time's up. (requested by muquito)\n|\n|t:|1771179487\n|-terastallize|p2a: Maushold|Normal\n|move|p1b: Charizard|Protect|p1b: Charizard\n|-singleturn|p1b: Charizard|Protect\n|move|p2a: Maushold|Population Bomb|p1a: Snorlax\n|-damage|p1a: Snorlax|366/406\n|-damage|p1a: Snorlax|326/406\n|-hitcount|p1a: Snorlax|2\n|move|p2b: Spidops|Lunge|p1a: Snorlax\n|-damage|p1a: Snorlax|194/406\n|-unboost|p1a: Snorlax|atk|1\n|-enditem|p1a: Snorlax|Iapapa Berry|[eat]\n|-heal|p1a: Snorlax|329/406|[from] item: Iapapa Berry\n|move|p1a: Snorlax|Body Slam|p2a: Maushold\n|-damage|p2a: Maushold|0 fnt\n|faint|p2a: Maushold\n|\n|upkeep\n|c|☆SolaceAnt|I was not meant to win this game\n|\n|t:|1771179515\n|switch|p2a: Avalugg|Avalugg-Hisui, L88, F|268/310\n|turn|10\n|\n|t:|1771179537\n|switch|p2b: Quagsire|Quagsire, L91, M|321/321\n|move|p1b: Charizard|Heat Wave|p2a: Avalugg|[spread] p2a,p2b\n|-resisted|p2b: Quagsire\n|-damage|p2a: Avalugg|95/310\n|-damage|p2b: Quagsire|263/321\n|-damage|p1b: Charizard|210/262|[from] item: Life Orb\n|move|p2a: Avalugg|Rock Blast|p1b: Charizard\n|-supereffective|p1b: Charizard\n|-damage|p1b: Charizard|38/262\n|-supereffective|p1b: Charizard\n|-crit|p1b: Charizard\n|-damage|p1b: Charizard|0 fnt\n|faint|p1b: Charizard\n|-hitcount|p1: Charizard|2\n|move|p1a: Snorlax|Curse|p1a: Snorlax\n|-unboost|p1a: Snorlax|spe|1\n|-boost|p1a: Snorlax|atk|1\n|-boost|p1a: Snorlax|def|1\n|\n|-heal|p2b: Quagsire|283/321|[from] item: Leftovers\n|upkeep\n|\n|t:|1771179542\n|switch|p1b: Solgaleo|Solgaleo, L74|325/325\n|turn|11\n|\n|t:|1771179559\n|-terastallize|p1b: Solgaleo|Fighting\n|move|p2a: Avalugg|Protect|p2a: Avalugg\n|-singleturn|p2a: Avalugg|Protect\n|move|p1b: Solgaleo|Sunsteel Strike|p2a: Avalugg\n|-activate|p2a: Avalugg|move: Protect\n|move|p2b: Quagsire|High Horsepower|p1b: Solgaleo\n|-damage|p1b: Solgaleo|220/325\n|move|p1a: Snorlax|Curse|p1a: Snorlax\n|-unboost|p1a: Snorlax|spe|1\n|-boost|p1a: Snorlax|atk|1\n|-boost|p1a: Snorlax|def|1\n|\n|-heal|p2b: Quagsire|303/321|[from] item: Leftovers\n|upkeep\n|turn|12\n|\n|t:|1771179567\n|switch|p2a: Spidops|Spidops, F|243/282\n|move|p1b: Solgaleo|Sunsteel Strike|p2a: Spidops\n|-damage|p2a: Spidops|147/282\n|move|p2b: Quagsire|High Horsepower|p1b: Solgaleo|[miss]\n|-miss|p2b: Quagsire|p1b: Solgaleo\n|move|p1a: Snorlax|Curse|p1a: Snorlax\n|-unboost|p1a: Snorlax|spe|1\n|-boost|p1a: Snorlax|atk|1\n|-boost|p1a: Snorlax|def|1\n|\n|-heal|p2b: Quagsire|321/321|[from] item: Leftovers\n|upkeep\n|turn|13\n|\n|t:|1771179582\n|move|p1b: Solgaleo|Flare Blitz|p2a: Spidops\n|-supereffective|p2a: Spidops\n|-damage|p2a: Spidops|15/282\n|-enditem|p2a: Spidops|Sitrus Berry|[eat]\n|-heal|p2a: Spidops|85/282|[from] item: Sitrus Berry\n|-damage|p1b: Solgaleo|176/325|[from] Recoil\n|move|p2a: Spidops|Lunge|p1b: Solgaleo\n|-resisted|p1b: Solgaleo\n|-damage|p1b: Solgaleo|125/325\n|move|p2b: Quagsire|High Horsepower|p1b: Solgaleo\n|-damage|p1b: Solgaleo|25/325\n|move|p1a: Snorlax|Curse|p1a: Snorlax\n|-unboost|p1a: Snorlax|spe|1\n|-boost|p1a: Snorlax|atk|1\n|-boost|p1a: Snorlax|def|1\n|\n|upkeep\n|turn|14\n|\n|t:|1771179598\n|switch|p2a: Avalugg|Avalugg-Hisui, L88, F|95/310\n|move|p1b: Solgaleo|Flare Blitz|p2a: Avalugg\n|-damage|p2a: Avalugg|46/310\n|-damage|p1b: Solgaleo|9/325|[from] Recoil\n|move|p2b: Quagsire|Liquidation|p1b: Solgaleo\n|-damage|p1b: Solgaleo|0 fnt\n|faint|p1b: Solgaleo\n|move|p1a: Snorlax|Curse|p1a: Snorlax\n|-unboost|p1a: Snorlax|spe|1\n|-boost|p1a: Snorlax|atk|1\n|-boost|p1a: Snorlax|def|1\n|\n|upkeep\n|\n|t:|1771179600\n|switch|p1b: Glalie|Glalie, L94, F|84/303\n|turn|15\n|\n|t:|1771179614\n|switch|p2b: Spidops|Spidops, F|85/282\n|move|p1b: Glalie|Freeze-Dry|p2b: Spidops\n|-damage|p2b: Spidops|16/282\n|move|p2a: Avalugg|Rock Blast|p1b: Glalie\n|-supereffective|p1b: Glalie\n|-damage|p1b: Glalie|12/303\n|-supereffective|p1b: Glalie\n|-damage|p1b: Glalie|0 fnt\n|faint|p1b: Glalie\n|-hitcount|p1: Glalie|2\n|move|p1a: Snorlax|High Horsepower|p2a: Avalugg\n|-supereffective|p2a: Avalugg\n|-damage|p2a: Avalugg|0 fnt\n|faint|p2a: Avalugg\n|\n|upkeep\n|\n|t:|1771179621\n|switch|p2a: Quagsire|Quagsire, L91, M|321/321\n|turn|16\n|\n|t:|1771179626\n|move|p2b: Spidops|Lunge|p1a: Snorlax\n|-damage|p1a: Snorlax|290/406\n|-unboost|p1a: Snorlax|atk|1\n|move|p2a: Quagsire|Liquidation|p1a: Snorlax\n|-crit|p1a: Snorlax\n|-damage|p1a: Snorlax|124/406\n|move|p1a: Snorlax|Body Slam|p2b: Spidops\n|-damage|p2b: Spidops|0 fnt\n|faint|p2b: Spidops\n|\n|upkeep\n|turn|17\n|\n|t:|1771179637\n|move|p2a: Quagsire|Liquidation|p1a: Snorlax\n|-damage|p1a: Snorlax|90/406\n|move|p1a: Snorlax|Body Slam|p2a: Quagsire\n|-damage|p2a: Quagsire|93/321\n|\n|-heal|p2a: Quagsire|113/321|[from] item: Leftovers\n|upkeep\n|turn|18\n|\n|t:|1771179640\n|move|p2a: Quagsire|High Horsepower|p1a: Snorlax\n|-damage|p1a: Snorlax|48/406\n|move|p1a: Snorlax|Body Slam|p2a: Quagsire\n|-damage|p2a: Quagsire|0 fnt\n|faint|p2a: Quagsire\n|\n|win|muquito\n|raw|muquito's rating: 1868 &rarr; <strong>1896</strong><br />(+28 for winning)\n|raw|SolaceAnt's rating: 2014 &rarr; <strong>1986</strong><br />(-28 for losing)\n|l|☆muquito\n|player|p1|\n", "inputlog": ">version 686819e5e19f8a7fd2345cfc5a08a5085efa2cc3\n>start {\"formatid\":\"gen9randomdoublesbattle\",\"seed\":\"sodium,39ae5e8b6a3e41ad4eeb9d490c1bebd3\",\"rated\":\"Rated battle\"}\n>player p1 {\"name\":\"muquito\",\"avatar\":\"169\",\"rating\":1868,\"seed\":\"sodium,d204e01959e2f2651e5d83e5c7ca26a6\"}\n>player p2 {\"name\":\"SolaceAnt\",\"avatar\":\"2\",\"rating\":2014,\"seed\":\"sodium,112decb0e1f881b223cb39580b12341e\"}\n>p1 move icywind, move protect\n>p2 move rockblast +1, switch 5\n>p1 move disable +1, switch 5\n>p2 move rockblast +2, move fakeout +2\n>p1 move freezedry +2, move hydropump +1\n>p2 switch 4, move icywind\n>p1 move freezedry +1, move knockoff +1\n>p2 switch 5, move yawn +2\n>p1 move freezedry +2, switch 6\n>p2 switch 6, move icywind\n>chat ☆muquito|Sorry\n>p1 move icywind, move hydropump +1\n>p2 move populationbomb +2, switch 3\n>p1 pass, switch 6\n>p1 move icywind, move bravebird +1\n>p2 move populationbomb +2, switch 6\n>p1 pass, switch 5\n>p1 switch 4, move heatwave\n>p2 switch 3, move throatchop +1\n>p2 switch 3, switch 6\n>p1 move bodyslam +1, move protect\n>p2 move populationbomb +1 terastallize, move lunge +1\n>chat ☆SolaceAnt|I was not meant to win this game \n>p2 switch 4, pass\n>p1 move curse, move heatwave\n>p2 move rockblast +2, switch 5\n>p1 pass, switch 3\n>p1 move curse, move sunsteelstrike +1 terastallize\n>p2 move protect, move highhorsepower +2\n>p1 move curse, move sunsteelstrike +1\n>p2 switch 5, move highhorsepower +2\n>p1 move curse, move flareblitz +1\n>p2 move lunge +2, move highhorsepower +2\n>p1 move curse, move flareblitz +1\n>p2 switch 5, move liquidation +2\n>p1 pass, switch 4\n>p1 move highhorsepower +1, move freezedry +2\n>p2 move rockblast +2, switch 5\n>p2 switch 5, pass\n>p1 move bodyslam +2, pass\n>p2 move liquidation +1, move lunge +1\n>p1 move bodyslam +1, pass\n>p2 move liquidation +1, pass\n>p1 move bodyslam +1, pass\n>p2 move highhorsepower +1, pass", "uploadtime": 1771179698, "views": 77, "formatid": "gen9randomdoublesbattle", "rating": 1896, "private": 0, "password": null}