{"id": "gen9randomdoublesbattle-2536948845", "format": "[Gen 9] Random Doubles Battle", "players": ["iamsonewplzbnice", "Xenoblade4"], "log": "|j|☆iamsonewplzbnice\n|j|☆Xenoblade4\n|t:|1770750999\n|gametype|doubles\n|player|p1|iamsonewplzbnice|102|1485\n|player|p2|Xenoblade4|2|1595\n|gen|9\n|tier|[Gen 9] Random Doubles Battle\n|rated|\n|rule|Species Clause: Limit one of each Pokémon\n|rule|HP Percentage Mod: HP is shown in percentages\n|rule|Illusion Level Mod: Illusion disguises the Pokémon's true level\n|rule|Sleep Clause Mod: Limit one foe put to sleep\n|\n|t:|1770750999\n|teamsize|p1|6\n|teamsize|p2|6\n|start\n|switch|p1a: Altaria|Altaria, L91, M|284/284\n|switch|p1b: Mew|Mew, L84|305/305\n|switch|p2a: Krookodile|Krookodile, L80, F|283/283\n|switch|p2b: Weezing|Weezing-Galar, L88, M|258/258\n|-ability|p2a: Krookodile|Intimidate|boost\n|-unboost|p1a: Altaria|atk|1\n|-unboost|p1b: Mew|atk|1\n|turn|1\n|inactive|Battle timer is ON: inactive players will automatically lose when time's up. (requested by iamsonewplzbnice)\n|\n|t:|1770751029\n|switch|p1b: Cobalion|Cobalion, L79|273/273\n|move|p1a: Altaria|Will-O-Wisp|p2a: Krookodile\n|-status|p2a: Krookodile|brn\n|move|p2a: Krookodile|Knock Off|p1b: Cobalion\n|-resisted|p1b: Cobalion\n|-damage|p1b: Cobalion|246/273\n|-ability|p1b: Cobalion|Justified|boost\n|-boost|p1b: Cobalion|atk|1\n|-enditem|p1b: Cobalion|Sitrus Berry|[from] move: Knock Off|[of] p2a: Krookodile\n|-damage|p2a: Krookodile|255/283 brn|[from] item: Life Orb\n|move|p2b: Weezing|Dazzling Gleam|p1b: Cobalion|[spread] p1a,p1b\n|-supereffective|p1a: Altaria\n|-damage|p1a: Altaria|149/284\n|-damage|p1b: Cobalion|151/273\n|-damage|p2b: Weezing|233/258|[from] item: Life Orb\n|\n|-damage|p2a: Krookodile|238/283 brn|[from] brn\n|upkeep\n|turn|2\n|inactive|iamsonewplzbnice has 120 seconds left.\n|\n|t:|1770751060\n|switch|p1a: Weezing|Weezing, L91, M|266/266\n|switch|p2a: Altaria|Altaria, L91, F|284/284\n|move|p2b: Weezing|Protect|p2b: Weezing\n|-singleturn|p2b: Weezing|Protect\n|move|p1b: Cobalion|Iron Head|p2b: Weezing\n|-activate|p2b: Weezing|move: Protect\n|\n|upkeep\n|turn|3\n|\n|t:|1770751076\n|switch|p2b: Krookodile|Krookodile, L80, F|238/283 brn\n|-ability|p2b: Krookodile|Intimidate|boost\n|-unboost|p1a: Weezing|atk|1\n|-unboost|p1b: Cobalion|atk|1\n|move|p1b: Cobalion|Iron Head|p2b: Krookodile\n|-damage|p2b: Krookodile|153/283 brn\n|move|p2a: Altaria|Tailwind|p2a: Altaria\n|-sidestart|p2: Xenoblade4|move: Tailwind\n|move|p1a: Weezing|Taunt|p2a: Altaria\n|-start|p2a: Altaria|move: Taunt\n|\n|-damage|p2b: Krookodile|136/283 brn|[from] brn\n|upkeep\n|turn|4\n|\n|t:|1770751096\n|switch|p2a: Weezing|Weezing-Galar, L88, M|233/258\n|move|p2b: Krookodile|High Horsepower|p1b: Cobalion\n|-supereffective|p1b: Cobalion\n|-damage|p1b: Cobalion|48/273\n|-damage|p2b: Krookodile|108/283 brn|[from] item: Life Orb\n|move|p1b: Cobalion|Thunder Wave|p2a: Weezing\n|-status|p2a: Weezing|par\n|move|p1a: Weezing|Gunk Shot|p2a: Weezing\n|-damage|p2a: Weezing|163/258 par\n|\n|-damage|p2b: Krookodile|91/283 brn|[from] brn\n|upkeep\n|turn|5\n|inactive|Xenoblade4 has 120 seconds left.\n|\n|t:|1770751132\n|switch|p1b: Altaria|Altaria, L91, M|149/284\n|switch|p2a: Orthworm|Orthworm, L88, F|266/266\n|move|p2b: Krookodile|Knock Off|p1a: Weezing\n|-damage|p1a: Weezing|213/266\n|-enditem|p1a: Weezing|Sitrus Berry|[from] move: Knock Off|[of] p2b: Krookodile\n|-damage|p2b: Krookodile|63/283 brn|[from] item: Life Orb\n|move|p1a: Weezing|Gunk Shot|p2a: Orthworm\n|-immune|p2a: Orthworm\n|\n|-damage|p2b: Krookodile|46/283 brn|[from] brn\n|upkeep\n|turn|6\n|inactive|iamsonewplzbnice has 120 seconds left.\n|\n|t:|1770751167\n|switch|p1b: Cobalion|Cobalion, L79|48/273\n|move|p2b: Krookodile|Knock Off|p1b: Cobalion\n|-resisted|p1b: Cobalion\n|-damage|p1b: Cobalion|29/273\n|-ability|p1b: Cobalion|Justified|boost\n|-boost|p1b: Cobalion|atk|1\n|-damage|p2b: Krookodile|18/283 brn|[from] item: Life Orb\n|move|p2a: Orthworm|Shed Tail|p2a: Orthworm\n|-start|p2a: Orthworm|Substitute|[from] move: Shed Tail\n|-damage|p2a: Orthworm|133/266\n|-enditem|p2a: Orthworm|Sitrus Berry|[eat]\n|-heal|p2a: Orthworm|199/266|[from] item: Sitrus Berry\n|inactive|Xenoblade4 has 120 seconds left.\n|\n|t:|1770751188\n|switch|p2a: Thundurus|Thundurus-Therian, L78, M|251/251|[from] Shed Tail\n|move|p1a: Weezing|Fire Blast|p2a: Thundurus\n|-end|p2a: Thundurus|Substitute\n|\n|-damage|p2b: Krookodile|1/283 brn|[from] brn\n|-sideend|p2: Xenoblade4|move: Tailwind\n|upkeep\n|turn|7\n|\n|t:|1770751209\n|switch|p2b: Weezing|Weezing-Galar, L88, M|163/258 par\n|move|p1b: Cobalion|Iron Head|p2a: Thundurus\n|-resisted|p2a: Thundurus\n|-damage|p2a: Thundurus|188/251\n|cant|p2a: Thundurus|flinch\n|move|p1a: Weezing|Gunk Shot|p2a: Thundurus\n|-damage|p2a: Thundurus|79/251\n|\n|upkeep\n|turn|8\n|\n|t:|1770751228\n|move|p1b: Cobalion|Iron Head|p2a: Thundurus\n|-resisted|p2a: Thundurus\n|-damage|p2a: Thundurus|13/251\n|cant|p2a: Thundurus|flinch\n|move|p1a: Weezing|Gunk Shot|p2a: Thundurus\n|-damage|p2a: Thundurus|0 fnt\n|faint|p2a: Thundurus\n|move|p2b: Weezing|Fire Blast|p1b: Cobalion\n|-supereffective|p1b: Cobalion\n|-damage|p1b: Cobalion|0 fnt\n|faint|p1b: Cobalion\n|-damage|p2b: Weezing|138/258 par|[from] item: Life Orb\n|\n|upkeep\n|inactive|iamsonewplzbnice has 120 seconds left.\n|\n|t:|1770751250\n|switch|p1b: Mew|Mew, L84|305/305\n|switch|p2a: Orthworm|Orthworm, L88, F|199/266\n|turn|9\n|inactive|Xenoblade4 has 120 seconds left.\n|\n|t:|1770751300\n|switch|p2b: Krookodile|Krookodile, L80, F|1/283 brn\n|-ability|p2b: Krookodile|Intimidate|boost\n|-unboost|p1a: Weezing|atk|1\n|-unboost|p1b: Mew|atk|1\n|move|p1b: Mew|Nasty Plot|p1b: Mew\n|-boost|p1b: Mew|spa|2\n|move|p2a: Orthworm|Heavy Slam|p1a: Weezing\n|-damage|p1a: Weezing|123/266\n|move|p1a: Weezing|Taunt|p2a: Orthworm\n|-start|p2a: Orthworm|move: Taunt\n|\n|-damage|p2b: Krookodile|0 fnt|[from] brn\n|faint|p2b: Krookodile\n|upkeep\n|\n|t:|1770751310\n|switch|p2b: Altaria|Altaria, L91, F|284/284\n|turn|10\n|inactive|Xenoblade4 has 120 seconds left.\n|\n|t:|1770751334\n|switch|p1a: Altaria|Altaria, L91, M|149/284\n|move|p1b: Mew|Psychic|p2b: Altaria\n|-damage|p2b: Altaria|68/284\n|-enditem|p2b: Altaria|Sitrus Berry|[eat]\n|-heal|p2b: Altaria|139/284|[from] item: Sitrus Berry\n|-damage|p1b: Mew|275/305|[from] item: Life Orb\n|move|p2b: Altaria|Tailwind|p2b: Altaria\n|-sidestart|p2: Xenoblade4|move: Tailwind\n|move|p2a: Orthworm|Heavy Slam|p1b: Mew\n|-damage|p1b: Mew|166/305\n|\n|upkeep\n|turn|11\n|inactive|Xenoblade4 has 120 seconds left.\n|\n|t:|1770751360\n|move|p2b: Altaria|Brave Bird|p1b: Mew\n|-damage|p1b: Mew|51/305\n|-damage|p2b: Altaria|101/284|[from] Recoil\n|move|p2a: Orthworm|Heavy Slam|p1b: Mew\n|-damage|p1b: Mew|0 fnt\n|faint|p1b: Mew\n|move|p1a: Altaria|Draco Meteor|p2b: Altaria\n|-supereffective|p2b: Altaria\n|-damage|p2b: Altaria|0 fnt\n|-unboost|p1a: Altaria|spa|2\n|faint|p2b: Altaria\n|\n|upkeep\n|inactive|iamsonewplzbnice has 120 seconds left.\n|\n|t:|1770751382\n|switch|p1b: Kommo-o|Kommo-o, L79, M|248/248\n|switch|p2b: Dondozo|Dondozo, L85, M|394/394\n|turn|12\n|\n|t:|1770751393\n|move|p1b: Kommo-o|Protect|p1b: Kommo-o\n|-singleturn|p1b: Kommo-o|Protect\n|move|p2a: Orthworm|Heavy Slam|p1b: Kommo-o\n|-activate|p1b: Kommo-o|move: Protect\n|move|p1a: Altaria|Fire Blast|p2a: Orthworm\n|-supereffective|p2a: Orthworm\n|-damage|p2a: Orthworm|97/266\n|move|p2b: Dondozo|Avalanche|p1b: Kommo-o\n|-activate|p1b: Kommo-o|move: Protect\n|\n|-end|p2a: Orthworm|move: Taunt\n|upkeep\n|turn|13\n|\n|t:|1770751417\n|switch|p2a: Weezing|Weezing-Galar, L88, M|138/258 par\n|-terastallize|p1b: Kommo-o|Steel\n|move|p1a: Altaria|Will-O-Wisp||[still]\n|-fail|p1a: Altaria\n|move|p1b: Kommo-o|Iron Defense|p1b: Kommo-o\n|-boost|p1b: Kommo-o|def|2\n|move|p2b: Dondozo|Avalanche|p1a: Altaria\n|-supereffective|p1a: Altaria\n|-damage|p1a: Altaria|0 fnt\n|faint|p1a: Altaria\n|\n|-sideend|p2: Xenoblade4|move: Tailwind\n|upkeep\n|\n|t:|1770751428\n|switch|p1a: Weezing|Weezing, L91, M|123/266\n|turn|14\n|\n|t:|1770751451\n|-terastallize|p2a: Weezing|Fire\n|move|p1b: Kommo-o|Protect|p1b: Kommo-o\n|-singleturn|p1b: Kommo-o|Protect\n|move|p1a: Weezing|Gunk Shot|p2a: Weezing\n|-damage|p2a: Weezing|35/258 par\n|move|p2b: Dondozo|Wave Crash|p1a: Weezing\n|-damage|p1a: Weezing|18/266\n|-damage|p2b: Dondozo|359/394|[from] Recoil\n|move|p2a: Weezing|Fire Blast|p1b: Kommo-o\n|-activate|p1b: Kommo-o|move: Protect\n|\n|upkeep\n|turn|15\n|c|☆iamsonewplzbnice|gg\n|inactive|Xenoblade4 has 120 seconds left.\n|\n|t:|1770751491\n|move|p1b: Kommo-o|Body Press|p2a: Weezing\n|-damage|p2a: Weezing|0 fnt\n|faint|p2a: Weezing\n|move|p1a: Weezing|Gunk Shot|p2b: Dondozo|[miss]\n|-miss|p1a: Weezing|p2b: Dondozo\n|move|p2b: Dondozo|Body Press|p1b: Kommo-o\n|-supereffective|p1b: Kommo-o\n|-damage|p1b: Kommo-o|134/248\n|\n|-heal|p1b: Kommo-o|149/248|[from] item: Leftovers\n|upkeep\n|\n|t:|1770751494\n|switch|p2a: Orthworm|Orthworm, L88, F|97/266\n|turn|16\n|\n|t:|1770751507\n|move|p1b: Kommo-o|Body Press|p2a: Orthworm\n|-supereffective|p2a: Orthworm\n|-damage|p2a: Orthworm|0 fnt\n|faint|p2a: Orthworm\n|move|p1a: Weezing|Gunk Shot|p2b: Dondozo\n|-damage|p2b: Dondozo|253/394\n|move|p2b: Dondozo|Body Press|p1b: Kommo-o\n|-supereffective|p1b: Kommo-o\n|-damage|p1b: Kommo-o|43/248\n|\n|-heal|p1b: Kommo-o|58/248|[from] item: Leftovers\n|upkeep\n|turn|17\n|\n|t:|1770751519\n|move|p1b: Kommo-o|Body Press|p2b: Dondozo\n|-damage|p2b: Dondozo|181/394\n|move|p1a: Weezing|Gunk Shot|p2b: Dondozo|[miss]\n|-miss|p1a: Weezing|p2b: Dondozo\n|move|p2b: Dondozo|Body Press|p1b: Kommo-o\n|-supereffective|p1b: Kommo-o\n|-damage|p1b: Kommo-o|0 fnt\n|faint|p1b: Kommo-o\n|\n|upkeep\n|\n|t:|1770751525\n|switch|p1b: Sandaconda|Sandaconda, L88, F|270/270\n|turn|18\n|\n|t:|1770751535\n|move|p1b: Sandaconda|High Horsepower|p2b: Dondozo\n|-damage|p2b: Dondozo|79/394\n|move|p1a: Weezing|Fire Blast|p2b: Dondozo\n|-resisted|p2b: Dondozo\n|-damage|p2b: Dondozo|48/394\n|move|p2b: Dondozo|Wave Crash|p1b: Sandaconda\n|-supereffective|p1b: Sandaconda\n|-damage|p1b: Sandaconda|88/270\n|-damage|p2b: Dondozo|0 fnt|[from] Recoil\n|faint|p2b: Dondozo\n|\n|win|iamsonewplzbnice\n|raw|iamsonewplzbnice's rating: 1485 &rarr; <strong>1511</strong><br />(+26 for winning)\n|raw|Xenoblade4's rating: 1595 &rarr; <strong>1569</strong><br />(-26 for losing)\n|l|☆Xenoblade4\n|player|p2|\n", "inputlog": ">version ccdc32dd7cde25fd9e4bed64820e885f66e78a4e\n>start {\"formatid\":\"gen9randomdoublesbattle\",\"seed\":\"sodium,b77a9f9361b297ed865202c4b6fd72dd\",\"rated\":\"Rated battle\"}\n>player p1 {\"name\":\"iamsonewplzbnice\",\"avatar\":\"102\",\"rating\":1485,\"seed\":\"sodium,0973e662285c1dc6e320e8c8cae9770e\"}\n>player p2 {\"name\":\"Xenoblade4\",\"avatar\":\"2\",\"rating\":1595,\"seed\":\"sodium,fbef3127a0c3a298b899a58827fe8052\"}\n>p1 move willowisp +1, switch 6\n>p2 move knockoff +2, move dazzlinggleam\n>p1 switch 5, move ironhead +2\n>p2 switch 5, move protect\n>p1 move taunt +1, move ironhead +2\n>p2 move tailwind, switch 5\n>p1 move gunkshot +1, move thunderwave +1\n>p2 switch 5, move highhorsepower +2\n>p1 move gunkshot +1, switch 5\n>p2 switch 4, move knockoff +1\n>p1 move fireblast +1, switch 5\n>p2 move shedtail, move knockoff +2\n>p2 switch 3, pass\n>p1 move gunkshot +1, move ironhead +1\n>p2 move wildboltstorm, switch 4\n>p1 move gunkshot +1, move ironhead +1\n>p2 move wildboltstorm, move fireblast +2\n>p1 pass, switch 6\n>p2 switch 3, pass\n>p1 move taunt +1, move nastyplot\n>p2 move heavyslam +1, switch 4\n>p2 pass, switch 5\n>p1 switch 5, move psychic +2\n>p2 move heavyslam +2, move tailwind\n>p1 move dracometeor +2, move psychic +2\n>p2 move heavyslam +2, move bravebird +2\n>p1 pass, switch 4\n>p2 pass, switch 6\n>p1 move fireblast +1, move protect\n>p2 move heavyslam +2, move avalanche +2\n>p1 move willowisp +1, move irondefense terastallize\n>p2 switch 4, move avalanche +1\n>p1 switch 5, pass\n>p1 move gunkshot +1, move protect\n>p2 move fireblast +2 terastallize, move wavecrash +1\n>chat ☆iamsonewplzbnice|gg\n>p1 move gunkshot +2, move bodypress +1\n>p2 move fireblast +2, move bodypress +2\n>p2 switch 4, pass\n>p1 move gunkshot +2, move bodypress +1\n>p2 move bodypress +2, move bodypress +2\n>p1 move gunkshot +2, move bodypress +2\n>p2 pass, move bodypress +2\n>p1 pass, switch 3\n>p1 move fireblast +2, move highhorsepower +2\n>p2 pass, move wavecrash +2", "uploadtime": 1770751545, "views": 68, "formatid": "gen9randomdoublesbattle", "rating": 1511, "private": 0, "password": null}