{"id": "gen9randomdoublesbattle-2537067202", "format": "[Gen 9] Random Doubles Battle", "players": ["smeargle_fan227", "Skyhero752"], "log": "|j|☆smeargle_fan227\n|j|☆Skyhero752\n|t:|1770762183\n|gametype|doubles\n|player|p1|smeargle_fan227|169|1846\n|player|p2|Skyhero752|alec-anime|1829\n|gen|9\n|tier|[Gen 9] Random Doubles Battle\n|rated|\n|rule|Species Clause: Limit one of each Pokémon\n|rule|HP Percentage Mod: HP is shown in percentages\n|rule|Illusion Level Mod: Illusion disguises the Pokémon's true level\n|rule|Sleep Clause Mod: Limit one foe put to sleep\n|\n|t:|1770762183\n|teamsize|p1|6\n|teamsize|p2|6\n|start\n|switch|p1a: Gastrodon|Gastrodon-East, L82, F|316/316\n|switch|p1b: Bellossom|Bellossom, L87, M|272/272\n|switch|p2a: Toxtricity|Toxtricity-Low-Key, L82, F|257/257\n|switch|p2b: Vileplume|Vileplume, L89, M|278/278\n|turn|1\n|inactive|Battle timer is ON: inactive players will automatically lose when time's up. (requested by smeargle_fan227)\n|\n|t:|1770762216\n|switch|p2a: Vikavolt|Vikavolt, L84, F, shiny|267/267\n|switch|p1b: Slowking|Slowking-Galar, L86, M|304/304\n|move|p2b: Vileplume|Sludge Bomb|p1b: Slowking\n|-resisted|p1b: Slowking\n|-damage|p1b: Slowking|253/304\n|move|p1a: Gastrodon|Earth Power|p2a: Vikavolt\n|-immune|p2a: Vikavolt|[from] ability: Levitate\n|\n|upkeep\n|turn|2\n|\n|t:|1770762235\n|move|p2b: Vileplume|Stun Spore|p1a: Gastrodon|[miss]\n|-miss|p2b: Vileplume|p1a: Gastrodon\n|move|p2a: Vikavolt|Bug Buzz|p1b: Slowking\n|-damage|p1b: Slowking|144/304\n|move|p1a: Gastrodon|Muddy Water|p2b: Vileplume|[spread] p2a,p2b\n|-resisted|p2b: Vileplume\n|-damage|p2a: Vikavolt|188/267\n|-damage|p2b: Vileplume|250/278\n|-unboost|p2a: Vikavolt|accuracy|1\n|move|p1b: Slowking|Trick Room|p1b: Slowking\n|-fieldstart|move: Trick Room|[of] p1b: Slowking\n|\n|upkeep\n|turn|3\n|inactive|smeargle_fan227 has 120 seconds left.\n|\n|t:|1770762273\n|switch|p2a: Swampert|Swampert, L82, F|298/298\n|move|p1b: Slowking|Psychic|p2b: Vileplume\n|-supereffective|p2b: Vileplume\n|-damage|p2b: Vileplume|0 fnt\n|faint|p2b: Vileplume\n|-damage|p1b: Slowking|114/304|[from] item: Life Orb\n|move|p1a: Gastrodon|Muddy Water|p2a: Swampert|[miss]\n|-miss|p1a: Gastrodon|p2a: Swampert\n|\n|upkeep\n|\n|t:|1770762281\n|switch|p2b: Torkoal|Torkoal, L86, M|261/261\n|-weather|SunnyDay|[from] ability: Drought|[of] p2b: Torkoal\n|turn|4\n|\n|t:|1770762292\n|switch|p1b: Fezandipiti|Fezandipiti, L81, M|275/275\n|move|p2b: Torkoal|Solar Beam||[still]\n|-prepare|p2b: Torkoal|Solar Beam\n|-anim|p2b: Torkoal|Solar Beam|p1a: Gastrodon\n|-supereffective|p1a: Gastrodon\n|-damage|p1a: Gastrodon|0 fnt\n|faint|p1a: Gastrodon\n|move|p2a: Swampert|High Horsepower|p1b: Fezandipiti|[miss]\n|-miss|p2a: Swampert|p1b: Fezandipiti\n|\n|-weather|SunnyDay|[upkeep]\n|upkeep\n|\n|t:|1770762299\n|switch|p1a: Slowking|Slowking-Galar, L86, M|215/304\n|turn|5\n|inactive|smeargle_fan227 has 120 seconds left.\n|\n|t:|1770762355\n|switch|p1a: Bellossom|Bellossom, L87, M|272/272\n|move|p2b: Torkoal|Fire Blast|p1a: Bellossom\n|-supereffective|p1a: Bellossom\n|-damage|p1a: Bellossom|0 fnt\n|faint|p1a: Bellossom\n|move|p2a: Swampert|High Horsepower|p1b: Fezandipiti\n|-supereffective|p1b: Fezandipiti\n|-damage|p1b: Fezandipiti|53/275\n|-enditem|p1b: Fezandipiti|Sitrus Berry|[eat]\n|-heal|p1b: Fezandipiti|121/275|[from] item: Sitrus Berry\n|move|p1b: Fezandipiti|Roost|p1b: Fezandipiti\n|-heal|p1b: Fezandipiti|259/275\n|-singleturn|p1b: Fezandipiti|move: Roost\n|\n|-weather|SunnyDay|[upkeep]\n|upkeep\n|inactive|smeargle_fan227 has 90 seconds left.\n|\n|t:|1770762371\n|switch|p1a: Cacturne|Cacturne, L91, M|275/275\n|turn|6\n|\n|t:|1770762380\n|move|p1a: Cacturne|Spiky Shield|p1a: Cacturne\n|-singleturn|p1a: Cacturne|move: Protect\n|move|p2b: Torkoal|Will-O-Wisp|p1b: Fezandipiti\n|-status|p1b: Fezandipiti|brn\n|move|p2a: Swampert|Ice Beam|p1a: Cacturne\n|-activate|p1a: Cacturne|move: Protect\n|move|p1b: Fezandipiti|Roost|p1b: Fezandipiti\n|-heal|p1b: Fezandipiti|275/275 brn\n|-singleturn|p1b: Fezandipiti|move: Roost\n|\n|-weather|SunnyDay|[upkeep]\n|-damage|p1b: Fezandipiti|258/275 brn|[from] brn\n|-fieldend|move: Trick Room\n|upkeep\n|turn|7\n|inactive|smeargle_fan227 has 120 seconds left.\n|\n|t:|1770762407\n|-terastallize|p2a: Swampert|Fire\n|move|p1b: Fezandipiti|Moonblast|p2a: Swampert\n|-resisted|p2a: Swampert\n|-damage|p2a: Swampert|274/298\n|-unboost|p2a: Swampert|spa|1\n|move|p1a: Cacturne|Leaf Storm|p2a: Swampert\n|-resisted|p2a: Swampert\n|-damage|p2a: Swampert|196/298\n|-unboost|p1a: Cacturne|spa|2\n|-damage|p1a: Cacturne|248/275|[from] item: Life Orb\n|move|p2a: Swampert|High Horsepower|p1b: Fezandipiti\n|-supereffective|p1b: Fezandipiti\n|-damage|p1b: Fezandipiti|42/275 brn\n|move|p2b: Torkoal|Fire Blast|p1a: Cacturne\n|-supereffective|p1a: Cacturne\n|-damage|p1a: Cacturne|0 fnt\n|faint|p1a: Cacturne\n|\n|-weather|SunnyDay|[upkeep]\n|-damage|p1b: Fezandipiti|25/275 brn|[from] brn\n|upkeep\n|inactive|smeargle_fan227 has 90 seconds left.\n|\n|t:|1770762427\n|switch|p1a: Mewtwo|Mewtwo, L73|275/275\n|-ability|p1a: Mewtwo|Unnerve\n|turn|8\n|inactive|smeargle_fan227 has 90 seconds left.\n|\n|t:|1770762470\n|move|p1a: Mewtwo|Protect|p1a: Mewtwo\n|-singleturn|p1a: Mewtwo|Protect\n|move|p1b: Fezandipiti|Gunk Shot|p2a: Swampert\n|-damage|p2a: Swampert|140/298\n|-status|p2a: Swampert|psn\n|move|p2a: Swampert|High Horsepower|p1a: Mewtwo\n|-activate|p1a: Mewtwo|move: Protect\n|move|p2b: Torkoal|Fire Blast|p1a: Mewtwo\n|-activate|p1a: Mewtwo|move: Protect\n|\n|-weather|none\n|-damage|p2a: Swampert|103/298 psn|[from] psn\n|-damage|p1b: Fezandipiti|8/275 brn|[from] brn\n|upkeep\n|turn|9\n|inactive|smeargle_fan227 has 90 seconds left.\n|\n|t:|1770762485\n|move|p1a: Mewtwo|Psystrike|p2a: Swampert\n|-damage|p2a: Swampert|0 fnt\n|faint|p2a: Swampert\n|-damage|p1a: Mewtwo|248/275|[from] item: Life Orb\n|move|p1b: Fezandipiti|Roost|p1b: Fezandipiti\n|-heal|p1b: Fezandipiti|146/275 brn\n|-singleturn|p1b: Fezandipiti|move: Roost\n|move|p2b: Torkoal|Fire Blast|p1a: Mewtwo\n|-damage|p1a: Mewtwo|131/275\n|\n|-damage|p1b: Fezandipiti|129/275 brn|[from] brn\n|upkeep\n|\n|t:|1770762501\n|switch|p2a: Perrserker|Perrserker, L88, F|266/266\n|turn|10\n|\n|t:|1770762513\n|move|p1a: Mewtwo|Protect|p1a: Mewtwo\n|-singleturn|p1a: Mewtwo|Protect\n|move|p1b: Fezandipiti|Gunk Shot|p2b: Torkoal\n|-damage|p2b: Torkoal|221/261\n|-status|p2b: Torkoal|tox|[from] ability: Toxic Chain|[of] p1b: Fezandipiti\n|move|p2a: Perrserker|Iron Head|p1b: Fezandipiti\n|-supereffective|p1b: Fezandipiti\n|-damage|p1b: Fezandipiti|0 fnt\n|faint|p1b: Fezandipiti\n|move|p2b: Torkoal|Will-O-Wisp|p1a: Mewtwo\n|-activate|p1a: Mewtwo|move: Protect\n|\n|-damage|p2b: Torkoal|205/261 tox|[from] psn\n|upkeep\n|\n|t:|1770762528\n|switch|p1b: Slowking|Slowking-Galar, L86, M|304/304\n|turn|11\n|inactive|smeargle_fan227 has 120 seconds left.\n|inactive|smeargle_fan227 has 90 seconds left.\n|\n|t:|1770762563\n|switch|p2a: Toxtricity|Toxtricity-Low-Key, L82, F|257/257\n|move|p1a: Mewtwo|Aura Sphere|p2a: Toxtricity\n|-resisted|p2a: Toxtricity\n|-damage|p2a: Toxtricity|205/257\n|-damage|p1a: Mewtwo|104/275|[from] item: Life Orb\n|move|p2b: Torkoal|Fire Blast|p1a: Mewtwo\n|-crit|p1a: Mewtwo\n|-damage|p1a: Mewtwo|0 fnt\n|faint|p1a: Mewtwo\n|move|p1b: Slowking|Psychic|p2a: Toxtricity\n|-supereffective|p2a: Toxtricity\n|-damage|p2a: Toxtricity|0 fnt\n|faint|p2a: Toxtricity\n|-damage|p1b: Slowking|274/304|[from] item: Life Orb\n|\n|-damage|p2b: Torkoal|173/261 tox|[from] psn\n|upkeep\n|\n|t:|1770762575\n|switch|p2a: Perrserker|Perrserker, L88, F|266/266\n|turn|12\n|-message|smeargle_fan227 forfeited.\n|\n|win|Skyhero752\n|raw|smeargle_fan227's rating: 1846 &rarr; <strong>1825</strong><br />(-21 for losing)\n|raw|Skyhero752's rating: 1829 &rarr; <strong>1850</strong><br />(+21 for winning)\n|l|☆smeargle_fan227\n|player|p1|\n", "inputlog": ">version ccdc32dd7cde25fd9e4bed64820e885f66e78a4e\n>start {\"formatid\":\"gen9randomdoublesbattle\",\"seed\":\"sodium,4bdb6ac52d8bc9e2d537135d1d3cd488\",\"rated\":\"Rated battle\"}\n>player p1 {\"name\":\"smeargle_fan227\",\"avatar\":\"169\",\"rating\":1846,\"seed\":\"sodium,4d0d3a6289ea86a3bf20b51ecadbda13\"}\n>player p2 {\"name\":\"Skyhero752\",\"avatar\":\"alec-anime\",\"rating\":1829,\"seed\":\"sodium,796e723a5b1a1c52bec63f6ac6789186\"}\n>p1 move earthpower +1, switch 5\n>p2 switch 6, move sludgebomb +2\n>p1 move muddywater, move trickroom\n>p2 move bugbuzz +2, move stunspore +1\n>p1 move muddywater, move psychic +2\n>p2 switch 4, move stunspore +1\n>p2 pass, switch 5\n>p1 move earthpower +2, switch 3\n>p2 move highhorsepower +2, move solarbeam +1\n>p1 switch 3, pass\n>p1 switch 5, move roost\n>p2 move highhorsepower +1, move fireblast +1\n>p1 switch 4, pass\n>p1 move spikyshield, move roost\n>p2 move icebeam +1, move willowisp +2\n>p1 move leafstorm +1, move moonblast +1\n>p2 move highhorsepower +2 terastallize, move fireblast +1\n>p1 switch 6, pass\n>p1 move protect, move gunkshot +1\n>p2 move highhorsepower +1, move fireblast +1\n>p1 move psystrike +1, move roost\n>p2 move flipturn +1, move fireblast +1\n>p2 switch 3, pass\n>p1 move protect, move gunkshot +2\n>p2 move ironhead +2, move willowisp +1\n>p1 pass, switch 5\n>p1 move aurasphere +1, move psychic +1\n>p2 switch 6, move fireblast +1\n>p2 switch 6, pass\n>forcelose p1", "uploadtime": 1770762595, "views": 91, "formatid": "gen9randomdoublesbattle", "rating": 1825, "private": 0, "password": null}