{"id": "gen9randomdoublesbattle-2535137082", "format": "[Gen 9] Random Doubles Battle", "players": ["chronikler", "polelover44"], "log": "|j|☆chronikler\n|j|☆polelover44\n|t:|1770518658\n|gametype|doubles\n|player|p1|chronikler|rocketgrunt|1705\n|player|p2|polelover44|1|1678\n|gen|9\n|tier|[Gen 9] Random Doubles Battle\n|rated|\n|rule|Species Clause: Limit one of each Pokémon\n|rule|HP Percentage Mod: HP is shown in percentages\n|rule|Illusion Level Mod: Illusion disguises the Pokémon's true level\n|rule|Sleep Clause Mod: Limit one foe put to sleep\n|\n|t:|1770518658\n|teamsize|p1|6\n|teamsize|p2|6\n|start\n|switch|p1a: Sneasler|Sneasler, L77, F|250/250\n|switch|p1b: Swanna|Swanna, L87, F|272/272\n|switch|p2a: Sableye|Sableye, L92, M|241/241\n|switch|p2b: Archaludon|Archaludon, L77, M|265/265\n|turn|1\n|\n|t:|1770518678\n|switch|p2b: Qwilfish|Qwilfish, L87, M|255/255\n|-ability|p2b: Qwilfish|Intimidate|boost\n|-unboost|p1a: Sneasler|atk|1\n|-unboost|p1b: Swanna|atk|1\n|-enditem|p1a: Sneasler|White Herb\n|-clearnegativeboost|p1a: Sneasler|[silent]\n|move|p2a: Sableye|Fake Out|p1a: Sneasler\n|-damage|p1a: Sneasler|211/250\n|cant|p1a: Sneasler|flinch\n|move|p1b: Swanna|Tailwind|p1b: Swanna\n|-sidestart|p1: chronikler|move: Tailwind\n|\n|upkeep\n|turn|2\n|\n|t:|1770518699\n|move|p2a: Sableye|Will-O-Wisp|p1a: Sneasler\n|-status|p1a: Sneasler|brn\n|move|p1a: Sneasler|Swords Dance|p1a: Sneasler\n|-boost|p1a: Sneasler|atk|2\n|move|p1b: Swanna|Hydro Pump|p2a: Sableye\n|-damage|p2a: Sableye|117/241\n|-enditem|p2a: Sableye|Sitrus Berry|[eat]\n|-heal|p2a: Sableye|177/241|[from] item: Sitrus Berry\n|move|p2b: Qwilfish|Toxic Spikes|p1a: Sneasler\n|-sidestart|p1: chronikler|move: Toxic Spikes\n|\n|-damage|p1a: Sneasler|196/250 brn|[from] brn\n|upkeep\n|turn|3\n|\n|t:|1770518723\n|switch|p1a: Excadrill|Excadrill, L82, F|315/315\n|-ability|p1a: Excadrill|Mold Breaker\n|move|p1b: Swanna|Knock Off|p2b: Qwilfish\n|-damage|p2b: Qwilfish|212/255\n|-enditem|p2b: Qwilfish|Sitrus Berry|[from] move: Knock Off|[of] p1b: Swanna\n|move|p2b: Qwilfish|Icy Wind|p1a: Excadrill|[spread] p1a,p1b\n|-damage|p1a: Excadrill|296/315\n|-damage|p1b: Swanna|248/272\n|-unboost|p1a: Excadrill|spe|1\n|-unboost|p1b: Swanna|spe|1\n|move|p2a: Sableye|Foul Play|p1b: Swanna\n|-damage|p1b: Swanna|155/272\n|\n|upkeep\n|turn|4\n|\n|t:|1770518740\n|switch|p1a: Sneasler|Sneasler, L77, F|196/250 brn\n|-sideend|p1: chronikler|move: Toxic Spikes|[of] p1a: Sneasler\n|move|p2a: Sableye|Will-O-Wisp|p1a: Sneasler|[miss]\n|-miss|p2a: Sableye|p1a: Sneasler\n|move|p1b: Swanna|Hydro Pump|p2a: Sableye|[miss]\n|-miss|p1b: Swanna|p2a: Sableye\n|move|p2b: Qwilfish|Icy Wind|p1a: Sneasler|[spread] p1a,p1b\n|-damage|p1a: Sneasler|172/250 brn\n|-damage|p1b: Swanna|130/272\n|-unboost|p1a: Sneasler|spe|1\n|-unboost|p1b: Swanna|spe|1\n|-enditem|p1b: Swanna|Sitrus Berry|[eat]\n|-heal|p1b: Swanna|198/272|[from] item: Sitrus Berry\n|\n|-damage|p1a: Sneasler|157/250 brn|[from] brn\n|-sideend|p1: chronikler|move: Tailwind\n|upkeep\n|turn|5\n|\n|t:|1770518772\n|switch|p2a: Incineroar|Incineroar, L78, F|276/276\n|-ability|p2a: Incineroar|Intimidate|boost\n|-unboost|p1a: Sneasler|atk|1\n|-unboost|p1b: Swanna|atk|1\n|move|p2b: Qwilfish|Gunk Shot|p1b: Swanna\n|-damage|p1b: Swanna|26/272\n|move|p1a: Sneasler|Swords Dance|p1a: Sneasler\n|-boost|p1a: Sneasler|atk|2\n|move|p1b: Swanna|Tailwind|p1b: Swanna\n|-sidestart|p1: chronikler|move: Tailwind\n|\n|-damage|p1a: Sneasler|142/250 brn|[from] brn\n|upkeep\n|turn|6\n|\n|t:|1770518786\n|move|p2a: Incineroar|Fake Out|p1a: Sneasler\n|-damage|p1a: Sneasler|102/250 brn\n|cant|p1a: Sneasler|flinch\n|move|p1b: Swanna|Hydro Pump|p2a: Incineroar\n|-supereffective|p2a: Incineroar\n|-damage|p2a: Incineroar|16/276\n|move|p2b: Qwilfish|Icy Wind|p1b: Swanna|[spread] p1a,p1b\n|-damage|p1a: Sneasler|75/250 brn\n|-damage|p1b: Swanna|0 fnt\n|-unboost|p1a: Sneasler|spe|1\n|faint|p1b: Swanna\n|\n|-damage|p1a: Sneasler|60/250 brn|[from] brn\n|upkeep\n|\n|t:|1770518796\n|switch|p1b: Hawlucha|Hawlucha, L84, M|268/268\n|turn|7\n|\n|t:|1770518802\n|switch|p2a: Sableye|Sableye, L92, M|177/241\n|move|p1b: Hawlucha|Close Combat|p2a: Sableye\n|-immune|p2a: Sableye\n|move|p1a: Sneasler|Dire Claw|p2b: Qwilfish\n|-resisted|p2b: Qwilfish\n|-crit|p2b: Qwilfish\n|-damage|p2b: Qwilfish|163/255\n|move|p2b: Qwilfish|Icy Wind|p1a: Sneasler|[spread] p1a,p1b\n|-supereffective|p1b: Hawlucha\n|-damage|p1a: Sneasler|36/250 brn\n|-damage|p1b: Hawlucha|212/268\n|-unboost|p1a: Sneasler|spe|1\n|-unboost|p1b: Hawlucha|spe|1\n|-enditem|p1b: Hawlucha|White Herb\n|-clearnegativeboost|p1b: Hawlucha|[silent]\n|\n|-damage|p1a: Sneasler|21/250 brn|[from] brn\n|upkeep\n|turn|8\n|\n|t:|1770518819\n|move|p2a: Sableye|Will-O-Wisp|p1b: Hawlucha\n|-status|p1b: Hawlucha|brn\n|move|p1b: Hawlucha|Swords Dance|p1b: Hawlucha\n|-boost|p1b: Hawlucha|atk|2\n|move|p2b: Qwilfish|Icy Wind|p1b: Hawlucha|[spread] p1a,p1b\n|-supereffective|p1b: Hawlucha\n|-crit|p1b: Hawlucha\n|-damage|p1a: Sneasler|0 fnt\n|-damage|p1b: Hawlucha|128/268 brn\n|-unboost|p1b: Hawlucha|spe|1\n|faint|p1a: Sneasler\n|\n|-damage|p1b: Hawlucha|112/268 brn|[from] brn\n|-sideend|p1: chronikler|move: Tailwind\n|upkeep\n|\n|t:|1770518825\n|switch|p1a: Avalugg|Avalugg-Hisui, L88, F|310/310\n|turn|9\n|\n|t:|1770518835\n|move|p2a: Sableye|Will-O-Wisp|p1a: Avalugg\n|-status|p1a: Avalugg|brn\n|move|p1b: Hawlucha|Brave Bird|p2a: Sableye\n|-damage|p2a: Sableye|49/241\n|-damage|p1b: Hawlucha|70/268 brn|[from] Recoil\n|move|p2b: Qwilfish|Icy Wind|p1b: Hawlucha|[spread] p1a,p1b\n|-resisted|p1a: Avalugg\n|-supereffective|p1b: Hawlucha\n|-damage|p1a: Avalugg|293/310 brn\n|-damage|p1b: Hawlucha|16/268 brn\n|-unboost|p1a: Avalugg|spe|1\n|-unboost|p1b: Hawlucha|spe|1\n|move|p1a: Avalugg|Icicle Spear|p2a: Sableye\n|-damage|p2a: Sableye|31/241\n|-damage|p2a: Sableye|13/241\n|-damage|p2a: Sableye|0 fnt\n|faint|p2a: Sableye\n|-hitcount|p2: Sableye|3\n|\n|-damage|p1b: Hawlucha|0 fnt|[from] brn\n|faint|p1b: Hawlucha\n|-damage|p1a: Avalugg|274/310 brn|[from] brn\n|upkeep\n|\n|t:|1770518858\n|switch|p1b: Excadrill|Excadrill, L82, F|296/315\n|switch|p2a: Donphan|Donphan, L87, F|298/298\n|-ability|p1b: Excadrill|Mold Breaker\n|turn|10\n|\n|t:|1770518869\n|move|p2b: Qwilfish|Icy Wind|p1a: Avalugg|[spread] p1a,p1b\n|-resisted|p1a: Avalugg\n|-damage|p1a: Avalugg|257/310 brn\n|-damage|p1b: Excadrill|279/315\n|-unboost|p1a: Avalugg|spe|1\n|-unboost|p1b: Excadrill|spe|1\n|move|p2a: Donphan|High Horsepower|p1b: Excadrill\n|-supereffective|p1b: Excadrill\n|-damage|p1b: Excadrill|0 fnt\n|faint|p1b: Excadrill\n|move|p1a: Avalugg|Icicle Spear|p2a: Donphan\n|-supereffective|p2a: Donphan\n|-damage|p2a: Donphan|268/298\n|-supereffective|p2a: Donphan\n|-damage|p2a: Donphan|238/298\n|-supereffective|p2a: Donphan\n|-damage|p2a: Donphan|207/298\n|-supereffective|p2a: Donphan\n|-damage|p2a: Donphan|179/298\n|-hitcount|p2a: Donphan|4\n|\n|-damage|p1a: Avalugg|238/310 brn|[from] brn\n|upkeep\n|inactive|Battle timer is ON: inactive players will automatically lose when time's up. (requested by polelover44)\n|inactive|chronikler has 120 seconds left.\n|inactive|chronikler has 90 seconds left.\n|inactive|chronikler has 60 seconds left.\n|\n|t:|1770519045\n|switch|p1b: Snorlax|Snorlax, L84, M|406/406\n|turn|11\n|inactive|chronikler has 120 seconds left.\n|\n|t:|1770519053\n|switch|p2b: Incineroar|Incineroar, L78, F|16/276\n|-ability|p2b: Incineroar|Intimidate|boost\n|-unboost|p1a: Avalugg|atk|1\n|-unboost|p1b: Snorlax|atk|1\n|move|p2a: Donphan|Knock Off|p1b: Snorlax\n|-damage|p1b: Snorlax|297/406\n|-enditem|p1b: Snorlax|Aguav Berry|[from] move: Knock Off|[of] p2a: Donphan\n|move|p1b: Snorlax|Curse|p1b: Snorlax\n|-unboost|p1b: Snorlax|spe|1\n|-boost|p1b: Snorlax|atk|1\n|-boost|p1b: Snorlax|def|1\n|move|p1a: Avalugg|Icicle Spear|p2a: Donphan\n|-supereffective|p2a: Donphan\n|-damage|p2a: Donphan|158/298\n|-supereffective|p2a: Donphan\n|-damage|p2a: Donphan|140/298\n|-supereffective|p2a: Donphan\n|-damage|p2a: Donphan|119/298\n|-supereffective|p2a: Donphan\n|-damage|p2a: Donphan|101/298\n|-supereffective|p2a: Donphan\n|-damage|p2a: Donphan|80/298\n|-hitcount|p2a: Donphan|5\n|\n|-damage|p1a: Avalugg|219/310 brn|[from] brn\n|upkeep\n|turn|12\n|\n|t:|1770519070\n|move|p2b: Incineroar|Parting Shot|p1b: Snorlax\n|-unboost|p1b: Snorlax|atk|1\n|-unboost|p1b: Snorlax|spa|1\n|\n|t:|1770519073\n|switch|p2b: Qwilfish|Qwilfish, L87, M|163/255|[from] Parting Shot\n|-ability|p2b: Qwilfish|Intimidate|boost\n|-unboost|p1a: Avalugg|atk|1\n|-unboost|p1b: Snorlax|atk|1\n|move|p2a: Donphan|High Horsepower|p1b: Snorlax\n|-damage|p1b: Snorlax|189/406\n|move|p1b: Snorlax|Curse|p1b: Snorlax\n|-unboost|p1b: Snorlax|spe|1\n|-boost|p1b: Snorlax|atk|1\n|-boost|p1b: Snorlax|def|1\n|move|p1a: Avalugg|Rock Blast|p2b: Qwilfish\n|-damage|p2b: Qwilfish|154/255\n|-damage|p2b: Qwilfish|145/255\n|-damage|p2b: Qwilfish|136/255\n|-damage|p2b: Qwilfish|127/255\n|-hitcount|p2b: Qwilfish|4\n|\n|-damage|p1a: Avalugg|200/310 brn|[from] brn\n|upkeep\n|turn|13\n|\n|t:|1770519085\n|move|p2b: Qwilfish|Gunk Shot|p1b: Snorlax|[miss]\n|-miss|p2b: Qwilfish|p1b: Snorlax\n|move|p2a: Donphan|High Horsepower|p1b: Snorlax\n|-damage|p1b: Snorlax|104/406\n|move|p1a: Avalugg|Icicle Spear|p2a: Donphan\n|-supereffective|p2a: Donphan\n|-damage|p2a: Donphan|65/298\n|-supereffective|p2a: Donphan\n|-damage|p2a: Donphan|50/298\n|-supereffective|p2a: Donphan\n|-damage|p2a: Donphan|35/298\n|-supereffective|p2a: Donphan\n|-damage|p2a: Donphan|22/298\n|-supereffective|p2a: Donphan\n|-damage|p2a: Donphan|7/298\n|-hitcount|p2a: Donphan|5\n|move|p1b: Snorlax|Curse|p1b: Snorlax\n|-unboost|p1b: Snorlax|spe|1\n|-boost|p1b: Snorlax|atk|1\n|-boost|p1b: Snorlax|def|1\n|\n|-damage|p1a: Avalugg|181/310 brn|[from] brn\n|upkeep\n|turn|14\n|\n|t:|1770519103\n|move|p2b: Qwilfish|Gunk Shot|p1b: Snorlax\n|-damage|p1b: Snorlax|31/406\n|move|p2a: Donphan|High Horsepower|p1b: Snorlax\n|-damage|p1b: Snorlax|0 fnt\n|faint|p1b: Snorlax\n|move|p1a: Avalugg|Icicle Spear|p2a: Donphan\n|-supereffective|p2a: Donphan\n|-damage|p2a: Donphan|0 fnt\n|faint|p2a: Donphan\n|-hitcount|p2: Donphan|1\n|\n|-damage|p1a: Avalugg|162/310 brn|[from] brn\n|upkeep\n|\n|t:|1770519111\n|switch|p2a: Archaludon|Archaludon, L77, M|265/265\n|turn|15\n|l|☆chronikler\n|inactive|chronikler disconnected and has a minute to reconnect!\n|player|p1|\n|j|☆chronikler\n|inactive|chronikler reconnected and has 140 seconds left.\n|player|p1|chronikler|rocketgrunt|\n|-message|chronikler forfeited.\n|\n|win|polelover44\n|raw|chronikler's rating: 1705 &rarr; <strong>1683</strong><br />(-22 for losing)\n|raw|polelover44's rating: 1678 &rarr; <strong>1700</strong><br />(+22 for winning)\n|l|☆chronikler\n|player|p1|\n", "inputlog": ">version ccdc32dd7cde25fd9e4bed64820e885f66e78a4e\n>start {\"formatid\":\"gen9randomdoublesbattle\",\"seed\":\"sodium,41222be913f9fafbac14c9dfebe68244\",\"rated\":\"Rated battle\"}\n>player p1 {\"name\":\"chronikler\",\"avatar\":\"rocketgrunt\",\"rating\":1705,\"seed\":\"sodium,ed102b9dc1867e1940d2032075aa83a9\"}\n>player p2 {\"name\":\"polelover44\",\"avatar\":\"1\",\"rating\":1678,\"seed\":\"sodium,617e333a5ff8854d580a2e0542ab7b6e\"}\n>p1 move swordsdance, move tailwind\n>p2 move fakeout +1, switch 3\n>p1 move swordsdance, move hydropump +1\n>p2 move willowisp +1, move toxicspikes\n>p1 switch 5, move knockoff +2\n>p2 move foulplay +2, move icywind\n>p1 switch 5, move hydropump +1\n>p2 move willowisp +1, move icywind\n>p1 move swordsdance, move tailwind\n>p2 switch 4, move gunkshot +2\n>p1 move closecombat +1, move hydropump +1\n>p2 move fakeout +1, move icywind\n>p1 pass, switch 6\n>p1 move direclaw +2, move closecombat +1\n>p2 switch 4, move icywind\n>p1 move direclaw +2, move swordsdance\n>p2 move willowisp +2, move icywind\n>p1 switch 4, pass\n>p1 move iciclespear +1, move bravebird +1\n>p2 move willowisp +1, move icywind\n>p1 pass, switch 5\n>p2 switch 6, pass\n>p1 move iciclespear +1, move highhorsepower +2\n>p2 move highhorsepower +2, move icywind\n>p1 pass, switch 3\n>p1 move iciclespear +1, move curse\n>p2 move knockoff +2, switch 4\n>p1 move rockblast +2, move curse\n>p2 move highhorsepower +2, move partingshot +2\n>p2 pass, switch 4\n>p1 move iciclespear +1, move curse\n>p2 move highhorsepower +2, move gunkshot +2\n>p1 move iciclespear +1, move recycle\n>p2 move highhorsepower +2, move gunkshot +2\n>p2 switch 3, pass\n>forcelose p1", "uploadtime": 1770519251, "views": 104, "formatid": "gen9randomdoublesbattle", "rating": 1683, "private": 0, "password": null}