{"id": "gen9randomdoublesbattle-2538021849", "format": "[Gen 9] Random Doubles Battle", "players": ["will_li52", "baseballlover"], "log": "|j|☆will_li52\n|j|☆baseballlover\n|t:|1770879304\n|gametype|doubles\n|player|p1|will_li52|101|1575\n|player|p2|baseballlover|102|1626\n|gen|9\n|tier|[Gen 9] Random Doubles Battle\n|rated|\n|rule|Species Clause: Limit one of each Pokémon\n|rule|HP Percentage Mod: HP is shown in percentages\n|rule|Illusion Level Mod: Illusion disguises the Pokémon's true level\n|rule|Sleep Clause Mod: Limit one foe put to sleep\n|\n|t:|1770879304\n|teamsize|p1|6\n|teamsize|p2|6\n|start\n|switch|p1a: Iron Jugulis|Iron Jugulis, L79|278/278\n|switch|p1b: Terrakion|Terrakion, L78|270/270\n|switch|p2a: Furret|Furret, L98, M|325/325\n|switch|p2b: Volcarona|Volcarona, L78, F|261/261\n|-item|p1a: Iron Jugulis|Life Orb|[from] ability: Frisk|[of] p2a: Furret\n|-item|p1b: Terrakion|Life Orb|[from] ability: Frisk|[of] p2a: Furret\n|turn|1\n|inactive|Battle timer is ON: inactive players will automatically lose when time's up. (requested by baseballlover)\n|inactive|will_li52 also wants the timer to be on.\n|inactive|will_li52 has 120 seconds left.\n|inactive|baseballlover has 120 seconds left.\n|\n|t:|1770879359\n|switch|p2b: Gogoat|Gogoat, L90, M|368/368\n|move|p2a: Furret|U-turn|p1a: Iron Jugulis\n|-damage|p1a: Iron Jugulis|218/278\n|\n|t:|1770879374\n|switch|p2a: Veluza|Veluza, L88, F|302/302|[from] U-turn\n|move|p1a: Iron Jugulis|Taunt|p2a: Veluza\n|-start|p2a: Veluza|move: Taunt\n|move|p1b: Terrakion|Rock Slide|p2a: Veluza|[spread] p2a,p2b\n|-damage|p2a: Veluza|205/302\n|-damage|p2b: Gogoat|273/368\n|-damage|p1b: Terrakion|243/270|[from] item: Life Orb\n|\n|upkeep\n|turn|2\n|inactive|will_li52 has 120 seconds left.\n|\n|t:|1770879419\n|switch|p2b: Furret|Furret, L98, M|325/325\n|-item|p1a: Iron Jugulis|Life Orb|[from] ability: Frisk|[of] p2b: Furret\n|-item|p1b: Terrakion|Life Orb|[from] ability: Frisk|[of] p2b: Furret\n|-terastallize|p1b: Terrakion|Fighting\n|move|p1a: Iron Jugulis|Hurricane|p2b: Furret\n|-damage|p2b: Furret|114/325\n|-enditem|p2b: Furret|Sitrus Berry|[eat]\n|-heal|p2b: Furret|195/325|[from] item: Sitrus Berry\n|-damage|p1a: Iron Jugulis|191/278|[from] item: Life Orb\n|move|p1b: Terrakion|Rock Slide|p2a: Veluza|[spread] p2a,p2b\n|-damage|p2a: Veluza|111/302\n|-damage|p2b: Furret|105/325\n|-damage|p1b: Terrakion|216/270|[from] item: Life Orb\n|move|p2a: Veluza|Aqua Cutter|p1b: Terrakion\n|-damage|p1b: Terrakion|11/270\n|\n|upkeep\n|turn|3\n|\n|t:|1770879447\n|move|p1b: Terrakion|Protect|p1b: Terrakion\n|-singleturn|p1b: Terrakion|Protect\n|move|p2b: Furret|U-turn|p1b: Terrakion\n|-activate|p1b: Terrakion|move: Protect\n|move|p1a: Iron Jugulis|Dark Pulse|p2a: Veluza\n|-supereffective|p2a: Veluza\n|-damage|p2a: Veluza|0 fnt\n|faint|p2a: Veluza\n|-damage|p1a: Iron Jugulis|164/278|[from] item: Life Orb\n|\n|upkeep\n|inactive|baseballlover has 120 seconds left.\n|\n|t:|1770879483\n|switch|p2a: Iron Treads|Iron Treads, L81|278/278\n|turn|4\n|\n|t:|1770879509\n|move|p2b: Furret|Body Slam|p1b: Terrakion\n|-damage|p1b: Terrakion|0 fnt\n|faint|p1b: Terrakion\n|move|p2a: Iron Treads|Iron Head|p1a: Iron Jugulis\n|-damage|p1a: Iron Jugulis|64/278\n|move|p1a: Iron Jugulis|Earth Power|p2a: Iron Treads\n|-supereffective|p2a: Iron Treads\n|-damage|p2a: Iron Treads|125/278\n|-damage|p1a: Iron Jugulis|37/278|[from] item: Life Orb\n|\n|upkeep\n|\n|t:|1770879515\n|switch|p1b: Altaria|Altaria, L91, M|284/284\n|turn|5\n|\n|t:|1770879522\n|move|p2b: Furret|Body Slam|p1a: Iron Jugulis\n|-damage|p1a: Iron Jugulis|0 fnt\n|faint|p1a: Iron Jugulis\n|-end|p1a: Iron Jugulis|Quark Drive|[silent]\n|move|p2a: Iron Treads|Iron Head|p1b: Altaria\n|-damage|p1b: Altaria|203/284\n|move|p1b: Altaria|Tailwind|p1b: Altaria\n|-sidestart|p1: will_li52|move: Tailwind\n|\n|upkeep\n|\n|t:|1770879534\n|switch|p1a: Komala|Komala, L92, M|269/269\n|-ability|p1a: Komala|Comatose\n|turn|6\n|\n|t:|1770879545\n|move|p1b: Altaria|Brave Bird|p2b: Furret\n|-damage|p2b: Furret|0 fnt\n|faint|p2b: Furret\n|-damage|p1b: Altaria|168/284|[from] Recoil\n|move|p1a: Komala|Wood Hammer|p2a: Iron Treads\n|-damage|p2a: Iron Treads|26/278\n|-damage|p1a: Komala|236/269|[from] Recoil\n|move|p2a: Iron Treads|Iron Head|p1b: Altaria\n|-damage|p1b: Altaria|89/284\n|-enditem|p1b: Altaria|Sitrus Berry|[eat]\n|-heal|p1b: Altaria|160/284|[from] item: Sitrus Berry\n|\n|upkeep\n|\n|t:|1770879567\n|switch|p2b: Hoopa|Hoopa-Unbound, L80|259/259\n|turn|7\n|\n|t:|1770879593\n|move|p1b: Altaria|Brave Bird|p2a: Iron Treads\n|-resisted|p2a: Iron Treads\n|-damage|p2a: Iron Treads|0 fnt\n|faint|p2a: Iron Treads\n|-end|p2a: Iron Treads|Quark Drive|[silent]\n|-damage|p1b: Altaria|151/284|[from] Recoil\n|move|p1a: Komala|Double-Edge|p2b: Hoopa\n|-damage|p2b: Hoopa|34/259\n|-damage|p1a: Komala|162/269|[from] Recoil\n|move|p2b: Hoopa|Hyperspace Fury|p1b: Altaria\n|-damage|p1b: Altaria|13/284\n|-unboost|p2b: Hoopa|def|1\n|\n|upkeep\n|inactive|baseballlover has 120 seconds left.\n|\n|t:|1770879614\n|switch|p2a: Gogoat|Gogoat, L90, M|273/368\n|turn|8\n|\n|t:|1770879633\n|move|p1b: Altaria|Brave Bird|p2a: Gogoat\n|-supereffective|p2a: Gogoat\n|-damage|p2a: Gogoat|7/368\n|-damage|p1b: Altaria|0 fnt|[from] Recoil\n|faint|p1b: Altaria\n|move|p1a: Komala|Double-Edge|p2b: Hoopa\n|-damage|p2b: Hoopa|0 fnt\n|faint|p2b: Hoopa\n|-damage|p1a: Komala|151/269|[from] Recoil\n|move|p2a: Gogoat|Horn Leech|p1a: Komala\n|-damage|p1a: Komala|37/269\n|-heal|p2a: Gogoat|64/368|[from] drain|[of] p1a: Komala\n|\n|-sideend|p1: will_li52|move: Tailwind\n|upkeep\n|\n|t:|1770879648\n|switch|p1b: Typhlosion|Typhlosion-Hisui, L77, F|239/239\n|switch|p2b: Volcarona|Volcarona, L78, F|261/261\n|-item|p2a: Gogoat|Assault Vest|[from] ability: Frisk|[of] p1b: Typhlosion\n|-item|p2b: Volcarona|Heavy-Duty Boots|[from] ability: Frisk|[of] p1b: Typhlosion\n|turn|9\n|\n|t:|1770879665\n|move|p1a: Komala|Sucker Punch|p2b: Volcarona\n|-damage|p2b: Volcarona|163/261\n|move|p2b: Volcarona|Heat Wave|p1a: Komala|[spread] p1a,p1b\n|-resisted|p1b: Typhlosion\n|-damage|p1a: Komala|0 fnt\n|-damage|p1b: Typhlosion|189/239\n|faint|p1a: Komala\n|move|p1b: Typhlosion|Heat Wave|p2b: Volcarona|[spread] p2b\n|-miss|p1b: Typhlosion|p2a: Gogoat\n|-damage|p2b: Volcarona|67/261\n|move|p2a: Gogoat|High Horsepower|p1b: Typhlosion\n|-supereffective|p1b: Typhlosion\n|-damage|p1b: Typhlosion|0 fnt\n|faint|p1b: Typhlosion\n|\n|upkeep\n|\n|t:|1770879668\n|switch|p1b: Garganacl|Garganacl, L81, M|295/295\n|turn|10\n|\n|t:|1770879685\n|move|p2b: Volcarona|Rage Powder|p2b: Volcarona\n|-singleturn|p2b: Volcarona|move: Rage Powder\n|move|p2a: Gogoat|Horn Leech|p1b: Garganacl\n|-supereffective|p1b: Garganacl\n|-damage|p1b: Garganacl|143/295\n|-heal|p2a: Gogoat|140/368|[from] drain|[of] p1b: Garganacl\n|move|p1b: Garganacl|Salt Cure|p2b: Volcarona\n|-supereffective|p2b: Volcarona\n|-damage|p2b: Volcarona|0 fnt\n|faint|p2b: Volcarona\n|\n|-heal|p1b: Garganacl|161/295|[from] item: Leftovers\n|upkeep\n|turn|11\n|inactive|will_li52 has 120 seconds left.\n|\n|t:|1770879727\n|-terastallize|p2a: Gogoat|Ground\n|move|p1b: Garganacl|Protect|p1b: Garganacl\n|-singleturn|p1b: Garganacl|Protect\n|move|p2a: Gogoat|Leaf Storm|p1b: Garganacl\n|-activate|p1b: Garganacl|move: Protect\n|\n|-heal|p1b: Garganacl|179/295|[from] item: Leftovers\n|upkeep\n|turn|12\n|inactive|baseballlover has 120 seconds left.\n|\n|t:|1770879762\n|move|p2a: Gogoat|Leaf Storm|p1b: Garganacl\n|-supereffective|p1b: Garganacl\n|-damage|p1b: Garganacl|0 fnt\n|-unboost|p2a: Gogoat|spa|2\n|faint|p1b: Garganacl\n|\n|win|baseballlover\n|raw|will_li52's rating: 1575 &rarr; <strong>1558</strong><br />(-17 for losing)\n|raw|baseballlover's rating: 1626 &rarr; <strong>1643</strong><br />(+17 for winning)\n", "inputlog": ">version ccdc32dd7cde25fd9e4bed64820e885f66e78a4e\n>start {\"formatid\":\"gen9randomdoublesbattle\",\"seed\":\"sodium,d5730d128326df4415a9a730f90025be\",\"rated\":\"Rated battle\"}\n>player p1 {\"name\":\"will_li52\",\"avatar\":\"101\",\"rating\":1575,\"seed\":\"sodium,53d904b8ee6fccef8878c9bb577ca5b8\"}\n>player p2 {\"name\":\"baseballlover\",\"avatar\":\"102\",\"rating\":1626,\"seed\":\"sodium,597dd0df4f216baa3fd6d6c4874b73d2\"}\n>p1 move taunt +1, move rockslide\n>p2 move uturn +1, switch 4\n>p2 switch 3, pass\n>p1 move hurricane +2, move rockslide terastallize\n>p2 move aquacutter +2, switch 3\n>p1 move darkpulse +1, move protect\n>p2 move aquacutter +1, move uturn +2\n>p2 switch 5, pass\n>p1 move earthpower +1, move rockslide\n>p2 move ironhead +1, move bodyslam +2\n>p1 pass, switch 4\n>p1 move earthpower +1, move tailwind\n>p2 move ironhead +2, move bodyslam +1\n>p1 switch 6, pass\n>p1 move woodhammer +1, move bravebird +2\n>p2 move ironhead +2, move bodyslam +1\n>p2 pass, switch 6\n>p1 move doubleedge +2, move bravebird +1\n>p2 move ironhead +2, move hyperspacefury +2\n>p2 switch 3, pass\n>p1 move doubleedge +2, move bravebird +1\n>p2 move hornleech +1, move hyperspacefury +1\n>p1 pass, switch 5\n>p2 pass, switch 4\n>p1 move suckerpunch +2, move heatwave\n>p2 move highhorsepower +2, move heatwave\n>p1 pass, switch 3\n>p1 pass, move saltcure +1\n>p2 move hornleech +2, move ragepowder\n>p1 pass, move protect\n>p2 move leafstorm +2 terastallize, pass\n>p1 pass, move saltcure +1\n>p2 move leafstorm +2, pass", "uploadtime": 1770879763, "views": 73, "formatid": "gen9randomdoublesbattle", "rating": 1558, "private": 0, "password": null}