{"id": "gen9randomdoublesbattle-2534859003", "format": "[Gen 9] Random Doubles Battle", "players": ["IonSynthesis", "GameerKing"], "log": "|j|☆IonSynthesis\n|j|☆GameerKing\n|t:|1770485792\n|gametype|doubles\n|player|p1|IonSynthesis|blaine|1644\n|player|p2|GameerKing|hilbert-wonderlauncher|1750\n|gen|9\n|tier|[Gen 9] Random Doubles Battle\n|rated|\n|rule|Species Clause: Limit one of each Pokémon\n|rule|HP Percentage Mod: HP is shown in percentages\n|rule|Illusion Level Mod: Illusion disguises the Pokémon's true level\n|rule|Sleep Clause Mod: Limit one foe put to sleep\n|\n|t:|1770485792\n|teamsize|p1|6\n|teamsize|p2|6\n|start\n|switch|p1a: Greninja|Greninja, L83, M|255/255\n|switch|p1b: Annihilape|Annihilape, L77, M|296/296\n|switch|p2a: Decidueye|Decidueye-Hisui, L85, M|288/288\n|switch|p2b: Golem|Golem-Alola, L88, M|284/284\n|turn|1\n|\n|t:|1770485851\n|move|p1a: Greninja|Protect|p1a: Greninja\n|-singleturn|p1a: Greninja|Protect\n|move|p1b: Annihilape|Protect|p1b: Annihilape\n|-singleturn|p1b: Annihilape|Protect\n|move|p2b: Golem|Protect|p2b: Golem\n|-singleturn|p2b: Golem|Protect\n|move|p2a: Decidueye|Tailwind|p2a: Decidueye\n|-sidestart|p2: GameerKing|move: Tailwind\n|\n|upkeep\n|turn|2\n|\n|t:|1770485903\n|switch|p1a: Dusknoir|Dusknoir, L89, M|225/225\n|-item|p2a: Decidueye|Sitrus Berry|[from] ability: Frisk|[of] p1a: Dusknoir\n|-item|p2b: Golem|Sitrus Berry|[from] ability: Frisk|[of] p1a: Dusknoir\n|switch|p1b: Wo-Chien|Wo-Chien, L85|283/283\n|-ability|p1b: Wo-Chien|Tablets of Ruin\n|move|p2a: Decidueye|Leaf Blade|p1a: Dusknoir\n|-damage|p1a: Dusknoir|173/225\n|move|p2b: Golem|Double-Edge|p1b: Wo-Chien\n|-resisted|p1b: Wo-Chien\n|-damage|p1b: Wo-Chien|211/283\n|-damage|p2b: Golem|260/284|[from] Recoil\n|\n|upkeep\n|turn|3\n|\n|t:|1770485929\n|move|p2a: Decidueye|Triple Arrows|p1b: Wo-Chien\n|-supereffective|p1b: Wo-Chien\n|-damage|p1b: Wo-Chien|67/283\n|-unboost|p1b: Wo-Chien|def|1\n|-enditem|p1b: Wo-Chien|Sitrus Berry|[eat]\n|-heal|p1b: Wo-Chien|137/283|[from] item: Sitrus Berry\n|move|p2b: Golem|Double-Edge|p1a: Dusknoir\n|-damage|p1a: Dusknoir|73/225\n|-damage|p2b: Golem|227/284|[from] Recoil\n|cant|p1b: Wo-Chien|flinch\n|move|p1a: Dusknoir|Trick Room|p1a: Dusknoir\n|-fieldstart|move: Trick Room|[of] p1a: Dusknoir\n|\n|upkeep\n|turn|4\n|\n|t:|1770485963\n|move|p2b: Golem|Protect|p2b: Golem\n|-singleturn|p2b: Golem|Protect\n|move|p1a: Dusknoir|Poltergeist|p2b: Golem\n|-activate|p2b: Golem|move: Protect\n|move|p1b: Wo-Chien|Pollen Puff|p1a: Dusknoir\n|-heal|p1a: Dusknoir|185/225\n|move|p2a: Decidueye|Knock Off|p1a: Dusknoir\n|-supereffective|p1a: Dusknoir\n|-damage|p1a: Dusknoir|111/225\n|-enditem|p1a: Dusknoir|Life Orb|[from] move: Knock Off|[of] p2a: Decidueye\n|\n|-sideend|p2: GameerKing|move: Tailwind\n|upkeep\n|turn|5\n|\n|t:|1770485989\n|move|p1a: Dusknoir|Poltergeist|p2a: Decidueye\n|-activate|p2a: Decidueye|move: Poltergeist|Sitrus Berry\n|-damage|p2a: Decidueye|191/288\n|move|p2b: Golem|Double-Edge|p1a: Dusknoir\n|-damage|p1a: Dusknoir|18/225\n|-damage|p2b: Golem|196/284|[from] Recoil\n|move|p2a: Decidueye|Triple Arrows|p1b: Wo-Chien\n|-supereffective|p1b: Wo-Chien\n|-damage|p1b: Wo-Chien|0 fnt\n|faint|p1b: Wo-Chien\n|\n|upkeep\n|\n|t:|1770486024\n|switch|p1b: Corviknight|Corviknight, L80, F|288/288\n|turn|6\n|\n|t:|1770486069\n|switch|p2a: Alomomola|Alomomola, L96, M|472/472\n|move|p1a: Dusknoir|Poltergeist|p2b: Golem\n|-activate|p2b: Golem|move: Poltergeist|Sitrus Berry\n|-damage|p2b: Golem|94/284\n|-enditem|p2b: Golem|Sitrus Berry|[eat]\n|-heal|p2b: Golem|165/284|[from] item: Sitrus Berry\n|move|p2b: Golem|Rock Slide|p1a: Dusknoir|[spread] p1a\n|-miss|p2b: Golem|p1b: Corviknight\n|-damage|p1a: Dusknoir|0 fnt\n|faint|p1a: Dusknoir\n|move|p1b: Corviknight|Iron Head|p2b: Golem\n|-damage|p2b: Golem|116/284\n|\n|upkeep\n|\n|t:|1770486088\n|switch|p1a: Annihilape|Annihilape, L77, M|296/296\n|turn|7\n|\n|t:|1770486104\n|-terastallize|p1a: Annihilape|Steel\n|move|p2b: Golem|Double-Edge|p1b: Corviknight\n|-supereffective|p1b: Corviknight\n|-damage|p1b: Corviknight|0 fnt\n|faint|p1b: Corviknight\n|-damage|p2b: Golem|21/284|[from] Recoil\n|move|p2a: Alomomola|Scald|p1a: Annihilape\n|-damage|p1a: Annihilape|232/296\n|move|p1a: Annihilape|Bulk Up|p1a: Annihilape\n|-boost|p1a: Annihilape|atk|1\n|-boost|p1a: Annihilape|def|1\n|\n|-heal|p1a: Annihilape|250/296|[from] item: Leftovers\n|-fieldend|move: Trick Room\n|upkeep\n|\n|t:|1770486121\n|switch|p1b: Greninja|Greninja, L83, M|255/255\n|turn|8\n|\n|t:|1770486143\n|move|p2b: Golem|Protect|p2b: Golem\n|-singleturn|p2b: Golem|Protect\n|move|p1b: Greninja|Dark Pulse|p2b: Golem\n|-activate|p2b: Golem|move: Protect\n|move|p1a: Annihilape|Bulk Up|p1a: Annihilape\n|-boost|p1a: Annihilape|atk|1\n|-boost|p1a: Annihilape|def|1\n|move|p2a: Alomomola|Flip Turn|p1a: Annihilape\n|-damage|p1a: Annihilape|213/296\n|\n|t:|1770486150\n|switch|p2a: Vigoroth|Vigoroth, L91, F|293/293|[from] Flip Turn\n|\n|-heal|p1a: Annihilape|231/296|[from] item: Leftovers\n|upkeep\n|turn|9\n|\n|t:|1770486167\n|move|p1a: Annihilape|Protect|p1a: Annihilape\n|-singleturn|p1a: Annihilape|Protect\n|move|p1b: Greninja|Dark Pulse|p2b: Golem\n|-damage|p2b: Golem|0 fnt\n|faint|p2b: Golem\n|-ability|p1b: Greninja|Battle Bond|boost\n|-boost|p1b: Greninja|atk|1\n|-boost|p1b: Greninja|spa|1\n|-boost|p1b: Greninja|spe|1\n|-activate|p1b: Greninja|ability: Battle Bond\n|-damage|p1b: Greninja|230/255|[from] item: Life Orb\n|move|p2a: Vigoroth|Thunder Wave|p1a: Annihilape\n|-activate|p1a: Annihilape|move: Protect\n|\n|-heal|p1a: Annihilape|249/296|[from] item: Leftovers\n|upkeep\n|\n|t:|1770486208\n|switch|p2b: Decidueye|Decidueye-Hisui, L85, M|191/288\n|turn|10\n|\n|t:|1770486221\n|move|p1b: Greninja|Hydro Pump|p2a: Vigoroth\n|-damage|p2a: Vigoroth|85/293\n|-damage|p1b: Greninja|205/255|[from] item: Life Orb\n|move|p2a: Vigoroth|Thunder Wave|p1a: Annihilape\n|-status|p1a: Annihilape|par\n|move|p2b: Decidueye|Tailwind|p2b: Decidueye\n|-sidestart|p2: GameerKing|move: Tailwind\n|move|p1a: Annihilape|Drain Punch|p2b: Decidueye\n|-damage|p2b: Decidueye|32/288\n|-heal|p1a: Annihilape|296/296 par|[from] drain|[of] p2b: Decidueye\n|-enditem|p2b: Decidueye|Sitrus Berry|[eat]\n|-heal|p2b: Decidueye|104/288|[from] item: Sitrus Berry\n|\n|upkeep\n|turn|11\n|\n|t:|1770486277\n|move|p1b: Greninja|Protect|p1b: Greninja\n|-singleturn|p1b: Greninja|Protect\n|move|p2a: Vigoroth|Knock Off|p1a: Annihilape\n|-crit|p1a: Annihilape\n|-damage|p1a: Annihilape|178/296 par\n|-enditem|p1a: Annihilape|Leftovers|[from] move: Knock Off|[of] p2a: Vigoroth\n|move|p2b: Decidueye|Leaf Blade|p1b: Greninja\n|-activate|p1b: Greninja|move: Protect\n|move|p1a: Annihilape|Rage Fist|p2b: Decidueye\n|-damage|p2b: Decidueye|0 fnt\n|faint|p2b: Decidueye\n|\n|upkeep\n|\n|t:|1770486290\n|switch|p2b: Iron Hands|Iron Hands, L77|364/364\n|turn|12\n|\n|t:|1770486364\n|move|p2a: Vigoroth|Double-Edge|p1b: Greninja\n|-damage|p1b: Greninja|61/255\n|-damage|p2a: Vigoroth|37/293|[from] Recoil\n|move|p1b: Greninja|Dark Pulse|p2b: Iron Hands\n|-resisted|p2b: Iron Hands\n|-damage|p2b: Iron Hands|246/364\n|-damage|p1b: Greninja|36/255|[from] item: Life Orb\n|cant|p2b: Iron Hands|flinch\n|move|p1a: Annihilape|Drain Punch|p2b: Iron Hands\n|-damage|p2b: Iron Hands|99/364\n|-heal|p1a: Annihilape|252/296 par|[from] drain|[of] p2b: Iron Hands\n|\n|-heal|p2b: Iron Hands|121/364|[from] item: Leftovers\n|upkeep\n|turn|13\n|\n|t:|1770486388\n|move|p1b: Greninja|Protect|p1b: Greninja\n|-singleturn|p1b: Greninja|Protect\n|move|p2b: Iron Hands|Protect|p2b: Iron Hands\n|-singleturn|p2b: Iron Hands|Protect\n|move|p1a: Annihilape|Protect|p1a: Annihilape\n|-singleturn|p1a: Annihilape|Protect\n|move|p2a: Vigoroth|Knock Off|p1b: Greninja\n|-activate|p1b: Greninja|move: Protect\n|\n|-heal|p2b: Iron Hands|143/364|[from] item: Leftovers\n|-sideend|p2: GameerKing|move: Tailwind\n|upkeep\n|turn|14\n|\n|t:|1770486415\n|move|p1b: Greninja|Dark Pulse|p2a: Vigoroth\n|-damage|p2a: Vigoroth|0 fnt\n|faint|p2a: Vigoroth\n|-damage|p1b: Greninja|11/255|[from] item: Life Orb\n|move|p2b: Iron Hands|Drain Punch|p1b: Greninja\n|-supereffective|p1b: Greninja\n|-damage|p1b: Greninja|0 fnt\n|-heal|p2b: Iron Hands|149/364|[from] drain|[of] p1b: Greninja\n|faint|p1b: Greninja\n|move|p1a: Annihilape|Rage Fist|p2b: Iron Hands\n|-damage|p2b: Iron Hands|0 fnt\n|faint|p2b: Iron Hands\n|-end|p2b: Iron Hands|Quark Drive|[silent]\n|\n|upkeep\n|\n|t:|1770486431\n|switch|p1b: Cryogonal|Cryogonal, L88|284/284\n|switch|p2a: Brute Bonnet|Brute Bonnet, L80|309/309\n|switch|p2b: Alomomola|Alomomola, L96, M|472/472\n|turn|15\n|\n|t:|1770486452\n|-terastallize|p2a: Brute Bonnet|Dark\n|move|p1a: Annihilape|Protect|p1a: Annihilape\n|-singleturn|p1a: Annihilape|Protect\n|move|p1b: Cryogonal|Freeze-Dry|p2b: Alomomola\n|-supereffective|p2b: Alomomola\n|-damage|p2b: Alomomola|266/472\n|-status|p2b: Alomomola|frz\n|-curestatus|p2b: Alomomola|frz|[from] move: Scald\n|move|p2b: Alomomola|Scald|p1a: Annihilape\n|-activate|p1a: Annihilape|move: Protect\n|move|p2a: Brute Bonnet|Spore|p1b: Cryogonal\n|-status|p1b: Cryogonal|slp|[from] move: Spore\n|\n|upkeep\n|turn|16\n|\n|t:|1770486481\n|move|p2a: Brute Bonnet|Sucker Punch|p1a: Annihilape\n|-damage|p1a: Annihilape|180/296 par\n|cant|p1b: Cryogonal|slp\n|move|p2b: Alomomola|Scald|p1a: Annihilape\n|-damage|p1a: Annihilape|111/296 par\n|move|p1a: Annihilape|Drain Punch|p2a: Brute Bonnet\n|-supereffective|p2a: Brute Bonnet\n|-damage|p2a: Brute Bonnet|7/309\n|-heal|p1a: Annihilape|262/296 par|[from] drain|[of] p2a: Brute Bonnet\n|-enditem|p2a: Brute Bonnet|Sitrus Berry|[eat]\n|-heal|p2a: Brute Bonnet|84/309|[from] item: Sitrus Berry\n|\n|upkeep\n|turn|17\n|-message|GameerKing forfeited.\n|\n|win|IonSynthesis\n|raw|IonSynthesis's rating: 1644 &rarr; <strong>1670</strong><br />(+26 for winning)\n|raw|GameerKing's rating: 1750 &rarr; <strong>1724</strong><br />(-26 for losing)\n|l|☆GameerKing\n|player|p2|\n", "inputlog": ">version ccdc32dd7cde25fd9e4bed64820e885f66e78a4e\n>start {\"formatid\":\"gen9randomdoublesbattle\",\"seed\":\"sodium,c1ef9ea7e6f21d4fa6abb0ff40776c1c\",\"rated\":\"Rated battle\"}\n>player p1 {\"name\":\"IonSynthesis\",\"avatar\":\"blaine\",\"rating\":1644,\"seed\":\"sodium,29db01301040c5127dc2c72e32856330\"}\n>player p2 {\"name\":\"GameerKing\",\"avatar\":\"hilbert-wonderlauncher\",\"rating\":1750,\"seed\":\"sodium,2e1e624ede652391122316508695b16a\"}\n>p1 move protect, move protect\n>p2 move tailwind, move protect\n>p1 switch 6, switch 3\n>p2 move leafblade +1, move doubleedge +2\n>p1 move trickroom, move leechseed +2\n>p2 move triplearrows +2, move doubleedge +1\n>p1 move poltergeist +2, move pollenpuff -1\n>p2 move knockoff +1, move protect\n>p1 move poltergeist +1, move pollenpuff +1\n>p2 move triplearrows +2, move doubleedge +1\n>p1 pass, switch 5\n>p1 move poltergeist +2, move ironhead +2\n>p2 switch 3, move rockslide\n>p1 switch 3, pass\n>p1 move bulkup terastallize, move tailwind\n>p2 move scald +1, move doubleedge +2\n>p1 pass, switch 6\n>p1 move bulkup, move darkpulse +2\n>p2 move flipturn +1, move protect\n>p2 switch 6, pass\n>p1 move protect, move darkpulse +2\n>p2 move thunderwave +1, move doubleedge +2\n>p2 pass, switch 3\n>p1 move drainpunch +2, move hydropump +1\n>p2 move thunderwave +1, move tailwind\n>p1 move ragefist +2, move protect\n>p2 move knockoff +1, move leafblade +2\n>p2 pass, switch 4\n>p1 move drainpunch +2, move darkpulse +2\n>p2 move doubleedge +2, move drainpunch +1\n>p1 move protect, move protect\n>p2 move knockoff +2, move protect\n>p1 move ragefist +2, move darkpulse +1\n>p2 move doubleedge +2, move drainpunch +2\n>p1 pass, switch 4\n>p2 switch 5, switch 6\n>p1 move protect, move freezedry +2\n>p2 move spore +2 terastallize, move scald +1\n>p1 move drainpunch +1, move freezedry +2\n>p2 move suckerpunch +1, move scald +1\n>forcelose p2", "uploadtime": 1770486524, "views": 113, "formatid": "gen9randomdoublesbattle", "rating": 1670, "private": 0, "password": null}