{"id": "gen9randomdoublesbattle-2538420350", "format": "[Gen 9] Random Doubles Battle", "players": ["Yannick69", "Limejuice007"], "log": "|j|☆Yannick69\n|j|☆Limejuice007\n|t:|1770925879\n|gametype|doubles\n|player|p1|Yannick69|sailor|1641\n|player|p2|Limejuice007|li|1557\n|gen|9\n|tier|[Gen 9] Random Doubles Battle\n|rated|\n|rule|Species Clause: Limit one of each Pokémon\n|rule|HP Percentage Mod: HP is shown in percentages\n|rule|Illusion Level Mod: Illusion disguises the Pokémon's true level\n|rule|Sleep Clause Mod: Limit one foe put to sleep\n|\n|t:|1770925879\n|teamsize|p1|6\n|teamsize|p2|6\n|start\n|switch|p1a: Ninetales|Ninetales-Alola, L75, M|233/233\n|switch|p1b: Appletun|Appletun, L92, M|219/219\n|switch|p2a: Zangoose|Zangoose, L87, F|269/269\n|switch|p2b: Exeggutor|Exeggutor, L87, M|307/307\n|-weather|Snowscape|[from] ability: Snow Warning|[of] p1a: Ninetales\n|turn|1\n|inactive|Battle timer is ON: inactive players will automatically lose when time's up. (requested by Yannick69)\n|\n|t:|1770925929\n|switch|p2b: Moltres|Moltres-Galar, L74|255/255\n|move|p2a: Zangoose|Protect|p2a: Zangoose\n|-singleturn|p2a: Zangoose|Protect\n|move|p1b: Appletun|Nasty Plot|p1b: Appletun\n|-boost|p1b: Appletun|spa|2\n|move|p1a: Ninetales|Aurora Veil|p1a: Ninetales\n|-sidestart|p1: Yannick69|move: Aurora Veil\n|\n|-weather|Snowscape|[upkeep]\n|-status|p2a: Zangoose|tox|[from] item: Toxic Orb\n|upkeep\n|turn|2\n|\n|t:|1770925951\n|-terastallize|p1b: Appletun|Normal\n|move|p1b: Appletun|Hyper Voice|p2b: Moltres|[spread] p2a,p2b\n|-damage|p2a: Zangoose|0 fnt\n|-damage|p2b: Moltres|21/255\n|faint|p2a: Zangoose\n|-ability|p2b: Moltres|Berserk|boost\n|-boost|p2b: Moltres|spa|1\n|-damage|p1b: Appletun|198/219|[from] item: Life Orb\n|-enditem|p2b: Moltres|Sitrus Berry|[eat]\n|-heal|p2b: Moltres|84/255|[from] item: Sitrus Berry\n|move|p1a: Ninetales|Blizzard|p2b: Moltres\n|-supereffective|p2b: Moltres\n|-damage|p2b: Moltres|0 fnt\n|faint|p2b: Moltres\n|\n|-weather|Snowscape|[upkeep]\n|upkeep\n|inactive|Limejuice007 has 120 seconds left.\n|\n|t:|1770925968\n|switch|p2a: Ambipom|Ambipom, L87, F|272/272\n|switch|p2b: Mewtwo|Mewtwo, L73|275/275\n|-ability|p2b: Mewtwo|Unnerve\n|turn|3\n|\n|t:|1770925991\n|switch|p1b: Overqwil|Overqwil, L82, F|274/274\n|-ability|p1b: Overqwil|Intimidate|boost\n|-unboost|p2a: Ambipom|atk|1\n|-unboost|p2b: Mewtwo|atk|1\n|move|p1a: Ninetales|Protect|p1a: Ninetales\n|-singleturn|p1a: Ninetales|Protect\n|move|p2a: Ambipom|Fake Out|p1b: Overqwil\n|-damage|p1b: Overqwil|237/274\n|move|p2b: Mewtwo|Fire Blast|p1a: Ninetales\n|-activate|p1a: Ninetales|move: Protect\n|\n|-weather|Snowscape|[upkeep]\n|upkeep\n|turn|4\n|\n|t:|1770926015\n|switch|p1a: Greninja|Greninja, L83, M|255/255\n|move|p2a: Ambipom|Double-Edge|p1b: Overqwil\n|-damage|p1b: Overqwil|168/274\n|-damage|p2a: Ambipom|249/272|[from] Recoil\n|move|p2b: Mewtwo|Aura Sphere|p1b: Overqwil\n|-damage|p1b: Overqwil|102/274\n|-damage|p2b: Mewtwo|248/275|[from] item: Life Orb\n|move|p1b: Overqwil|Crunch|p2b: Mewtwo\n|-supereffective|p2b: Mewtwo\n|-damage|p2b: Mewtwo|0 fnt\n|faint|p2b: Mewtwo\n|-damage|p1b: Overqwil|75/274|[from] item: Life Orb\n|\n|-weather|Snowscape|[upkeep]\n|upkeep\n|\n|t:|1770926029\n|switch|p2b: Iron Thorns|Iron Thorns, L82|298/298\n|turn|5\n|\n|t:|1770926041\n|switch|p2a: Exeggutor|Exeggutor, L87, M|307/307\n|-terastallize|p2b: Iron Thorns|Grass\n|move|p1a: Greninja|Hydro Pump|p2b: Iron Thorns\n|-resisted|p2b: Iron Thorns\n|-damage|p2b: Iron Thorns|212/298\n|-damage|p1a: Greninja|230/255|[from] item: Life Orb\n|move|p1b: Overqwil|Liquidation|p2b: Iron Thorns\n|-resisted|p2b: Iron Thorns\n|-damage|p2b: Iron Thorns|176/298\n|-damage|p1b: Overqwil|48/274|[from] item: Life Orb\n|move|p2b: Iron Thorns|Dragon Dance|p2b: Iron Thorns\n|-boost|p2b: Iron Thorns|atk|1\n|-boost|p2b: Iron Thorns|spe|1\n|\n|-weather|none\n|upkeep\n|turn|6\n|inactive|Limejuice007 has 120 seconds left.\n|\n|t:|1770926077\n|move|p1a: Greninja|Gunk Shot|p2b: Iron Thorns|[miss]\n|-miss|p1a: Greninja|p2b: Iron Thorns\n|move|p2b: Iron Thorns|Dragon Dance|p2b: Iron Thorns\n|-boost|p2b: Iron Thorns|atk|1\n|-boost|p2b: Iron Thorns|spe|1\n|move|p1b: Overqwil|Gunk Shot|p2a: Exeggutor\n|-supereffective|p2a: Exeggutor\n|-damage|p2a: Exeggutor|0 fnt\n|faint|p2a: Exeggutor\n|-damage|p1b: Overqwil|21/274|[from] item: Life Orb\n|\n|upkeep\n|\n|t:|1770926086\n|switch|p2a: Ambipom|Ambipom, L87, F|249/272\n|turn|7\n|\n|t:|1770926093\n|move|p2a: Ambipom|Fake Out|p1a: Greninja\n|-damage|p1a: Greninja|157/255\n|move|p2b: Iron Thorns|Rock Slide|p1b: Overqwil|[spread] p1a,p1b\n|-damage|p1a: Greninja|29/255\n|-damage|p1b: Overqwil|0 fnt\n|faint|p1b: Overqwil\n|cant|p1a: Greninja|flinch\n|\n|upkeep\n|\n|t:|1770926101\n|switch|p1b: Appletun|Appletun, L92, M, tera:Normal|198/219\n|turn|8\n|\n|t:|1770926118\n|move|p2b: Iron Thorns|Rock Slide|p1a: Greninja|[spread] p1a,p1b\n|-damage|p1a: Greninja|0 fnt\n|-damage|p1b: Appletun|69/219\n|replace|p1b: Zoroark|Zoroark-Hisui, L80, F\n|-end|p1b: Zoroark|Illusion\n|-hint|Illusion Level Mod is active, so this Pokémon's true level was hidden.\n|faint|p1a: Greninja\n|move|p2a: Ambipom|Double-Edge|p1b: Zoroark\n|-damage|p1b: Zoroark|0 fnt\n|faint|p1b: Zoroark\n|-damage|p2a: Ambipom|226/272|[from] Recoil\n|\n|-sideend|p1: Yannick69|move: Aurora Veil\n|upkeep\n|\n|t:|1770926131\n|switch|p1a: Registeel|Registeel, L78|253/253\n|switch|p1b: Appletun|Appletun, L92, M|352/352\n|turn|9\n|\n|t:|1770926147\n|move|p2b: Iron Thorns|High Horsepower|p1a: Registeel\n|-supereffective|p1a: Registeel\n|-damage|p1a: Registeel|29/253\n|move|p2a: Ambipom|Double-Edge|p1b: Appletun\n|-damage|p1b: Appletun|178/352\n|-damage|p2a: Ambipom|169/272|[from] Recoil\n|move|p1a: Registeel|Thunder Wave|p2b: Iron Thorns\n|-status|p2b: Iron Thorns|par\n|move|p1b: Appletun|Apple Acid|p2b: Iron Thorns\n|-resisted|p2b: Iron Thorns\n|-damage|p2b: Iron Thorns|119/298 par\n|\n|-heal|p1a: Registeel|44/253|[from] item: Leftovers\n|upkeep\n|turn|10\n|\n|t:|1770926172\n|move|p2a: Ambipom|Double-Edge|p1a: Registeel\n|-resisted|p1a: Registeel\n|-damage|p1a: Registeel|0 fnt\n|faint|p1a: Registeel\n|-damage|p2a: Ambipom|154/272|[from] Recoil\n|move|p2b: Iron Thorns|Rock Slide|p1b: Appletun\n|-damage|p1b: Appletun|0 fnt\n|faint|p1b: Appletun\n|\n|upkeep\n|\n|t:|1770926182\n|switch|p1b: Ninetales|Ninetales-Alola, L75, M|233/233\n|-weather|Snowscape|[from] ability: Snow Warning|[of] p1b: Ninetales\n|turn|11\n|\n|t:|1770926195\n|move|p2a: Ambipom|Knock Off|p1b: Ninetales\n|-resisted|p1b: Ninetales\n|-damage|p1b: Ninetales|204/233\n|-enditem|p1b: Ninetales|Light Clay|[from] move: Knock Off|[of] p2a: Ambipom\n|move|p1b: Ninetales|Blizzard|p2a: Ambipom|[spread] p2a,p2b\n|-supereffective|p2b: Iron Thorns\n|-damage|p2a: Ambipom|82/272\n|-damage|p2b: Iron Thorns|0 fnt\n|faint|p2b: Iron Thorns\n|-end|p2b: Iron Thorns|Quark Drive|[silent]\n|\n|-weather|Snowscape|[upkeep]\n|upkeep\n|turn|12\n|\n|t:|1770926207\n|move|p2a: Ambipom|Double-Edge|p1b: Ninetales\n|-damage|p1b: Ninetales|69/233\n|-damage|p2a: Ambipom|37/272|[from] Recoil\n|move|p1b: Ninetales|Aurora Veil|p1b: Ninetales\n|-sidestart|p1: Yannick69|move: Aurora Veil\n|\n|-weather|Snowscape|[upkeep]\n|upkeep\n|turn|13\n|\n|t:|1770926220\n|move|p1b: Ninetales|Protect|p1b: Ninetales\n|-singleturn|p1b: Ninetales|Protect\n|move|p2a: Ambipom|Double-Edge|p1b: Ninetales\n|-activate|p1b: Ninetales|move: Protect\n|\n|-weather|Snowscape|[upkeep]\n|upkeep\n|turn|14\n|\n|t:|1770926226\n|move|p2a: Ambipom|Double-Edge|p1b: Ninetales\n|-damage|p1b: Ninetales|0 fnt\n|faint|p1b: Ninetales\n|-damage|p2a: Ambipom|14/272|[from] Recoil\n|\n|win|Limejuice007\n|raw|Yannick69's rating: 1667 &rarr; <strong>1641</strong><br />(-26 for losing)\n|raw|Limejuice007's rating: 1557 &rarr; <strong>1583</strong><br />(+26 for winning)\n|l|☆Yannick69\n|player|p1|\n", "inputlog": ">version ccdc32dd7cde25fd9e4bed64820e885f66e78a4e\n>start {\"formatid\":\"gen9randomdoublesbattle\",\"seed\":\"sodium,2bdc898f5ce35fd3ec874d962aafef93\",\"rated\":\"Rated battle\"}\n>player p1 {\"name\":\"Yannick69\",\"avatar\":\"sailor\",\"rating\":1641,\"seed\":\"sodium,8f1f0e67395e500bf97fa6ee3e43bd50\"}\n>player p2 {\"name\":\"Limejuice007\",\"avatar\":\"li\",\"rating\":1557,\"seed\":\"sodium,7665e827cb8a009118dfb255e25f3583\"}\n>p1 move auroraveil, move nastyplot\n>p2 move protect, switch 6\n>p1 move blizzard, move hypervoice terastallize\n>p2 move facade +2, move tailwind\n>p2 switch 4, switch 5\n>p1 move protect, switch 5\n>p2 move fakeout +2, move fireblast +1\n>p1 switch 4, move crunch +2\n>p2 move doubleedge +2, move aurasphere +2\n>p2 pass, switch 3\n>p1 move hydropump +2, move liquidation +2\n>p2 switch 6, move dragondance terastallize\n>p1 move gunkshot +2, move gunkshot +1\n>p2 move energyball +1, move dragondance\n>p2 switch 6, pass\n>p1 move gunkshot +2, move gunkshot +2\n>p2 move fakeout +1, move rockslide\n>p1 pass, switch 5\n>p1 move gunkshot +2, move flamethrower +2\n>p2 move doubleedge +1, move rockslide\n>p1 switch 3, switch 6\n>p1 move thunderwave +2, move appleacid +2\n>p2 move doubleedge +2, move highhorsepower +1\n>p1 move bodypress +2, move dragonpulse +2\n>p2 move doubleedge +1, move rockslide\n>p1 pass, switch 4\n>p1 pass, move blizzard\n>p2 move knockoff +2, move rockslide\n>p1 pass, move auroraveil\n>p2 move doubleedge +2, pass\n>p1 pass, move protect\n>p2 move doubleedge +2, pass\n>p1 pass, move moonblast +1\n>p2 move doubleedge +2, pass", "uploadtime": 1770926239, "views": 69, "formatid": "gen9randomdoublesbattle", "rating": 1583, "private": 0, "password": null}