{"id": "gen9randomdoublesbattle-2538479258", "format": "[Gen 9] Random Doubles Battle", "players": ["pejelegante", "Orangemangood"], "log": "|j|☆pejelegante\n|j|☆Orangemangood\n|t:|1770931595\n|gametype|doubles\n|player|p1|pejelegante|hugh|1859\n|player|p2|Orangemangood|102|1774\n|gen|9\n|tier|[Gen 9] Random Doubles Battle\n|rated|\n|rule|Species Clause: Limit one of each Pokémon\n|rule|HP Percentage Mod: HP is shown in percentages\n|rule|Illusion Level Mod: Illusion disguises the Pokémon's true level\n|rule|Sleep Clause Mod: Limit one foe put to sleep\n|\n|t:|1770931595\n|teamsize|p1|6\n|teamsize|p2|6\n|start\n|switch|p1a: Iron Boulder|Iron Boulder, L77|265/265\n|switch|p1b: Pelipper|Pelipper, L83, F|235/235\n|switch|p2a: Iron Treads|Iron Treads, L81|278/278\n|switch|p2b: Dusknoir|Dusknoir, L89, F|225/225\n|-weather|RainDance|[from] ability: Drizzle|[of] p1b: Pelipper\n|-item|p1a: Iron Boulder|Life Orb|[from] ability: Frisk|[of] p2b: Dusknoir\n|-item|p1b: Pelipper|Sitrus Berry|[from] ability: Frisk|[of] p2b: Dusknoir\n|turn|1\n|inactive|Battle timer is ON: inactive players will automatically lose when time's up. (requested by pejelegante)\n|inactive|Orangemangood has 120 seconds left.\n|\n|t:|1770931629\n|-end|p1a: Iron Boulder|Quark Drive|[silent]\n|switch|p1a: Cyclizar|Cyclizar, L87, F|264/264\n|move|p2a: Iron Treads|Stone Edge|p1b: Pelipper\n|-supereffective|p1b: Pelipper\n|-crit|p1b: Pelipper\n|-damage|p1b: Pelipper|21/235\n|-enditem|p1b: Pelipper|Sitrus Berry|[eat]\n|-heal|p1b: Pelipper|79/235|[from] item: Sitrus Berry\n|move|p1b: Pelipper|Tailwind|p1b: Pelipper\n|-sidestart|p1: pejelegante|move: Tailwind\n|move|p2b: Dusknoir|Poltergeist|p1a: Cyclizar\n|-immune|p1a: Cyclizar\n|\n|-weather|RainDance|[upkeep]\n|upkeep\n|turn|2\n|\n|t:|1770931653\n|-end|p2a: Iron Treads|Quark Drive|[silent]\n|switch|p2a: Ampharos|Ampharos, L86, F|295/295\n|move|p1a: Cyclizar|Shed Tail|p1a: Cyclizar\n|-start|p1a: Cyclizar|Substitute|[from] move: Shed Tail\n|-damage|p1a: Cyclizar|132/264\n|\n|t:|1770931666\n|switch|p1a: Toxtricity|Toxtricity, L82, M|257/257|[from] Shed Tail\n|move|p1b: Pelipper|Muddy Water|p2b: Dusknoir|[spread] p2a,p2b\n|-damage|p2a: Ampharos|198/295\n|-damage|p2b: Dusknoir|150/225\n|move|p2b: Dusknoir|Trick Room|p2b: Dusknoir\n|-fieldstart|move: Trick Room|[of] p2b: Dusknoir\n|\n|-weather|RainDance|[upkeep]\n|upkeep\n|turn|3\n|\n|t:|1770931682\n|move|p2b: Dusknoir|Poltergeist|p1a: Toxtricity\n|-activate|p1a: Toxtricity|move: Poltergeist|Choice Scarf\n|-end|p1a: Toxtricity|Substitute\n|-damage|p2b: Dusknoir|128/225|[from] item: Life Orb\n|move|p2a: Ampharos|Electroweb|p1a: Toxtricity|[spread] p1a,p1b\n|-resisted|p1a: Toxtricity\n|-supereffective|p1b: Pelipper\n|-damage|p1a: Toxtricity|224/257\n|-damage|p1b: Pelipper|0 fnt\n|-unboost|p1a: Toxtricity|spe|1\n|faint|p1b: Pelipper\n|move|p1a: Toxtricity|Snarl|p2b: Dusknoir|[spread] p2a,p2b\n|-crit|p2a: Ampharos\n|-supereffective|p2b: Dusknoir\n|-damage|p2a: Ampharos|140/295\n|-damage|p2b: Dusknoir|70/225\n|-unboost|p2a: Ampharos|spa|1\n|-unboost|p2b: Dusknoir|spa|1\n|-enditem|p2a: Ampharos|Sitrus Berry|[eat]\n|-heal|p2a: Ampharos|213/295|[from] item: Sitrus Berry\n|\n|-weather|RainDance|[upkeep]\n|upkeep\n|\n|t:|1770931697\n|switch|p1b: Forretress|Forretress, L90, F|281/281\n|turn|4\n|\n|t:|1770931704\n|move|p2b: Dusknoir|Poltergeist|p1a: Toxtricity\n|-activate|p1a: Toxtricity|move: Poltergeist|Choice Scarf\n|-damage|p1a: Toxtricity|8/257\n|-damage|p2b: Dusknoir|48/225|[from] item: Life Orb\n|move|p2a: Ampharos|Thunderbolt|p1b: Forretress\n|-damage|p1b: Forretress|187/281\n|move|p1b: Forretress|Body Press|p2a: Ampharos\n|-damage|p2a: Ampharos|117/295\n|move|p1a: Toxtricity|Snarl|p2b: Dusknoir|[spread] p2a,p2b\n|-supereffective|p2b: Dusknoir\n|-damage|p2a: Ampharos|81/295\n|-damage|p2b: Dusknoir|0 fnt\n|-unboost|p2a: Ampharos|spa|1\n|faint|p2b: Dusknoir\n|\n|-weather|RainDance|[upkeep]\n|-heal|p1b: Forretress|204/281|[from] item: Leftovers\n|-sideend|p1: pejelegante|move: Tailwind\n|upkeep\n|\n|t:|1770931724\n|switch|p2b: Crabominable|Crabominable, L89, F|317/317\n|turn|5\n|\n|t:|1770931732\n|move|p1b: Forretress|Body Press|p2a: Ampharos\n|-damage|p2a: Ampharos|0 fnt\n|faint|p2a: Ampharos\n|move|p2b: Crabominable|Drain Punch|p1b: Forretress\n|-damage|p1b: Forretress|94/281\n|-damage|p2b: Crabominable|286/317|[from] item: Life Orb\n|move|p1a: Toxtricity|Snarl|p2b: Crabominable\n|-resisted|p2b: Crabominable\n|-damage|p2b: Crabominable|254/317\n|-unboost|p2b: Crabominable|spa|1\n|\n|-weather|none\n|-heal|p1b: Forretress|111/281|[from] item: Leftovers\n|upkeep\n|\n|t:|1770931742\n|switch|p2a: Hitmonchan|Hitmonchan, L90, M|236/236\n|turn|6\n|\n|t:|1770931750\n|switch|p1a: Tentacruel|Tentacruel, L85, M|275/275\n|move|p2a: Hitmonchan|Fake Out|p1a: Tentacruel\n|-damage|p1a: Tentacruel|236/275\n|move|p1b: Forretress|Body Press|p2b: Crabominable\n|-supereffective|p2b: Crabominable\n|-damage|p2b: Crabominable|70/317\n|move|p2b: Crabominable|Drain Punch|p1b: Forretress\n|-damage|p1b: Forretress|0 fnt\n|-heal|p2b: Crabominable|126/317|[from] drain|[of] p1b: Forretress\n|faint|p1b: Forretress\n|-damage|p2b: Crabominable|95/317|[from] item: Life Orb\n|\n|-fieldend|move: Trick Room\n|upkeep\n|\n|t:|1770931752\n|switch|p1b: Toxtricity|Toxtricity, L82, M|8/257\n|turn|7\n|\n|t:|1770931772\n|move|p2b: Crabominable|Protect|p2b: Crabominable\n|-singleturn|p2b: Crabominable|Protect\n|move|p1b: Toxtricity|Overdrive|p2b: Crabominable|[spread] p2a\n|-activate|p2b: Crabominable|move: Protect\n|-damage|p2a: Hitmonchan|160/236\n|move|p1a: Tentacruel|Muddy Water|p2b: Crabominable|[spread] p2a\n|-activate|p2b: Crabominable|move: Protect\n|-damage|p2a: Hitmonchan|111/236\n|-enditem|p2a: Hitmonchan|Sitrus Berry|[eat]\n|-heal|p2a: Hitmonchan|170/236|[from] item: Sitrus Berry\n|move|p2a: Hitmonchan|Knock Off|p1b: Toxtricity\n|-damage|p1b: Toxtricity|0 fnt\n|-enditem|p1b: Toxtricity|Choice Scarf|[from] move: Knock Off|[of] p2a: Hitmonchan\n|faint|p1b: Toxtricity\n|\n|upkeep\n|\n|t:|1770931788\n|switch|p1b: Cyclizar|Cyclizar, L87, F|220/264\n|turn|8\n|\n|t:|1770931796\n|move|p1b: Cyclizar|Shed Tail|p1b: Cyclizar\n|-start|p1b: Cyclizar|Substitute|[from] move: Shed Tail\n|-damage|p1b: Cyclizar|88/264\n|\n|t:|1770931799\n|switch|p1b: Iron Boulder|Iron Boulder, L77|265/265|[from] Shed Tail\n|move|p1a: Tentacruel|Sludge Bomb|p2b: Crabominable\n|-damage|p2b: Crabominable|0 fnt\n|faint|p2b: Crabominable\n|move|p2a: Hitmonchan|Knock Off|p1a: Tentacruel\n|-damage|p1a: Tentacruel|135/275\n|-enditem|p1a: Tentacruel|Assault Vest|[from] move: Knock Off|[of] p2a: Hitmonchan\n|\n|upkeep\n|\n|t:|1770931816\n|switch|p2b: Iron Treads|Iron Treads, L81|278/278\n|turn|9\n|\n|t:|1770931827\n|move|p1b: Iron Boulder|Close Combat|p2b: Iron Treads\n|-supereffective|p2b: Iron Treads\n|-damage|p2b: Iron Treads|101/278\n|-unboost|p1b: Iron Boulder|def|1\n|-unboost|p1b: Iron Boulder|spd|1\n|-damage|p1b: Iron Boulder|239/265|[from] item: Life Orb\n|move|p1a: Tentacruel|Muddy Water|p2a: Hitmonchan|[spread] p2a,p2b\n|-supereffective|p2b: Iron Treads\n|-damage|p2a: Hitmonchan|124/236\n|-damage|p2b: Iron Treads|0 fnt\n|-unboost|p2a: Hitmonchan|accuracy|1\n|faint|p2b: Iron Treads\n|-end|p2b: Iron Treads|Quark Drive|[silent]\n|move|p2a: Hitmonchan|Knock Off|p1b: Iron Boulder|[miss]\n|-miss|p2a: Hitmonchan|p1b: Iron Boulder\n|\n|upkeep\n|\n|t:|1770931839\n|switch|p2b: Mismagius|Mismagius, L88, M|249/249\n|turn|10\n|\n|t:|1770931855\n|-terastallize|p2b: Mismagius|Electric\n|move|p1b: Iron Boulder|Mighty Cleave|p2b: Mismagius\n|-damage|p2b: Mismagius|74/249\n|-damage|p1b: Iron Boulder|213/265|[from] item: Life Orb\n|move|p2b: Mismagius|Thunderbolt|p1a: Tentacruel\n|-supereffective|p1a: Tentacruel\n|-damage|p1a: Tentacruel|0 fnt\n|faint|p1a: Tentacruel\n|move|p2a: Hitmonchan|Knock Off|p1b: Iron Boulder\n|-supereffective|p1b: Iron Boulder\n|-end|p1b: Iron Boulder|Substitute\n|\n|upkeep\n|\n|t:|1770931863\n|switch|p1a: Cyclizar|Cyclizar, L87, F|176/264\n|turn|11\n|l|☆Orangemangood\n|inactive|Orangemangood disconnected and has a minute to reconnect!\n|player|p2|\n|j|☆Orangemangood\n|inactive|Orangemangood reconnected and has 140 seconds left.\n|player|p2|Orangemangood|102|\n|\n|t:|1770931890\n|move|p1a: Cyclizar|Double-Edge|p2b: Mismagius\n|-damage|p2b: Mismagius|0 fnt\n|faint|p2b: Mismagius\n|-damage|p1a: Cyclizar|152/264|[from] Recoil\n|-damage|p1a: Cyclizar|126/264|[from] item: Life Orb\n|move|p1b: Iron Boulder|Close Combat|p2a: Hitmonchan\n|-damage|p2a: Hitmonchan|6/236\n|-unboost|p1b: Iron Boulder|def|1\n|-unboost|p1b: Iron Boulder|spd|1\n|-damage|p1b: Iron Boulder|187/265|[from] item: Life Orb\n|move|p2a: Hitmonchan|Close Combat|p1b: Iron Boulder\n|-damage|p1b: Iron Boulder|0 fnt\n|-unboost|p2a: Hitmonchan|def|1\n|-unboost|p2a: Hitmonchan|spd|1\n|faint|p1b: Iron Boulder\n|-end|p1b: Iron Boulder|Quark Drive|[silent]\n|\n|upkeep\n|turn|12\n|\n|t:|1770931896\n|-terastallize|p1a: Cyclizar|Normal\n|move|p1a: Cyclizar|Double-Edge|p2a: Hitmonchan\n|-damage|p2a: Hitmonchan|0 fnt\n|faint|p2a: Hitmonchan\n|-damage|p1a: Cyclizar|124/264|[from] Recoil\n|-damage|p1a: Cyclizar|98/264|[from] item: Life Orb\n|\n|win|pejelegante\n|raw|pejelegante's rating: 1859 &rarr; <strong>1874</strong><br />(+15 for winning)\n|raw|Orangemangood's rating: 1774 &rarr; <strong>1759</strong><br />(-15 for losing)\n|l|☆Orangemangood\n|player|p2|\n|c|☆pejelegante|Gg\n", "inputlog": ">version ccdc32dd7cde25fd9e4bed64820e885f66e78a4e\n>start {\"formatid\":\"gen9randomdoublesbattle\",\"seed\":\"sodium,8c83bdbaa90cf2cccf6475375bf9f765\",\"rated\":\"Rated battle\"}\n>player p1 {\"name\":\"pejelegante\",\"avatar\":\"hugh\",\"rating\":1859,\"seed\":\"sodium,bc6e44bf8f8c0c7dd9ee15798fe5cbce\"}\n>player p2 {\"name\":\"Orangemangood\",\"avatar\":\"102\",\"rating\":1774,\"seed\":\"sodium,714fc16795fc7f4130b7d74c5d89bd9d\"}\n>p1 switch 5, move tailwind\n>p2 move stoneedge +2, move poltergeist +1\n>p1 move shedtail, move muddywater\n>p2 switch 6, move trickroom\n>p1 switch 3, pass\n>p1 move snarl, move muddywater\n>p2 move electroweb, move poltergeist +1\n>p1 pass, switch 6\n>p1 move snarl, move bodypress +1\n>p2 move thunderbolt +2, move poltergeist +1\n>p2 pass, switch 3\n>p1 move snarl, move bodypress +1\n>p2 move electroweb, move drainpunch +2\n>p2 switch 4, pass\n>p1 switch 4, move bodypress +2\n>p2 move fakeout +1, move drainpunch +2\n>p1 pass, switch 4\n>p1 move muddywater, move overdrive\n>p2 move knockoff +2, move protect\n>p1 pass, switch 3\n>p1 move sludgebomb +2, move shedtail\n>p2 move knockoff +1, move drainpunch +2\n>p1 pass, switch 5\n>p2 pass, switch 6\n>p1 move muddywater, move closecombat +2\n>p2 move knockoff +2, move knockoff +2\n>p2 pass, switch 5\n>p1 move muddywater, move mightycleave +2\n>p2 move knockoff +2, move thunderbolt +1 terastallize\n>p1 switch 5, pass\n>p1 move doubleedge +2, move closecombat +1\n>p2 move closecombat +2, move thunderbolt +2\n>p1 move doubleedge +1 terastallize, pass\n>p2 move closecombat +1, pass", "uploadtime": 1770931908, "views": 69, "formatid": "gen9randomdoublesbattle", "rating": 1759, "private": 0, "password": null}