{"id": "gen9randomdoublesbattle-2539123339", "format": "[Gen 9] Random Doubles Battle", "players": ["ILoveTrump2028", "Kiquemo"], "log": "|j|☆ILoveTrump2028\n|j|☆Kiquemo\n|t:|1771013790\n|gametype|doubles\n|player|p1|ILoveTrump2028|2|1707\n|player|p2|Kiquemo|1|1700\n|gen|9\n|tier|[Gen 9] Random Doubles Battle\n|rated|\n|rule|Species Clause: Limit one of each Pokémon\n|rule|HP Percentage Mod: HP is shown in percentages\n|rule|Illusion Level Mod: Illusion disguises the Pokémon's true level\n|rule|Sleep Clause Mod: Limit one foe put to sleep\n|\n|t:|1771013790\n|teamsize|p1|6\n|teamsize|p2|6\n|start\n|switch|p1a: Rhyperior|Rhyperior, L82, F|323/323\n|switch|p1b: Groudon|Groudon, L69|252/252\n|switch|p2a: Swanna|Swanna, L87, M|272/272\n|switch|p2b: Salamence|Salamence, L80, M|283/283\n|-ability|p2b: Salamence|Intimidate|boost\n|-unboost|p1a: Rhyperior|atk|1\n|-unboost|p1b: Groudon|atk|1\n|-weather|SunnyDay|[from] ability: Drought|[of] p1b: Groudon\n|turn|1\n|\n|t:|1771013817\n|switch|p1b: Slaking|Slaking, L89, F|412/412\n|switch|p1a: Gouging Fire|Gouging Fire, L75|281/281\n|-activate|p1a: Gouging Fire|ability: Protosynthesis\n|-start|p1a: Gouging Fire|protosynthesisdef\n|move|p2a: Swanna|Hydro Pump|p1a: Gouging Fire|[miss]\n|-miss|p2a: Swanna|p1a: Gouging Fire\n|move|p2b: Salamence|Fire Blast|p1a: Gouging Fire\n|-resisted|p1a: Gouging Fire\n|-damage|p1a: Gouging Fire|241/281\n|-damage|p2b: Salamence|255/283|[from] item: Life Orb\n|\n|-weather|SunnyDay|[upkeep]\n|upkeep\n|turn|2\n|inactive|Battle timer is ON: inactive players will automatically lose when time's up. (requested by Kiquemo)\n|\n|t:|1771013834\n|switch|p2a: Clodsire|Clodsire, L87, F|368/368\n|move|p2b: Salamence|Protect|p2b: Salamence\n|-singleturn|p2b: Salamence|Protect\n|move|p1b: Slaking|Double-Edge|p2a: Clodsire\n|-damage|p2a: Clodsire|0 fnt\n|faint|p2a: Clodsire\n|-damage|p1b: Slaking|291/412|[from] Recoil\n|move|p1a: Gouging Fire|Dragon Dance|p1a: Gouging Fire\n|-boost|p1a: Gouging Fire|atk|1\n|-boost|p1a: Gouging Fire|spe|1\n|\n|-weather|SunnyDay|[upkeep]\n|upkeep\n|\n|t:|1771013849\n|switch|p2a: Ogerpon|Ogerpon-Hearthflame, L74, F|240/240\n|-ability|p2a: Ogerpon|Mold Breaker\n|turn|3\n|\n|t:|1771013875\n|switch|p1b: Rhyperior|Rhyperior, L82, F|323/323\n|switch|p2b: Heracross|Heracross, L82, M|265/265\n|move|p1a: Gouging Fire|Dragon Claw|p2b: Heracross\n|-damage|p2b: Heracross|127/265\n|move|p2a: Ogerpon|Swords Dance|p2a: Ogerpon\n|-boost|p2a: Ogerpon|atk|2\n|\n|-weather|SunnyDay|[upkeep]\n|-status|p2b: Heracross|brn|[from] item: Flame Orb\n|upkeep\n|turn|4\n|\n|t:|1771013899\n|switch|p2b: Salamence|Salamence, L80, M|255/283\n|-ability|p2b: Salamence|Intimidate|boost\n|-fail|p1a: Gouging Fire|unboost|[from] item: Clear Amulet|[of] p1a: Gouging Fire\n|-unboost|p1b: Rhyperior|atk|1\n|move|p2a: Ogerpon|Spiky Shield|p2a: Ogerpon\n|-singleturn|p2a: Ogerpon|move: Protect\n|move|p1b: Rhyperior|Protect|p1b: Rhyperior\n|-singleturn|p1b: Rhyperior|Protect\n|move|p1a: Gouging Fire|Dragon Claw|p2b: Salamence\n|-supereffective|p2b: Salamence\n|-damage|p2b: Salamence|0 fnt\n|faint|p2b: Salamence\n|\n|-weather|SunnyDay|[upkeep]\n|upkeep\n|\n|t:|1771013914\n|switch|p2b: Swanna|Swanna, L87, M|272/272\n|turn|5\n|\n|t:|1771013920\n|move|p1a: Gouging Fire|Dragon Dance|p1a: Gouging Fire\n|-boost|p1a: Gouging Fire|atk|1\n|-boost|p1a: Gouging Fire|spe|1\n|move|p2b: Swanna|Tailwind|p2b: Swanna\n|-sidestart|p2: Kiquemo|move: Tailwind\n|move|p2a: Ogerpon|Ivy Cudgel|p1a: Gouging Fire|[anim] Ivy Cudgel Fire\n|-resisted|p1a: Gouging Fire\n|-damage|p1a: Gouging Fire|187/281\n|move|p1b: Rhyperior|Rock Slide|p2a: Ogerpon|[spread] p2a,p2b\n|-supereffective|p2a: Ogerpon\n|-supereffective|p2b: Swanna\n|-damage|p2a: Ogerpon|124/240\n|-damage|p2b: Swanna|152/272\n|\n|-weather|none\n|-end|p1a: Gouging Fire|Protosynthesis\n|upkeep\n|turn|6\n|\n|t:|1771013939\n|move|p1a: Gouging Fire|Burning Bulwark|p1a: Gouging Fire\n|-singleturn|p1a: Gouging Fire|move: Protect\n|move|p2b: Swanna|Hydro Pump|p1a: Gouging Fire\n|-activate|p1a: Gouging Fire|move: Protect\n|move|p2a: Ogerpon|Ivy Cudgel|p1a: Gouging Fire|[anim] Ivy Cudgel Fire\n|-activate|p1a: Gouging Fire|move: Protect\n|move|p1b: Rhyperior|Rock Slide|p2a: Ogerpon|[spread] p2a,p2b\n|-supereffective|p2a: Ogerpon\n|-supereffective|p2b: Swanna\n|-damage|p2a: Ogerpon|16/240\n|-damage|p2b: Swanna|26/272\n|-enditem|p2b: Swanna|Sitrus Berry|[eat]\n|-heal|p2b: Swanna|94/272|[from] item: Sitrus Berry\n|\n|upkeep\n|turn|7\n|\n|t:|1771013954\n|move|p1b: Rhyperior|Protect|p1b: Rhyperior\n|-singleturn|p1b: Rhyperior|Protect\n|move|p2b: Swanna|Hydro Pump|p1a: Gouging Fire\n|-damage|p1a: Gouging Fire|76/281\n|move|p2a: Ogerpon|Power Whip|p1b: Rhyperior\n|-activate|p1b: Rhyperior|move: Protect\n|move|p1a: Gouging Fire|Dragon Claw|p2a: Ogerpon\n|-damage|p2a: Ogerpon|0 fnt\n|faint|p2a: Ogerpon\n|\n|upkeep\n|c|☆ILoveTrump2028|Gg\n|\n|t:|1771013960\n|switch|p2a: Heracross|Heracross, L82, M|127/265 brn\n|turn|8\n|c|☆ILoveTrump2028|I cooked\n|\n|t:|1771013972\n|move|p1a: Gouging Fire|Burning Bulwark|p1a: Gouging Fire\n|-singleturn|p1a: Gouging Fire|move: Protect\n|move|p2b: Swanna|Hydro Pump|p1b: Rhyperior\n|-supereffective|p1b: Rhyperior\n|-damage|p1b: Rhyperior|0 fnt\n|faint|p1b: Rhyperior\n|move|p2a: Heracross|Facade|p1a: Gouging Fire\n|-activate|p1a: Gouging Fire|move: Protect\n|\n|-damage|p2a: Heracross|111/265 brn|[from] brn\n|-sideend|p2: Kiquemo|move: Tailwind\n|upkeep\n|\n|t:|1771013984\n|switch|p1b: Slaking|Slaking, L89, F|291/412\n|turn|9\n|\n|t:|1771013992\n|switch|p1b: Iron Leaves|Iron Leaves, L81|278/278\n|-enditem|p1b: Iron Leaves|Booster Energy\n|-activate|p1b: Iron Leaves|ability: Quark Drive|[fromitem]\n|-start|p1b: Iron Leaves|quarkdriveatk\n|move|p2a: Heracross|Protect|p2a: Heracross\n|-singleturn|p2a: Heracross|Protect\n|move|p1a: Gouging Fire|Dragon Claw|p2b: Swanna\n|-damage|p2b: Swanna|0 fnt\n|faint|p2b: Swanna\n|\n|-damage|p2a: Heracross|95/265 brn|[from] brn\n|upkeep\n|l|☆Kiquemo\n|inactive|Kiquemo disconnected and has a minute to reconnect!\n|player|p2|\n|j|☆Kiquemo\n|inactive|Kiquemo reconnected and has 150 seconds left.\n|player|p2|Kiquemo|1|\n|\n|t:|1771014005\n|switch|p2b: Toxtricity|Toxtricity, L82, F|257/257\n|turn|10\n|c|☆ILoveTrump2028|Using slaking as bait\n|\n|t:|1771014022\n|move|p1a: Gouging Fire|Heat Crash|p2b: Toxtricity\n|-damage|p2b: Toxtricity|0 fnt\n|faint|p2b: Toxtricity\n|move|p1b: Iron Leaves|Close Combat|p2a: Heracross\n|-resisted|p2a: Heracross\n|-damage|p2a: Heracross|25/265 brn\n|-unboost|p1b: Iron Leaves|def|1\n|-unboost|p1b: Iron Leaves|spd|1\n|move|p2a: Heracross|Facade|p1b: Iron Leaves\n|-damage|p1b: Iron Leaves|23/278\n|\n|-damage|p2a: Heracross|9/265 brn|[from] brn\n|upkeep\n|turn|11\n|\n|t:|1771014032\n|move|p2a: Heracross|Protect|p2a: Heracross\n|-singleturn|p2a: Heracross|Protect\n|move|p1a: Gouging Fire|Dragon Claw|p2a: Heracross\n|-activate|p2a: Heracross|move: Protect\n|move|p1b: Iron Leaves|Leaf Blade|p2a: Heracross\n|-activate|p2a: Heracross|move: Protect\n|\n|-damage|p2a: Heracross|0 fnt|[from] brn\n|faint|p2a: Heracross\n|\n|win|ILoveTrump2028\n|raw|ILoveTrump2028's rating: 1707 &rarr; <strong>1727</strong><br />(+20 for winning)\n|raw|Kiquemo's rating: 1700 &rarr; <strong>1680</strong><br />(-20 for losing)\n|l|☆Kiquemo\n|player|p2|\n|l|☆ILoveTrump2028\n|player|p1|\n|j|☆ILoveTrump2028\n|player|p1|ILoveTrump2028|2|\n", "inputlog": ">version ccdc32dd7cde25fd9e4bed64820e885f66e78a4e\n>start {\"formatid\":\"gen9randomdoublesbattle\",\"seed\":\"sodium,8d09c0bd0ec79dce0a58a29375eb6320\",\"rated\":\"Rated battle\"}\n>player p1 {\"name\":\"ILoveTrump2028\",\"avatar\":\"2\",\"rating\":1707,\"seed\":\"sodium,4168236ea7dac1caecd14a536d40c234\"}\n>player p2 {\"name\":\"Kiquemo\",\"avatar\":\"1\",\"rating\":1700,\"seed\":\"sodium,90eab1437cc91083a35c5fb41115df79\"}\n>p1 switch 5, switch 6\n>p2 move hydropump +1, move fireblast +1\n>p1 move dragondance, move doubleedge +1\n>p2 switch 5, move protect\n>p2 switch 3, pass\n>p1 move dragonclaw +2, switch 5\n>p2 move swordsdance, switch 6\n>p1 move dragonclaw +2, move protect\n>p2 move spikyshield, switch 6\n>p2 pass, switch 5\n>p1 move dragondance, move rockslide\n>p2 move ivycudgel +1, move tailwind\n>p1 move burningbulwark, move rockslide\n>p2 move ivycudgel +1, move hydropump +1\n>p1 move dragonclaw +1, move protect\n>p2 move powerwhip +2, move hydropump +1\n>chat ☆ILoveTrump2028|Gg\n>p2 switch 6, pass\n>chat ☆ILoveTrump2028|I cooked\n>p1 move burningbulwark, move rockslide\n>p2 move facade +1, move hydropump +2\n>p1 pass, switch 5\n>p1 move dragonclaw +2, switch 3\n>p2 move protect, move tailwind\n>p2 pass, switch 4\n>chat ☆ILoveTrump2028|Using slaking as bait\n>p1 move heatcrash +2, move closecombat +1\n>p2 move facade +2, move overdrive\n>p1 move dragonclaw +1, move leafblade +1\n>p2 move protect, pass", "uploadtime": 1771014091, "views": 83, "formatid": "gen9randomdoublesbattle", "rating": 1680, "private": 0, "password": null}