{"id": "gen9randomdoublesbattle-2539302317", "format": "[Gen 9] Random Doubles Battle", "players": ["kalsonofjor", "Embowaf"], "log": "|j|☆kalsonofjor\n|j|☆Embowaf\n|t:|1771035441\n|gametype|doubles\n|player|p1|kalsonofjor|1|1828\n|player|p2|Embowaf|266|1846\n|gen|9\n|tier|[Gen 9] Random Doubles Battle\n|rated|\n|rule|Species Clause: Limit one of each Pokémon\n|rule|HP Percentage Mod: HP is shown in percentages\n|rule|Illusion Level Mod: Illusion disguises the Pokémon's true level\n|rule|Sleep Clause Mod: Limit one foe put to sleep\n|\n|t:|1771035441\n|teamsize|p1|6\n|teamsize|p2|6\n|start\n|switch|p1a: Rampardos|Rampardos, L87, F|311/311\n|switch|p1b: Alomomola|Alomomola, L96, F|472/472\n|switch|p2a: Toxicroak|Toxicroak, L85, M|280/280\n|switch|p2b: Iron Moth|Iron Moth, L78|253/253\n|turn|1\n|\n|t:|1771035467\n|switch|p1a: Whiscash|Whiscash, L88, M|337/337\n|-end|p2b: Iron Moth|Quark Drive|[silent]\n|switch|p2b: Archaludon|Archaludon, L77, F|265/265\n|move|p2a: Toxicroak|Close Combat|p1a: Whiscash\n|-damage|p1a: Whiscash|134/337\n|-unboost|p2a: Toxicroak|def|1\n|-unboost|p2a: Toxicroak|spd|1\n|-enditem|p1a: Whiscash|Sitrus Berry|[eat]\n|-heal|p1a: Whiscash|218/337|[from] item: Sitrus Berry\n|-damage|p2a: Toxicroak|252/280|[from] item: Life Orb\n|move|p1b: Alomomola|Scald|p2b: Archaludon\n|-resisted|p2b: Archaludon\n|-damage|p2b: Archaludon|227/265\n|-status|p2b: Archaludon|brn\n|-ability|p2b: Archaludon|Stamina|boost\n|-boost|p2b: Archaludon|def|1\n|\n|-damage|p2b: Archaludon|211/265 brn|[from] brn\n|upkeep\n|turn|2\n|inactive|Battle timer is ON: inactive players will automatically lose when time's up. (requested by kalsonofjor)\n|\n|t:|1771035537\n|switch|p2a: Arceus|Arceus-Fairy, L70|284/284\n|move|p1a: Whiscash|Protect|p1a: Whiscash\n|-singleturn|p1a: Whiscash|Protect\n|move|p1b: Alomomola|Icy Wind|p2b: Archaludon|[spread] p2a,p2b\n|-damage|p2a: Arceus|265/284\n|-damage|p2b: Archaludon|184/265 brn\n|-unboost|p2a: Arceus|spe|1\n|-unboost|p2b: Archaludon|spe|1\n|-ability|p2b: Archaludon|Stamina|boost\n|-boost|p2b: Archaludon|def|1\n|move|p2b: Archaludon|Electro Shot||[still]\n|-prepare|p2b: Archaludon|Electro Shot\n|-boost|p2b: Archaludon|spa|1\n|-enditem|p2b: Archaludon|Power Herb\n|-anim|p2b: Archaludon|Electro Shot|p1b: Alomomola\n|-supereffective|p1b: Alomomola\n|-damage|p1b: Alomomola|60/472\n|-enditem|p1b: Alomomola|Sitrus Berry|[eat]\n|-heal|p1b: Alomomola|178/472|[from] item: Sitrus Berry\n|\n|-damage|p2b: Archaludon|168/265 brn|[from] brn\n|upkeep\n|turn|3\n|inactive|kalsonofjor has 120 seconds left.\n|inactive|Embowaf has 120 seconds left.\n|inactive|kalsonofjor has 90 seconds left.\n|\n|t:|1771035611\n|switch|p1b: Landorus|Landorus, L75, M|257/257\n|move|p1a: Whiscash|Muddy Water|p2a: Arceus|[spread] p2a,p2b\n|-resisted|p2b: Archaludon\n|-crit|p2b: Archaludon\n|-damage|p2a: Arceus|205/284\n|-damage|p2b: Archaludon|96/265 brn\n|-unboost|p2a: Arceus|accuracy|1\n|-ability|p2b: Archaludon|Stamina|boost\n|-boost|p2b: Archaludon|def|1\n|move|p2a: Arceus|Dazzling Gleam|p1a: Whiscash|[spread] p1a,p1b\n|-damage|p1a: Whiscash|148/337\n|-damage|p1b: Landorus|182/257\n|move|p2b: Archaludon|Dragon Pulse|p1a: Whiscash\n|-damage|p1a: Whiscash|0 fnt\n|faint|p1a: Whiscash\n|\n|-damage|p2b: Archaludon|80/265 brn|[from] brn\n|upkeep\n|\n|t:|1771035638\n|switch|p1a: Espathra|Espathra, L83, F|293/293\n|turn|4\n|inactive|Embowaf has 120 seconds left.\n|inactive|Embowaf has 90 seconds left.\n|\n|t:|1771035704\n|move|p1a: Espathra|Lumina Crash|p2a: Arceus\n|-damage|p2a: Arceus|96/284\n|-unboost|p2a: Arceus|spd|2\n|-damage|p1a: Espathra|264/293|[from] item: Life Orb\n|move|p1b: Landorus|Sandsear Storm|p2a: Arceus|[spread] p2b\n|-miss|p1b: Landorus|p2a: Arceus\n|-supereffective|p2b: Archaludon\n|-damage|p2b: Archaludon|0 fnt\n|faint|p2b: Archaludon\n|move|p2a: Arceus|Dazzling Gleam|p1a: Espathra|[spread] p1a,p1b\n|-damage|p1a: Espathra|182/293\n|-damage|p1b: Landorus|110/257\n|\n|-ability|p1a: Espathra|Speed Boost|boost\n|-boost|p1a: Espathra|spe|1\n|upkeep\n|inactive|Embowaf has 60 seconds left.\n|inactive|Embowaf has 30 seconds left.\n|\n|t:|1771035750\n|switch|p2b: Zacian|Zacian, L70|245/245\n|-ability|p2b: Zacian|Intrepid Sword|boost\n|-boost|p2b: Zacian|atk|1\n|turn|5\n|\n|t:|1771035769\n|move|p1b: Landorus|Protect|p1b: Landorus\n|-singleturn|p1b: Landorus|Protect\n|move|p1a: Espathra|Lumina Crash|p2b: Zacian\n|-damage|p2b: Zacian|144/245\n|-unboost|p2b: Zacian|spd|2\n|-damage|p1a: Espathra|153/293|[from] item: Life Orb\n|move|p2b: Zacian|Play Rough|p1b: Landorus\n|-activate|p1b: Landorus|move: Protect\n|move|p2a: Arceus|Recover|p2a: Arceus\n|-heal|p2a: Arceus|238/284\n|\n|-ability|p1a: Espathra|Speed Boost|boost\n|-boost|p1a: Espathra|spe|1\n|upkeep\n|turn|6\n|inactive|kalsonofjor has 120 seconds left.\n|inactive|Embowaf has 60 seconds left.\n|inactive|kalsonofjor has 90 seconds left.\n|\n|t:|1771035816\n|move|p1a: Espathra|Lumina Crash|p2b: Zacian\n|-damage|p2b: Zacian|0 fnt\n|faint|p2b: Zacian\n|-damage|p1a: Espathra|124/293|[from] item: Life Orb\n|move|p1b: Landorus|Sludge Bomb|p2a: Arceus\n|-supereffective|p2a: Arceus\n|-damage|p2a: Arceus|0 fnt\n|faint|p2a: Arceus\n|\n|-ability|p1a: Espathra|Speed Boost|boost\n|-boost|p1a: Espathra|spe|1\n|upkeep\n|inactive|Embowaf has 30 seconds left.\n|inactive|Embowaf has 20 seconds left.\n|inactive|Embowaf has 15 seconds left.\n|inactive|Embowaf has 10 seconds left.\n|inactive|Embowaf has 5 seconds left.\n|-message|Embowaf lost due to inactivity.\n|\n|win|kalsonofjor\n|raw|kalsonofjor's rating: 1828 &rarr; <strong>1848</strong><br />(+20 for winning)\n|raw|Embowaf's rating: 1825 &rarr; <strong>1805</strong><br />(-20 for losing)\n", "inputlog": ">version ccdc32dd7cde25fd9e4bed64820e885f66e78a4e\n>start {\"formatid\":\"gen9randomdoublesbattle\",\"seed\":\"sodium,600f87a65b95530452b01428e3397506\",\"rated\":\"Rated battle\"}\n>player p1 {\"name\":\"kalsonofjor\",\"avatar\":\"1\",\"rating\":1828,\"seed\":\"sodium,e94d3f02509e704fc996378dc48a9207\"}\n>player p2 {\"name\":\"Embowaf\",\"avatar\":\"266\",\"rating\":1846,\"seed\":\"sodium,f46eed6c5ce5ed90718713d32d27c1eb\"}\n>p1 switch 3, move scald +2\n>p2 move closecombat +1, switch 6\n>p1 move protect, move icywind\n>p2 switch 5, move electroshot +2\n>p1 move muddywater, switch 6\n>p2 move dazzlinggleam, move dragonpulse +1\n>p1 switch 5, pass\n>p1 move luminacrash +1, move sandsearstorm\n>p2 move dazzlinggleam, move dragonpulse +2\n>p2 pass, switch 3\n>p1 move luminacrash +2, move protect\n>p2 move recover, move playrough +2\n>p1 move luminacrash +2, move sludgebomb +1\n>p2 move dazzlinggleam, move playrough +1\n>forcelose p2", "uploadtime": 1771035862, "views": 81, "formatid": "gen9randomdoublesbattle", "rating": 1805, "private": 0, "password": null}