{"id": "gen9randomdoublesbattle-2539358400", "format": "[Gen 9] Random Doubles Battle", "players": ["Dunsparceismyhomie", "Afang3"], "log": "|j|☆Dunsparceismyhomie\n|j|☆Afang3\n|t:|1771043505\n|gametype|doubles\n|player|p1|Dunsparceismyhomie|101|1675\n|player|p2|Afang3|2|1619\n|gen|9\n|tier|[Gen 9] Random Doubles Battle\n|rated|\n|rule|Species Clause: Limit one of each Pokémon\n|rule|HP Percentage Mod: HP is shown in percentages\n|rule|Illusion Level Mod: Illusion disguises the Pokémon's true level\n|rule|Sleep Clause Mod: Limit one foe put to sleep\n|\n|t:|1771043505\n|teamsize|p1|6\n|teamsize|p2|6\n|start\n|switch|p1a: Primarina|Primarina, L79, M|256/256\n|switch|p1b: Dondozo|Dondozo, L85, M|394/394\n|switch|p2a: Eelektross|Eelektross, L86, F|286/286\n|switch|p2b: Hydreigon|Hydreigon, L82, M|285/285\n|turn|1\n|\n|t:|1771043525\n|switch|p2b: Vikavolt|Vikavolt, L84, F|267/267\n|move|p1a: Primarina|Moonblast|p2b: Vikavolt\n|-damage|p2b: Vikavolt|74/267\n|-unboost|p2b: Vikavolt|spa|1\n|-enditem|p2b: Vikavolt|Sitrus Berry|[eat]\n|-heal|p2b: Vikavolt|140/267|[from] item: Sitrus Berry\n|move|p2a: Eelektross|Knock Off|p1b: Dondozo\n|-damage|p1b: Dondozo|328/394\n|-enditem|p1b: Dondozo|Assault Vest|[from] move: Knock Off|[of] p2a: Eelektross\n|move|p1b: Dondozo|Wave Crash|p2a: Eelektross\n|-damage|p2a: Eelektross|138/286\n|-damage|p1b: Dondozo|279/394|[from] Recoil\n|\n|upkeep\n|turn|2\n|inactive|Battle timer is ON: inactive players will automatically lose when time's up. (requested by Afang3)\n|\n|t:|1771043542\n|switch|p1a: Sableye|Sableye, L92, F|241/241\n|move|p2a: Eelektross|Giga Drain|p1b: Dondozo\n|-supereffective|p1b: Dondozo\n|-damage|p1b: Dondozo|143/394\n|-heal|p2a: Eelektross|206/286|[from] drain|[of] p1b: Dondozo\n|move|p2b: Vikavolt|Sticky Web|p1a: Sableye\n|-sidestart|p1: Dunsparceismyhomie|move: Sticky Web\n|move|p1b: Dondozo|Wave Crash|p2a: Eelektross\n|-damage|p2a: Eelektross|68/286\n|-damage|p1b: Dondozo|97/394|[from] Recoil\n|\n|upkeep\n|turn|3\n|\n|t:|1771043556\n|move|p1a: Sableye|Fake Out|p2a: Eelektross\n|-crit|p2a: Eelektross\n|-damage|p2a: Eelektross|26/286\n|cant|p2a: Eelektross|flinch\n|move|p2b: Vikavolt|Bug Buzz|p1a: Sableye\n|-damage|p1a: Sableye|147/241\n|move|p1b: Dondozo|Body Press|p2a: Eelektross\n|-damage|p2a: Eelektross|0 fnt\n|faint|p2a: Eelektross\n|\n|upkeep\n|\n|t:|1771043569\n|switch|p2a: Hydreigon|Hydreigon, L82, M|285/285\n|turn|4\n|\n|t:|1771043581\n|move|p2a: Hydreigon|Protect|p2a: Hydreigon\n|-singleturn|p2a: Hydreigon|Protect\n|move|p1a: Sableye|Knock Off|p2b: Vikavolt\n|-damage|p2b: Vikavolt|77/267\n|move|p2b: Vikavolt|Thunderbolt|p1b: Dondozo\n|-supereffective|p1b: Dondozo\n|-damage|p1b: Dondozo|0 fnt\n|faint|p1b: Dondozo\n|\n|upkeep\n|\n|t:|1771043586\n|switch|p1b: Primarina|Primarina, L79, M|256/256\n|-activate|p1b: Primarina|move: Sticky Web\n|-unboost|p1b: Primarina|spe|1\n|turn|5\n|\n|t:|1771043602\n|switch|p2a: Carbink|Carbink, L88|231/231\n|move|p1a: Sableye|Knock Off|p2b: Vikavolt\n|-damage|p2b: Vikavolt|16/267\n|move|p2b: Vikavolt|Thunderbolt|p1a: Sableye\n|-damage|p1a: Sableye|48/241\n|-enditem|p1a: Sableye|Sitrus Berry|[eat]\n|-heal|p1a: Sableye|108/241|[from] item: Sitrus Berry\n|move|p1b: Primarina|Hyper Voice|p2a: Carbink|[spread] p2a,p2b\n|-supereffective|p2a: Carbink\n|-damage|p2a: Carbink|85/231\n|-damage|p2b: Vikavolt|0 fnt\n|faint|p2b: Vikavolt\n|\n|-heal|p2a: Carbink|99/231|[from] item: Leftovers\n|upkeep\n|\n|t:|1771043606\n|switch|p2b: Hydreigon|Hydreigon, L82, M|285/285\n|turn|6\n|\n|t:|1771043622\n|switch|p1b: Klawf|Klawf, L91, F|275/275\n|-activate|p1b: Klawf|move: Sticky Web\n|-unboost|p1b: Klawf|spe|1\n|move|p2b: Hydreigon|Snarl|p1a: Sableye|[spread] p1a,p1b\n|-damage|p1a: Sableye|33/241\n|-damage|p1b: Klawf|184/275\n|-unboost|p1a: Sableye|spa|1\n|-unboost|p1b: Klawf|spa|1\n|-damage|p2b: Hydreigon|257/285|[from] item: Life Orb\n|move|p1a: Sableye|Knock Off|p2b: Hydreigon\n|-resisted|p2b: Hydreigon\n|-damage|p2b: Hydreigon|204/285\n|-enditem|p2b: Hydreigon|Life Orb|[from] move: Knock Off|[of] p1a: Sableye\n|move|p2a: Carbink|Moonblast|p1a: Sableye\n|-supereffective|p1a: Sableye\n|-damage|p1a: Sableye|0 fnt\n|faint|p1a: Sableye\n|\n|-heal|p2a: Carbink|113/231|[from] item: Leftovers\n|upkeep\n|\n|t:|1771043630\n|switch|p1a: Primarina|Primarina, L79, M|256/256\n|-activate|p1a: Primarina|move: Sticky Web\n|-unboost|p1a: Primarina|spe|1\n|turn|7\n|\n|t:|1771043641\n|move|p2b: Hydreigon|Protect|p2b: Hydreigon\n|-singleturn|p2b: Hydreigon|Protect\n|move|p1b: Klawf|Crabhammer|p2a: Carbink\n|-supereffective|p2a: Carbink\n|-damage|p2a: Carbink|0 fnt\n|faint|p2a: Carbink\n|-damage|p1b: Klawf|157/275|[from] item: Life Orb\n|move|p1a: Primarina|Moonblast|p2b: Hydreigon\n|-activate|p2b: Hydreigon|move: Protect\n|\n|upkeep\n|\n|t:|1771043649\n|switch|p2a: Kyogre|Kyogre, L65|238/238\n|-weather|RainDance|[from] ability: Drizzle|[of] p2a: Kyogre\n|turn|8\n|\n|t:|1771043660\n|switch|p2b: Scream Tail|Scream Tail, L82|323/323\n|-terastallize|p1b: Klawf|Dark\n|move|p2a: Kyogre|Water Spout|p1b: Klawf|[spread] p1a,p1b\n|-resisted|p1a: Primarina\n|-damage|p1a: Primarina|186/256\n|-damage|p1b: Klawf|0 fnt\n|faint|p1b: Klawf\n|move|p1a: Primarina|Moonblast|p2a: Kyogre\n|-crit|p2a: Kyogre\n|-damage|p2a: Kyogre|36/238\n|-unboost|p2a: Kyogre|spa|1\n|\n|-weather|RainDance|[upkeep]\n|upkeep\n|\n|t:|1771043669\n|switch|p1b: Rotom|Rotom-Heat, L84|221/221\n|turn|9\n|\n|t:|1771043683\n|move|p2a: Kyogre|Water Spout|p1a: Primarina|[spread] p1a,p1b\n|-resisted|p1a: Primarina\n|-supereffective|p1b: Rotom\n|-damage|p1a: Primarina|180/256\n|-damage|p1b: Rotom|195/221\n|move|p2b: Scream Tail|Play Rough|p1a: Primarina|[miss]\n|-miss|p2b: Scream Tail|p1a: Primarina\n|move|p1b: Rotom|Thunderbolt|p2b: Scream Tail\n|-damage|p2b: Scream Tail|230/323\n|-status|p2b: Scream Tail|par\n|move|p1a: Primarina|Moonblast|p2b: Scream Tail\n|-damage|p2b: Scream Tail|101/323 par\n|-unboost|p2b: Scream Tail|spa|1\n|-enditem|p2b: Scream Tail|Sitrus Berry|[eat]\n|-heal|p2b: Scream Tail|181/323 par|[from] item: Sitrus Berry\n|\n|-weather|RainDance|[upkeep]\n|upkeep\n|turn|10\n|l|☆Afang3\n|inactive|Afang3 disconnected and has a minute to reconnect!\n|player|p2|\n|inactive|Afang3 has 30 seconds to reconnect!\n|inactive|Dunsparceismyhomie has 120 seconds left.\n|inactive|Afang3 has 20 seconds to reconnect!\n|inactive|Afang3 has 15 seconds to reconnect!\n|inactive|Afang3 has 10 seconds to reconnect!\n|inactive|Afang3 has 5 seconds to reconnect!\n|-message|Afang3 lost due to inactivity.\n|\n|win|Dunsparceismyhomie\n|raw|Dunsparceismyhomie's rating: 1675 &rarr; <strong>1692</strong><br />(+17 for winning)\n|raw|Afang3's rating: 1619 &rarr; <strong>1602</strong><br />(-17 for losing)\n", "inputlog": ">version ccdc32dd7cde25fd9e4bed64820e885f66e78a4e\n>start {\"formatid\":\"gen9randomdoublesbattle\",\"seed\":\"sodium,b7702027881d227a5b4b17e9c30764c0\",\"rated\":\"Rated battle\"}\n>player p1 {\"name\":\"Dunsparceismyhomie\",\"avatar\":\"101\",\"rating\":1675,\"seed\":\"sodium,46c4b971915fcb461b414dbdc85f3ae7\"}\n>player p2 {\"name\":\"Afang3\",\"avatar\":\"2\",\"rating\":1619,\"seed\":\"sodium,fd9b9c9d9607adc1255be35c289eabf2\"}\n>p1 move moonblast +2, move wavecrash +1\n>p2 move knockoff +2, switch 5\n>p1 switch 4, move wavecrash +1\n>p2 move gigadrain +2, move stickyweb\n>p1 move fakeout +1, move bodypress +1\n>p2 move thunderbolt +2, move bugbuzz +1\n>p2 switch 5, pass\n>p1 move knockoff +2, move bodypress +1\n>p2 move protect, move thunderbolt +2\n>p1 pass, switch 4\n>p1 move knockoff +2, move hypervoice\n>p2 switch 4, move thunderbolt +1\n>p2 pass, switch 4\n>p1 move knockoff +2, switch 3\n>p2 move moonblast +1, move snarl\n>p1 switch 3, pass\n>p1 move moonblast +2, move crabhammer +1\n>p2 move bodypress +2, move protect\n>p2 switch 6, pass\n>p1 move moonblast +1, move knockoff +1 terastallize\n>p2 move waterspout, switch 3\n>p1 pass, switch 5\n>p1 move moonblast +2, move thunderbolt +2\n>p2 move waterspout, move playrough +1\n>forcelose p2", "uploadtime": 1771043761, "views": 110, "formatid": "gen9randomdoublesbattle", "rating": 1602, "private": 0, "password": null}