{"id": "gen9randomdoublesbattle-2536599414", "format": "[Gen 9] Random Doubles Battle", "players": ["baseballlover", "pragma"], "log": "|j|☆baseballlover\n|j|☆pragma\n|t:|1770712690\n|gametype|doubles\n|player|p1|baseballlover|2|1587\n|player|p2|pragma|sabrina|1623\n|gen|9\n|tier|[Gen 9] Random Doubles Battle\n|rated|\n|rule|Species Clause: Limit one of each Pokémon\n|rule|HP Percentage Mod: HP is shown in percentages\n|rule|Illusion Level Mod: Illusion disguises the Pokémon's true level\n|rule|Sleep Clause Mod: Limit one foe put to sleep\n|\n|t:|1770712690\n|teamsize|p1|6\n|teamsize|p2|6\n|start\n|switch|p1a: Typhlosion|Typhlosion, L79, F|253/253\n|switch|p1b: Mismagius|Mismagius, L88, M|249/249\n|switch|p2a: Banette|Banette, L94, M|273/273\n|switch|p2b: Keldeo|Keldeo-Resolute, L78|270/270\n|-item|p1a: Typhlosion|Choice Scarf|[from] ability: Frisk|[of] p2a: Banette\n|-item|p1b: Mismagius|Choice Specs|[from] ability: Frisk|[of] p2a: Banette\n|turn|1\n|inactive|Battle timer is ON: inactive players will automatically lose when time's up. (requested by baseballlover)\n|\n|t:|1770712718\n|switch|p1a: Bellossom|Bellossom, L87, M|272/272\n|move|p2a: Banette|Shadow Sneak|p1b: Mismagius\n|-supereffective|p1b: Mismagius\n|-damage|p1b: Mismagius|62/249\n|-damage|p2a: Banette|246/273|[from] item: Life Orb\n|move|p1b: Mismagius|Shadow Ball|p2a: Banette\n|-supereffective|p2a: Banette\n|-damage|p2a: Banette|0 fnt\n|faint|p2a: Banette\n|move|p2b: Keldeo|Hydro Pump|p1a: Bellossom\n|-resisted|p1a: Bellossom\n|-damage|p1a: Bellossom|202/272\n|-damage|p2b: Keldeo|243/270|[from] item: Life Orb\n|\n|upkeep\n|\n|t:|1770712723\n|switch|p2a: Lokix|Lokix, L88, M|268/268\n|turn|2\n|inactive|baseballlover has 120 seconds left.\n|\n|t:|1770712757\n|switch|p1b: Flapple|Flapple, L95, F|287/287\n|move|p2a: Lokix|First Impression|p1a: Bellossom\n|-supereffective|p1a: Bellossom\n|-damage|p1a: Bellossom|0 fnt\n|faint|p1a: Bellossom\n|-damage|p2a: Lokix|242/268|[from] item: Life Orb\n|move|p2b: Keldeo|Hydro Pump|p1b: Flapple|[miss]\n|-miss|p2b: Keldeo|p1b: Flapple\n|\n|upkeep\n|inactive|baseballlover has 120 seconds left.\n|\n|t:|1770712764\n|switch|p1a: Mismagius|Mismagius, L88, M|62/249\n|turn|3\n|\n|t:|1770712774\n|switch|p2b: Meloetta|Meloetta, L80|291/291\n|move|p2a: Lokix|Sucker Punch|p1a: Mismagius\n|-supereffective|p1a: Mismagius\n|-damage|p1a: Mismagius|0 fnt\n|faint|p1a: Mismagius\n|-damage|p2a: Lokix|216/268|[from] item: Life Orb\n|move|p1b: Flapple|Grav Apple|p2b: Meloetta\n|-damage|p2b: Meloetta|158/291\n|-unboost|p2b: Meloetta|def|1\n|\n|upkeep\n|\n|t:|1770712788\n|switch|p1a: Typhlosion|Typhlosion, L79, F|253/253\n|turn|4\n|\n|t:|1770712797\n|move|p2a: Lokix|Sucker Punch|p1a: Typhlosion\n|-damage|p1a: Typhlosion|131/253\n|-damage|p2a: Lokix|190/268|[from] item: Life Orb\n|move|p1b: Flapple|Sucker Punch|p2b: Meloetta\n|-supereffective|p2b: Meloetta\n|-damage|p2b: Meloetta|0 fnt\n|faint|p2b: Meloetta\n|move|p1a: Typhlosion|Eruption|p2a: Lokix\n|-supereffective|p2a: Lokix\n|-damage|p2a: Lokix|0 fnt\n|faint|p2a: Lokix\n|\n|upkeep\n|\n|t:|1770712802\n|switch|p2a: Toxapex|Toxapex, L92, F|241/241\n|switch|p2b: Oricorio|Oricorio-Pa'u, L89, F|278/278\n|turn|5\n|\n|t:|1770712815\n|switch|p1a: Basculin|Basculin-Blue-Striped, L87, M|264/264\n|-terastallize|p1b: Flapple|Steel\n|move|p2b: Oricorio|Tailwind|p2b: Oricorio\n|-sidestart|p2: pragma|move: Tailwind\n|move|p2a: Toxapex|Infestation|p1b: Flapple\n|-resisted|p1b: Flapple\n|-damage|p1b: Flapple|280/287\n|-activate|p1b: Flapple|move: Infestation|[of] p2a: Toxapex\n|move|p1b: Flapple|Grav Apple|p2a: Toxapex\n|-damage|p2a: Toxapex|169/241\n|-unboost|p2a: Toxapex|def|1\n|\n|-heal|p2a: Toxapex|184/241|[from] item: Leftovers\n|-damage|p1b: Flapple|245/287|[from] move: Infestation|[partiallytrapped]\n|upkeep\n|turn|6\n|inactive|baseballlover has 120 seconds left.\n|\n|t:|1770712848\n|move|p2b: Oricorio|Protect|p2b: Oricorio\n|-singleturn|p2b: Oricorio|Protect\n|move|p2a: Toxapex|Toxic|p1a: Basculin\n|-status|p1a: Basculin|tox\n|move|p1a: Basculin|Wave Crash|p2b: Oricorio\n|-activate|p2b: Oricorio|move: Protect\n|move|p1b: Flapple|Grav Apple|p2a: Toxapex\n|-damage|p2a: Toxapex|67/241\n|-unboost|p2a: Toxapex|def|1\n|\n|-heal|p2a: Toxapex|82/241|[from] item: Leftovers\n|-damage|p1a: Basculin|248/264 tox|[from] psn\n|-damage|p1b: Flapple|210/287|[from] move: Infestation|[partiallytrapped]\n|upkeep\n|turn|7\n|\n|t:|1770712860\n|move|p2a: Toxapex|Baneful Bunker|p2a: Toxapex\n|-singleturn|p2a: Toxapex|move: Protect\n|move|p2b: Oricorio|Hurricane|p1a: Basculin|[miss]\n|-miss|p2b: Oricorio|p1a: Basculin\n|move|p1a: Basculin|Wave Crash|p2b: Oricorio\n|-crit|p2b: Oricorio\n|-damage|p2b: Oricorio|0 fnt\n|faint|p2b: Oricorio\n|-damage|p1a: Basculin|156/264 tox|[from] Recoil\n|move|p1b: Flapple|Grav Apple|p2a: Toxapex\n|-activate|p2a: Toxapex|move: Protect\n|\n|-heal|p2a: Toxapex|97/241|[from] item: Leftovers\n|-damage|p1a: Basculin|124/264 tox|[from] psn\n|-damage|p1b: Flapple|175/287|[from] move: Infestation|[partiallytrapped]\n|upkeep\n|\n|t:|1770712863\n|switch|p2b: Keldeo|Keldeo-Resolute, L78|243/270\n|turn|8\n|inactive|baseballlover has 120 seconds left.\n|\n|t:|1770712911\n|move|p2b: Keldeo|Secret Sword|p1b: Flapple\n|-supereffective|p1b: Flapple\n|-damage|p1b: Flapple|0 fnt\n|faint|p1b: Flapple\n|-damage|p2b: Keldeo|216/270|[from] item: Life Orb\n|move|p2a: Toxapex|Infestation|p1a: Basculin\n|-damage|p1a: Basculin|108/264 tox\n|-activate|p1a: Basculin|move: Infestation|[of] p2a: Toxapex\n|move|p1a: Basculin|Wave Crash|p2a: Toxapex\n|-resisted|p2a: Toxapex\n|-damage|p2a: Toxapex|0 fnt\n|faint|p2a: Toxapex\n|-damage|p1a: Basculin|76/264 tox|[from] Recoil\n|\n|-damage|p1a: Basculin|28/264 tox|[from] psn\n|-end|p1a: Basculin|Infestation|[partiallytrapped]|[silent]\n|-sideend|p2: pragma|move: Tailwind\n|upkeep\n|\n|t:|1770712921\n|switch|p1b: Typhlosion|Typhlosion, L79, F|131/253\n|turn|9\n|\n|t:|1770712936\n|move|p1b: Typhlosion|Scorching Sands|p2b: Keldeo\n|-damage|p2b: Keldeo|163/270\n|-status|p2b: Keldeo|brn\n|move|p1a: Basculin|Wave Crash|p2b: Keldeo\n|-resisted|p2b: Keldeo\n|-damage|p2b: Keldeo|52/270 brn\n|-damage|p1a: Basculin|0 fnt|[from] Recoil\n|faint|p1a: Basculin\n|move|p2b: Keldeo|Hydro Pump|p1b: Typhlosion\n|-supereffective|p1b: Typhlosion\n|-damage|p1b: Typhlosion|0 fnt\n|faint|p1b: Typhlosion\n|-damage|p2b: Keldeo|25/270 brn|[from] item: Life Orb\n|\n|-damage|p2b: Keldeo|9/270 brn|[from] brn\n|upkeep\n|\n|t:|1770712945\n|switch|p1b: Entei|Entei, L77|304/304\n|turn|10\n|\n|t:|1770712951\n|move|p1b: Entei|Extreme Speed|p2b: Keldeo\n|-damage|p2b: Keldeo|0 fnt\n|faint|p2b: Keldeo\n|\n|win|baseballlover\n|raw|baseballlover's rating: 1587 &rarr; <strong>1609</strong><br />(+22 for winning)\n|raw|pragma's rating: 1623 &rarr; <strong>1601</strong><br />(-22 for losing)\n", "inputlog": ">version ccdc32dd7cde25fd9e4bed64820e885f66e78a4e\n>start {\"formatid\":\"gen9randomdoublesbattle\",\"seed\":\"sodium,f88ca664cc2d7208c2a6d298bd4c6cec\",\"rated\":\"Rated battle\"}\n>player p1 {\"name\":\"baseballlover\",\"avatar\":\"2\",\"rating\":1587,\"seed\":\"sodium,688eb8ec6edf36418efc5eee69dc8589\"}\n>player p2 {\"name\":\"pragma\",\"avatar\":\"sabrina\",\"rating\":1623,\"seed\":\"sodium,6ee544584ecfdfa9f33db44800b51e78\"}\n>p1 switch 5, move shadowball +1\n>p2 move shadowsneak +2, move hydropump +1\n>p2 switch 6, pass\n>p1 move quiverdance, switch 3\n>p2 move firstimpression +1, move hydropump +2\n>p1 switch 3, pass\n>p1 move dazzlinggleam, move gravapple +2\n>p2 move suckerpunch +1, switch 4\n>p1 switch 5, pass\n>p1 move eruption, move suckerpunch +2\n>p2 move suckerpunch +1, move relicsong\n>p2 switch 5, switch 3\n>p1 switch 4, move gravapple +1 terastallize\n>p2 move infestation +2, move tailwind\n>p1 move wavecrash +2, move gravapple +1\n>p2 move toxic +1, move protect\n>p1 move wavecrash +2, move gravapple +1\n>p2 move banefulbunker, move hurricane +1\n>p2 pass, switch 4\n>p1 move wavecrash +1, move gravapple +2\n>p2 move infestation +1, move secretsword +2\n>p1 pass, switch 4\n>p1 move wavecrash +2, move scorchingsands +2\n>p2 pass, move hydropump +2\n>p1 pass, switch 6\n>p1 pass, move extremespeed +2\n>p2 pass, move hydropump +2", "uploadtime": 1770712951, "views": 64, "formatid": "gen9randomdoublesbattle", "rating": 1601, "private": 0, "password": null}