{"id": "gen9randomdoublesbattle-2534394153", "format": "[Gen 9] Random Doubles Battle", "players": ["hazardjay7", "Braydawg101"], "log": "|j|☆hazardjay7\n|j|☆Braydawg101\n|t:|1770416015\n|gametype|doubles\n|player|p1|hazardjay7|102|1596\n|player|p2|Braydawg101|102|1499\n|gen|9\n|tier|[Gen 9] Random Doubles Battle\n|rated|\n|rule|Species Clause: Limit one of each Pokémon\n|rule|HP Percentage Mod: HP is shown in percentages\n|rule|Illusion Level Mod: Illusion disguises the Pokémon's true level\n|rule|Sleep Clause Mod: Limit one foe put to sleep\n|\n|t:|1770416015\n|teamsize|p1|6\n|teamsize|p2|6\n|start\n|switch|p1a: Deoxys|Deoxys-Speed, L85|224/224\n|switch|p1b: Indeedee|Indeedee-F, L91, F|275/275\n|switch|p2a: Venomoth|Venomoth, L90, F|272/272\n|switch|p2b: Noctowl|Noctowl, L91, M|330/330\n|-ability|p1a: Deoxys|Pressure\n|-fieldstart|move: Psychic Terrain|[from] ability: Psychic Surge|[of] p1b: Indeedee\n|turn|1\n|\n|t:|1770416068\n|-terastallize|p2a: Venomoth|Steel\n|-terastallize|p1b: Indeedee|Fairy\n|move|p1a: Deoxys|Taunt|p2b: Noctowl\n|-start|p2b: Noctowl|move: Taunt\n|move|p2a: Venomoth|Quiver Dance|p2a: Venomoth\n|-boost|p2a: Venomoth|spa|1\n|-boost|p2a: Venomoth|spd|1\n|-boost|p2a: Venomoth|spe|1\n|move|p1b: Indeedee|Psychic|p2a: Venomoth\n|-resisted|p2a: Venomoth\n|-damage|p2a: Venomoth|221/272\n|cant|p2b: Noctowl|move: Taunt|Tailwind\n|\n|upkeep\n|turn|2\n|\n|t:|1770416094\n|switch|p2b: Registeel|Registeel, L78|253/253\n|move|p1b: Indeedee|Follow Me|p1b: Indeedee\n|-singleturn|p1b: Indeedee|move: Follow Me\n|move|p1a: Deoxys|Thunder Wave|p2a: Venomoth\n|-status|p2a: Venomoth|par\n|move|p2a: Venomoth|Bug Buzz|p1b: Indeedee\n|-resisted|p1b: Indeedee\n|-damage|p1b: Indeedee|101/275\n|-enditem|p1b: Indeedee|Sitrus Berry|[eat]\n|-heal|p1b: Indeedee|169/275|[from] item: Sitrus Berry\n|-damage|p2a: Venomoth|194/272 par|[from] item: Life Orb\n|\n|upkeep\n|turn|3\n|\n|t:|1770416123\n|switch|p2b: Noctowl|Noctowl, L91, M|330/330\n|move|p1b: Indeedee|Helping Hand|p1a: Deoxys\n|-singleturn|p1a: Deoxys|Helping Hand|[of] p1b: Indeedee\n|move|p1a: Deoxys|Superpower|p2a: Venomoth\n|-supereffective|p2a: Venomoth\n|-damage|p2a: Venomoth|0 fnt\n|-unboost|p1a: Deoxys|atk|1\n|-unboost|p1a: Deoxys|def|1\n|faint|p2a: Venomoth\n|-damage|p1a: Deoxys|202/224|[from] item: Life Orb\n|\n|upkeep\n|\n|t:|1770416142\n|switch|p2a: Bellossom|Bellossom, L87, M|272/272\n|turn|4\n|\n|t:|1770416153\n|move|p1a: Deoxys|Taunt|p2b: Noctowl\n|-start|p2b: Noctowl|move: Taunt\n|move|p1b: Indeedee|Psychic|p2a: Bellossom\n|-damage|p2a: Bellossom|151/272\n|-unboost|p2a: Bellossom|spd|1\n|cant|p2b: Noctowl|move: Taunt|Tailwind\n|move|p2a: Bellossom|Quiver Dance|p2a: Bellossom\n|-boost|p2a: Bellossom|spa|1\n|-boost|p2a: Bellossom|spd|1\n|-boost|p2a: Bellossom|spe|1\n|\n|upkeep\n|turn|5\n|\n|t:|1770416171\n|move|p2a: Bellossom|Protect|p2a: Bellossom\n|-singleturn|p2a: Bellossom|Protect\n|move|p1b: Indeedee|Follow Me|p1b: Indeedee\n|-singleturn|p1b: Indeedee|move: Follow Me\n|move|p1a: Deoxys|Thunder Wave|p2a: Bellossom\n|-activate|p2a: Bellossom|move: Protect\n|move|p2b: Noctowl|Hurricane|p1b: Indeedee|[miss]\n|-miss|p2b: Noctowl|p1b: Indeedee\n|\n|-fieldend|move: Psychic Terrain\n|upkeep\n|turn|6\n|\n|t:|1770416189\n|move|p1b: Indeedee|Follow Me|p1b: Indeedee\n|-singleturn|p1b: Indeedee|move: Follow Me\n|move|p1a: Deoxys|Thunder Wave|p2a: Bellossom\n|-status|p2a: Bellossom|par\n|move|p2b: Noctowl|Hyper Voice|p1b: Indeedee|[spread] p1a,p1b\n|-damage|p1a: Deoxys|101/224\n|-damage|p1b: Indeedee|91/275\n|-damage|p2b: Noctowl|297/330|[from] item: Life Orb\n|cant|p2a: Bellossom|par\n|\n|-end|p2b: Noctowl|move: Taunt\n|upkeep\n|turn|7\n|\n|t:|1770416210\n|move|p1b: Indeedee|Follow Me|p1b: Indeedee\n|-singleturn|p1b: Indeedee|move: Follow Me\n|move|p1a: Deoxys|Taunt|p2b: Noctowl\n|-start|p2b: Noctowl|move: Taunt\n|move|p2b: Noctowl|Hyper Voice|p1a: Deoxys|[spread] p1a,p1b\n|-crit|p1a: Deoxys\n|-damage|p1a: Deoxys|0 fnt\n|-damage|p1b: Indeedee|17/275\n|faint|p1a: Deoxys\n|-damage|p2b: Noctowl|264/330|[from] item: Life Orb\n|move|p2a: Bellossom|Strength Sap|p1b: Indeedee\n|-unboost|p1b: Indeedee|atk|1\n|-heal|p2a: Bellossom|256/272 par\n|\n|upkeep\n|\n|t:|1770416228\n|switch|p1a: Greninja|Greninja, L83, M|255/255\n|turn|8\n|\n|t:|1770416246\n|switch|p2b: Registeel|Registeel, L78|253/253\n|move|p1b: Indeedee|Follow Me|p1b: Indeedee\n|-singleturn|p1b: Indeedee|move: Follow Me\n|move|p1a: Greninja|Hydro Pump|p2b: Registeel\n|-damage|p2b: Registeel|132/253\n|-damage|p1a: Greninja|230/255|[from] item: Life Orb\n|move|p2a: Bellossom|Giga Drain|p1b: Indeedee\n|-damage|p1b: Indeedee|0 fnt\n|-heal|p2a: Bellossom|265/272 par|[from] drain|[of] p1b: Indeedee\n|faint|p1b: Indeedee\n|\n|-heal|p2b: Registeel|147/253|[from] item: Leftovers\n|upkeep\n|\n|t:|1770416263\n|switch|p1b: Vivillon|Vivillon-Icy Snow, L88, F|284/284\n|turn|9\n|\n|t:|1770416279\n|move|p2a: Bellossom|Protect|p2a: Bellossom\n|-singleturn|p2a: Bellossom|Protect\n|move|p1a: Greninja|Gunk Shot|p2a: Bellossom\n|-activate|p2a: Bellossom|move: Protect\n|move|p1b: Vivillon|Sleep Powder|p2b: Registeel\n|-status|p2b: Registeel|slp|[from] move: Sleep Powder\n|cant|p2b: Registeel|slp\n|\n|-heal|p2b: Registeel|162/253 slp|[from] item: Leftovers\n|-activate|p2a: Bellossom|ability: Healer\n|-curestatus|p2b: Registeel|slp|[msg]\n|upkeep\n|turn|10\n|\n|t:|1770416300\n|switch|p2a: Archaludon|Archaludon, L77, M|265/265\n|move|p1a: Greninja|Gunk Shot|p2a: Archaludon\n|-immune|p2a: Archaludon\n|move|p1b: Vivillon|Hurricane|p2a: Archaludon\n|-resisted|p2a: Archaludon\n|-damage|p2a: Archaludon|189/265\n|-start|p2a: Archaludon|confusion\n|-ability|p2a: Archaludon|Stamina|boost\n|-boost|p2a: Archaludon|def|1\n|move|p2b: Registeel|Iron Defense|p2b: Registeel\n|-boost|p2b: Registeel|def|2\n|\n|-heal|p2b: Registeel|177/253|[from] item: Leftovers\n|upkeep\n|turn|11\n|\n|t:|1770416329\n|move|p1a: Greninja|Dark Pulse|p2a: Archaludon\n|-damage|p2a: Archaludon|43/265\n|-ability|p2a: Archaludon|Stamina|boost\n|-boost|p2a: Archaludon|def|1\n|-damage|p1a: Greninja|205/255|[from] item: Life Orb\n|move|p1b: Vivillon|Sleep Powder|p2b: Registeel\n|-status|p2b: Registeel|slp|[from] move: Sleep Powder\n|-activate|p2a: Archaludon|confusion\n|-damage|p2a: Archaludon|35/265|[from] confusion\n|cant|p2b: Registeel|slp\n|\n|-heal|p2b: Registeel|192/253 slp|[from] item: Leftovers\n|upkeep\n|turn|12\n|\n|t:|1770416352\n|move|p1a: Greninja|Dark Pulse|p2a: Archaludon\n|-damage|p2a: Archaludon|0 fnt\n|faint|p2a: Archaludon\n|-ability|p1a: Greninja|Battle Bond|boost\n|-boost|p1a: Greninja|atk|1\n|-boost|p1a: Greninja|spa|1\n|-boost|p1a: Greninja|spe|1\n|-activate|p1a: Greninja|ability: Battle Bond\n|-damage|p1a: Greninja|180/255|[from] item: Life Orb\n|move|p1b: Vivillon|Pollen Puff|p1a: Greninja\n|-heal|p1a: Greninja|255/255\n|cant|p2b: Registeel|slp\n|\n|-heal|p2b: Registeel|207/253 slp|[from] item: Leftovers\n|upkeep\n|\n|t:|1770416369\n|switch|p2a: Noctowl|Noctowl, L91, M|264/330\n|turn|13\n|\n|t:|1770416383\n|move|p1a: Greninja|Hydro Pump|p2b: Registeel\n|-damage|p2b: Registeel|38/253 slp\n|-damage|p1a: Greninja|230/255|[from] item: Life Orb\n|move|p1b: Vivillon|Sleep Powder|p2a: Noctowl\n|-message|Sleep Clause Mod activated.\n|-hint|Sleep Clause Mod prevents players from putting more than one of their opponent's Pokémon to sleep at a time\n|move|p2a: Noctowl|Tailwind|p2a: Noctowl\n|-sidestart|p2: Braydawg101|move: Tailwind\n|-curestatus|p2b: Registeel|slp|[msg]\n|move|p2b: Registeel|Body Press|p1a: Greninja\n|-supereffective|p1a: Greninja\n|-damage|p1a: Greninja|0 fnt\n|faint|p1a: Greninja\n|\n|-heal|p2b: Registeel|53/253|[from] item: Leftovers\n|upkeep\n|\n|t:|1770416391\n|switch|p1a: Magnezone|Magnezone, L84|255/255\n|turn|14\n|\n|t:|1770416407\n|move|p1b: Vivillon|Protect|p1b: Vivillon\n|-singleturn|p1b: Vivillon|Protect\n|move|p2a: Noctowl|Hurricane|p1b: Vivillon\n|-activate|p1b: Vivillon|move: Protect\n|move|p2b: Registeel|Body Press|p1a: Magnezone\n|-supereffective|p1a: Magnezone\n|-damage|p1a: Magnezone|23/255\n|-enditem|p1a: Magnezone|Sitrus Berry|[eat]\n|-heal|p1a: Magnezone|86/255|[from] item: Sitrus Berry\n|move|p1a: Magnezone|Electroweb|p2b: Registeel|[spread] p2a,p2b\n|-supereffective|p2a: Noctowl\n|-crit|p2b: Registeel\n|-damage|p2a: Noctowl|166/330\n|-damage|p2b: Registeel|0 fnt\n|-unboost|p2a: Noctowl|spe|1\n|faint|p2b: Registeel\n|\n|upkeep\n|\n|t:|1770416430\n|switch|p2b: Bellossom|Bellossom, L87, M|265/272 par\n|turn|15\n|\n|t:|1770416450\n|move|p1b: Vivillon|Protect||[still]\n|-fail|p1b: Vivillon\n|move|p2a: Noctowl|Hyper Voice|p1a: Magnezone|[spread] p1a,p1b\n|-resisted|p1a: Magnezone\n|-damage|p1a: Magnezone|0 fnt\n|-damage|p1b: Vivillon|146/284\n|faint|p1a: Magnezone\n|-damage|p2a: Noctowl|133/330|[from] item: Life Orb\n|move|p2b: Bellossom|Quiver Dance|p2b: Bellossom\n|-boost|p2b: Bellossom|spa|1\n|-boost|p2b: Bellossom|spd|1\n|-boost|p2b: Bellossom|spe|1\n|\n|upkeep\n|\n|t:|1770416456\n|switch|p1a: Scovillain|Scovillain, L90, M|263/263\n|turn|16\n|\n|t:|1770416469\n|move|p2a: Noctowl|Hurricane|p1a: Scovillain|[miss]\n|-miss|p2a: Noctowl|p1a: Scovillain\n|move|p1b: Vivillon|Hurricane|p2b: Bellossom\n|-supereffective|p2b: Bellossom\n|-damage|p2b: Bellossom|131/272 par\n|-enditem|p2b: Bellossom|Sitrus Berry|[eat]\n|-heal|p2b: Bellossom|199/272 par|[from] item: Sitrus Berry\n|move|p2b: Bellossom|Quiver Dance|p2b: Bellossom\n|-boost|p2b: Bellossom|spa|1\n|-boost|p2b: Bellossom|spd|1\n|-boost|p2b: Bellossom|spe|1\n|move|p1a: Scovillain|Fire Blast|p2b: Bellossom\n|-supereffective|p2b: Bellossom\n|-crit|p2b: Bellossom\n|-damage|p2b: Bellossom|0 fnt\n|faint|p2b: Bellossom\n|\n|-sideend|p2: Braydawg101|move: Tailwind\n|upkeep\n|\n|t:|1770416490\n|switch|p2b: Basculegion|Basculegion, L69, M|280/280\n|turn|17\n|\n|t:|1770416541\n|move|p1a: Scovillain|Protect|p1a: Scovillain\n|-singleturn|p1a: Scovillain|Protect\n|move|p2b: Basculegion|Last Respects|p1b: Vivillon\n|-damage|p1b: Vivillon|0 fnt\n|faint|p1b: Vivillon\n|move|p2a: Noctowl|Hurricane|p1a: Scovillain\n|-activate|p1a: Scovillain|move: Protect\n|\n|upkeep\n|turn|18\n|\n|t:|1770416554\n|move|p2b: Basculegion|Last Respects|p1a: Scovillain\n|-damage|p1a: Scovillain|0 fnt\n|faint|p1a: Scovillain\n|\n|win|Braydawg101\n|raw|hazardjay7's rating: 1596 &rarr; <strong>1571</strong><br />(-25 for losing)\n|raw|Braydawg101's rating: 1499 &rarr; <strong>1524</strong><br />(+25 for winning)\n|c|☆Braydawg101|Gg\n|c|☆hazardjay7|gg\n|l|☆hazardjay7\n|player|p1|\n|c|☆Braydawg101|Made me work hard lol\n", "inputlog": ">version ccdc32dd7cde25fd9e4bed64820e885f66e78a4e\n>start {\"formatid\":\"gen9randomdoublesbattle\",\"seed\":\"sodium,34e4324002c404c6d31c0496192d3585\",\"rated\":\"Rated battle\"}\n>player p1 {\"name\":\"hazardjay7\",\"avatar\":\"102\",\"rating\":1596,\"seed\":\"sodium,dde7668945bf195db5965becceef4a78\"}\n>player p2 {\"name\":\"Braydawg101\",\"avatar\":\"102\",\"rating\":1499,\"seed\":\"sodium,da6e346b6552d1445f1a8273fe90f8dd\"}\n>p1 move taunt +2, move psychic +1 terastallize\n>p2 move quiverdance terastallize, move tailwind\n>p1 move thunderwave +1, move followme\n>p2 move bugbuzz +1, switch 4\n>p1 move superpower +1, move helpinghand -1\n>p2 move sludgebomb +2, switch 4\n>p2 switch 5, pass\n>p1 move taunt +2, move psychic +1\n>p2 move quiverdance, move tailwind\n>p1 move thunderwave +1, move followme\n>p2 move protect, move hurricane +1\n>p1 move thunderwave +1, move followme\n>p2 move strengthsap +2, move hypervoice\n>p1 move taunt +2, move followme\n>p2 move strengthsap +2, move hypervoice\n>p1 switch 5, pass\n>p1 move hydropump +2, move followme\n>p2 move gigadrain +1, switch 4\n>p1 pass, switch 6\n>p1 move gunkshot +1, move sleeppowder +2\n>p2 move protect, move bodypress +1\n>p1 move gunkshot +1, move hurricane +1\n>p2 switch 6, move irondefense\n>p1 move darkpulse +1, move sleeppowder +2\n>p2 move aurasphere +1, move thunderwave +2\n>p1 move darkpulse +1, move pollenpuff -1\n>p2 move aurasphere +1, move irondefense\n>p2 switch 4, pass\n>p1 move hydropump +2, move sleeppowder +1\n>p2 move tailwind, move bodypress +1\n>p1 switch 4, pass\n>p1 move electroweb, move protect\n>p2 move hurricane +2, move bodypress +1\n>p2 pass, switch 6\n>p1 move electroweb, move protect\n>p2 move hypervoice, move quiverdance\n>p1 switch 3, pass\n>p1 move fireblast +2, move hurricane +2\n>p2 move hurricane +1, move quiverdance\n>p2 pass, switch 3\n>p1 move protect, move sleeppowder +2\n>p2 move hurricane +1, move lastrespects +2\n>p1 move energyball +2, pass\n>p2 move hurricane +1, move lastrespects +1", "uploadtime": 1770416586, "views": 119, "formatid": "gen9randomdoublesbattle", "rating": 1524, "private": 0, "password": null}