{"id": "gen9randomdoublesbattle-2537370510", "format": "[Gen 9] Random Doubles Battle", "players": ["dooba96", "pixel_dragon9"], "log": "|j|☆dooba96\n|j|☆pixel_dragon9\n|t:|1770805626\n|gametype|doubles\n|player|p1|dooba96|birdkeeper-gen4dp|1714\n|player|p2|pixel_dragon9|169|1612\n|gen|9\n|tier|[Gen 9] Random Doubles Battle\n|rated|\n|rule|Species Clause: Limit one of each Pokémon\n|rule|HP Percentage Mod: HP is shown in percentages\n|rule|Illusion Level Mod: Illusion disguises the Pokémon's true level\n|rule|Sleep Clause Mod: Limit one foe put to sleep\n|\n|t:|1770805626\n|teamsize|p1|6\n|teamsize|p2|6\n|start\n|switch|p1a: Glaceon|Glaceon, L86, F|252/252\n|switch|p1b: Conkeldurr|Conkeldurr, L81, M|303/303\n|switch|p2a: Politoed|Politoed, L82, F|282/282\n|switch|p2b: Urshifu|Urshifu, L75, M|274/274\n|-weather|RainDance|[from] ability: Drizzle|[of] p2a: Politoed\n|turn|1\n|inactive|Battle timer is ON: inactive players will automatically lose when time's up. (requested by pixel_dragon9)\n|inactive|dooba96 has 120 seconds left.\n|inactive|dooba96 has 90 seconds left.\n|\n|t:|1770805688\n|switch|p2b: Okidogi|Okidogi, L78, M|265/265\n|switch|p1a: Toxapex|Toxapex, L92, F|241/241\n|move|p2a: Politoed|Hypnosis|p1b: Conkeldurr\n|-status|p1b: Conkeldurr|slp|[from] move: Hypnosis\n|cant|p1b: Conkeldurr|slp\n|\n|-weather|RainDance|[upkeep]\n|upkeep\n|turn|2\n|\n|t:|1770805716\n|move|p2b: Okidogi|Knock Off|p1b: Conkeldurr\n|-resisted|p1b: Conkeldurr\n|-damage|p1b: Conkeldurr|267/303 slp\n|-enditem|p1b: Conkeldurr|Assault Vest|[from] move: Knock Off|[of] p2b: Okidogi\n|move|p2a: Politoed|Hypnosis|p1a: Toxapex|[miss]\n|-miss|p2a: Politoed|p1a: Toxapex\n|cant|p1b: Conkeldurr|slp\n|move|p1a: Toxapex|Toxic|p2a: Politoed\n|-status|p2a: Politoed|tox\n|\n|-weather|RainDance|[upkeep]\n|-damage|p2a: Politoed|265/282 tox|[from] psn\n|upkeep\n|turn|3\n|\n|t:|1770805731\n|move|p2b: Okidogi|Bulk Up|p2b: Okidogi\n|-boost|p2b: Okidogi|atk|1\n|-boost|p2b: Okidogi|def|1\n|move|p2a: Politoed|Encore|p1a: Toxapex\n|-start|p1a: Toxapex|Encore\n|cant|p1b: Conkeldurr|slp\n|move|p1a: Toxapex|Toxic|p2b: Okidogi\n|-immune|p2b: Okidogi\n|\n|-weather|RainDance|[upkeep]\n|-damage|p2a: Politoed|231/282 tox|[from] psn\n|upkeep\n|turn|4\n|\n|t:|1770805747\n|switch|p1a: Clawitzer|Clawitzer, L84, M|256/256\n|move|p2b: Okidogi|Bulk Up|p2b: Okidogi\n|-boost|p2b: Okidogi|atk|1\n|-boost|p2b: Okidogi|def|1\n|move|p2a: Politoed|Muddy Water|p1a: Clawitzer|[spread] p1a,p1b\n|-resisted|p1a: Clawitzer\n|-damage|p1a: Clawitzer|209/256\n|-damage|p1b: Conkeldurr|149/303 slp\n|-unboost|p1b: Conkeldurr|accuracy|1\n|-curestatus|p1b: Conkeldurr|slp|[msg]\n|move|p1b: Conkeldurr|Knock Off|p2a: Politoed\n|-damage|p2a: Politoed|130/282 tox\n|-enditem|p2a: Politoed|Sitrus Berry|[from] move: Knock Off|[of] p1b: Conkeldurr\n|\n|-weather|RainDance|[upkeep]\n|-damage|p2a: Politoed|79/282 tox|[from] psn\n|upkeep\n|turn|5\n|inactive|pixel_dragon9 has 120 seconds left.\n|\n|t:|1770805779\n|switch|p1b: Toxapex|Toxapex, L92, F|241/241\n|move|p2b: Okidogi|Drain Punch|p1a: Clawitzer\n|-damage|p1a: Clawitzer|50/256\n|move|p2a: Politoed|Muddy Water|p1b: Toxapex|[spread] p1a,p1b\n|-resisted|p1a: Clawitzer\n|-resisted|p1b: Toxapex\n|-damage|p1a: Clawitzer|2/256\n|-damage|p1b: Toxapex|208/241\n|-unboost|p1a: Clawitzer|accuracy|1\n|move|p1a: Clawitzer|Muddy Water|p2b: Okidogi|[spread] \n|-miss|p1a: Clawitzer|p2a: Politoed\n|-miss|p1a: Clawitzer|p2b: Okidogi\n|\n|-weather|none\n|-heal|p1b: Toxapex|223/241|[from] item: Leftovers\n|-damage|p2a: Politoed|11/282 tox|[from] psn\n|upkeep\n|turn|6\n|\n|t:|1770805796\n|move|p2b: Okidogi|Knock Off|p1b: Toxapex\n|-damage|p1b: Toxapex|129/241\n|-enditem|p1b: Toxapex|Leftovers|[from] move: Knock Off|[of] p2b: Okidogi\n|move|p2a: Politoed|Muddy Water|p1a: Clawitzer|[spread] p1a,p1b\n|-resisted|p1a: Clawitzer\n|-resisted|p1b: Toxapex\n|-damage|p1a: Clawitzer|0 fnt\n|-damage|p1b: Toxapex|109/241\n|faint|p1a: Clawitzer\n|move|p1b: Toxapex|Infestation|p2b: Okidogi\n|-resisted|p2b: Okidogi\n|-damage|p2b: Okidogi|262/265\n|-activate|p2b: Okidogi|move: Infestation|[of] p1b: Toxapex\n|\n|-damage|p2a: Politoed|0 fnt|[from] psn\n|faint|p2a: Politoed\n|-damage|p2b: Okidogi|229/265|[from] move: Infestation|[partiallytrapped]\n|upkeep\n|\n|t:|1770805813\n|switch|p2a: Kyogre|Kyogre, L65|238/238\n|switch|p1a: Magmar|Magmar, L84, F|246/246\n|-weather|RainDance|[from] ability: Drizzle|[of] p2a: Kyogre\n|turn|7\n|\n|t:|1770805823\n|-terastallize|p1a: Magmar|Grass\n|move|p1b: Toxapex|Baneful Bunker|p1b: Toxapex\n|-singleturn|p1b: Toxapex|move: Protect\n|move|p2a: Kyogre|Water Spout|p1b: Toxapex|[spread] p1a\n|-activate|p1b: Toxapex|move: Protect\n|-resisted|p1a: Magmar\n|-damage|p1a: Magmar|196/246\n|move|p1a: Magmar|Knock Off|p2a: Kyogre\n|-damage|p2a: Kyogre|159/238\n|-enditem|p2a: Kyogre|Choice Scarf|[from] move: Knock Off|[of] p1a: Magmar\n|move|p2b: Okidogi|Knock Off|p1b: Toxapex\n|-activate|p1b: Toxapex|move: Protect\n|\n|-weather|RainDance|[upkeep]\n|-damage|p2b: Okidogi|196/265|[from] move: Infestation|[partiallytrapped]\n|upkeep\n|turn|8\n|inactive|dooba96 has 120 seconds left.\n|\n|t:|1770805858\n|switch|p1b: Glaceon|Glaceon, L86, F|252/252\n|move|p1a: Magmar|Follow Me|p1a: Magmar\n|-singleturn|p1a: Magmar|move: Follow Me\n|move|p2b: Okidogi|Gunk Shot|p1a: Magmar\n|-supereffective|p1a: Magmar\n|-damage|p1a: Magmar|0 fnt\n|faint|p1a: Magmar\n|move|p2a: Kyogre|Thunder|p1b: Glaceon\n|-damage|p1b: Glaceon|186/252\n|-status|p1b: Glaceon|par\n|\n|-weather|RainDance|[upkeep]\n|-end|p2b: Okidogi|Infestation|[partiallytrapped]|[silent]\n|upkeep\n|inactive|dooba96 has 120 seconds left.\n|-message|dooba96 forfeited.\n|\n|win|pixel_dragon9\n|raw|dooba96's rating: 1714 &rarr; <strong>1688</strong><br />(-26 for losing)\n|raw|pixel_dragon9's rating: 1612 &rarr; <strong>1638</strong><br />(+26 for winning)\n|l|☆dooba96\n|player|p1|\n", "inputlog": ">version ccdc32dd7cde25fd9e4bed64820e885f66e78a4e\n>start {\"formatid\":\"gen9randomdoublesbattle\",\"seed\":\"sodium,89bc7063a4ab5856e984448d2fd8053b\",\"rated\":\"Rated battle\"}\n>player p1 {\"name\":\"dooba96\",\"avatar\":\"birdkeeper-gen4dp\",\"rating\":1714,\"seed\":\"sodium,74c2b9f031841a283de29839a43a3bb6\"}\n>player p2 {\"name\":\"pixel_dragon9\",\"avatar\":\"169\",\"rating\":1612,\"seed\":\"sodium,4910bd9231f4f50e7e536e71d54187da\"}\n>p1 switch 6, move knockoff +1\n>p2 move hypnosis +2, switch 4\n>p1 move toxic +1, move knockoff +1\n>p2 move hypnosis +1, move knockoff +2\n>p1 move infestation +2, move knockoff +1\n>p2 move encore +1, move bulkup\n>p1 switch 4, move knockoff +1\n>p2 move muddywater, move bulkup\n>p1 move muddywater, switch 4\n>p2 move muddywater, move drainpunch +1\n>p1 move muddywater, move infestation +2\n>p2 move muddywater, move knockoff +2\n>p1 switch 5, pass\n>p2 switch 3, pass\n>p1 move knockoff +1 terastallize, move banefulbunker\n>p2 move waterspout, move knockoff +2\n>p1 move followme, switch 6\n>p2 move thunder +2, move gunkshot +1\n>forcelose p1", "uploadtime": 1770805870, "views": 59, "formatid": "gen9randomdoublesbattle", "rating": 1638, "private": 0, "password": null}