{"id": "gen9randomdoublesbattle-2538393967", "format": "[Gen 9] Random Doubles Battle", "players": ["giulio2277", "disastvgc"], "log": "|j|☆giulio2277\n|j|☆disastvgc\n|t:|1770923500\n|gametype|doubles\n|player|p1|giulio2277|169|1527\n|player|p2|disastvgc|cyrus|1577\n|gen|9\n|tier|[Gen 9] Random Doubles Battle\n|rated|\n|rule|Species Clause: Limit one of each Pokémon\n|rule|HP Percentage Mod: HP is shown in percentages\n|rule|Illusion Level Mod: Illusion disguises the Pokémon's true level\n|rule|Sleep Clause Mod: Limit one foe put to sleep\n|\n|t:|1770923500\n|teamsize|p1|6\n|teamsize|p2|6\n|start\n|switch|p1a: Registeel|Registeel, L78|253/253\n|switch|p1b: Dialga|Dialga-Origin, L74|270/270\n|switch|p2a: Ceruledge|Ceruledge, L80, F|251/251\n|switch|p2b: Vivillon|Vivillon-Garden, L88, M|284/284\n|turn|1\n|\n|t:|1770923525\n|move|p2b: Vivillon|Sleep Powder|p1b: Dialga\n|-status|p1b: Dialga|slp|[from] move: Sleep Powder\n|move|p2a: Ceruledge|Swords Dance|p2a: Ceruledge\n|-boost|p2a: Ceruledge|atk|2\n|cant|p1b: Dialga|slp\n|move|p1a: Registeel|Thunder Wave|p2a: Ceruledge\n|-status|p2a: Ceruledge|par\n|\n|upkeep\n|turn|2\n|\n|t:|1770923543\n|move|p2b: Vivillon|Hurricane|p1b: Dialga\n|-resisted|p1b: Dialga\n|-damage|p1b: Dialga|219/270 slp\n|cant|p1b: Dialga|slp\n|move|p1a: Registeel|Thunder Wave|p2b: Vivillon\n|-status|p2b: Vivillon|par\n|move|p2a: Ceruledge|Bitter Blade|p1a: Registeel\n|-supereffective|p1a: Registeel\n|-damage|p1a: Registeel|0 fnt\n|faint|p1a: Registeel\n|-damage|p2a: Ceruledge|226/251 par|[from] item: Life Orb\n|\n|upkeep\n|\n|t:|1770923567\n|switch|p1a: Primarina|Primarina, L79, M|256/256\n|turn|3\n|\n|t:|1770923581\n|cant|p1b: Dialga|slp\n|move|p1a: Primarina|Hyper Voice|p2a: Ceruledge|[spread] p2a,p2b\n|-supereffective|p2a: Ceruledge\n|-damage|p2a: Ceruledge|4/251 par\n|-damage|p2b: Vivillon|133/284 par\n|-enditem|p2b: Vivillon|Sitrus Berry|[eat]\n|-heal|p2b: Vivillon|204/284 par|[from] item: Sitrus Berry\n|move|p2b: Vivillon|Sleep Powder|p1a: Primarina\n|-message|Sleep Clause Mod activated.\n|-hint|Sleep Clause Mod prevents players from putting more than one of their opponent's Pokémon to sleep at a time\n|move|p2a: Ceruledge|Bitter Blade|p1b: Dialga\n|-damage|p1b: Dialga|0 fnt\n|-heal|p2a: Ceruledge|114/251 par|[from] drain|[of] p1b: Dialga\n|faint|p1b: Dialga\n|-damage|p2a: Ceruledge|89/251 par|[from] item: Life Orb\n|\n|upkeep\n|\n|t:|1770923609\n|switch|p1b: Lunala|Lunala, L71|312/312\n|turn|4\n|inactive|Battle timer is ON: inactive players will automatically lose when time's up. (requested by giulio2277)\n|\n|t:|1770923630\n|move|p2a: Ceruledge|Shadow Sneak|p1b: Lunala\n|-supereffective|p1b: Lunala\n|-damage|p1b: Lunala|21/312\n|-damage|p2a: Ceruledge|64/251 par|[from] item: Life Orb\n|move|p1b: Lunala|Meteor Beam||[still]\n|-prepare|p1b: Lunala|Meteor Beam\n|-boost|p1b: Lunala|spa|1\n|-enditem|p1b: Lunala|Power Herb\n|-anim|p1b: Lunala|Meteor Beam|p2b: Vivillon\n|-supereffective|p2b: Vivillon\n|-damage|p2b: Vivillon|0 fnt\n|faint|p2b: Vivillon\n|move|p1a: Primarina|Hyper Voice|p2a: Ceruledge\n|-supereffective|p2a: Ceruledge\n|-damage|p2a: Ceruledge|0 fnt\n|faint|p2a: Ceruledge\n|\n|upkeep\n|\n|t:|1770923650\n|switch|p2b: Toxtricity|Toxtricity-Low-Key, L82, M|257/257\n|switch|p2a: Lumineon|Lumineon, L92, M|276/276\n|turn|5\n|\n|t:|1770923669\n|switch|p1a: Vileplume|Vileplume, L89, M|278/278\n|move|p2a: Lumineon|Icy Wind|p1b: Lunala|[spread] p1a,p1b\n|-supereffective|p1a: Vileplume\n|-damage|p1a: Vileplume|230/278\n|-damage|p1b: Lunala|0 fnt\n|-unboost|p1a: Vileplume|spe|1\n|faint|p1b: Lunala\n|move|p2b: Toxtricity|Volt Switch|p1a: Vileplume\n|-resisted|p1a: Vileplume\n|-damage|p1a: Vileplume|178/278\n|\n|t:|1770923685\n|switch|p2b: Annihilape|Annihilape, L77, M|296/296|[from] Volt Switch\n|\n|upkeep\n|-message|giulio2277 forfeited.\n|\n|win|disastvgc\n|raw|giulio2277's rating: 1527 &rarr; <strong>1510</strong><br />(-17 for losing)\n|raw|disastvgc's rating: 1577 &rarr; <strong>1594</strong><br />(+17 for winning)\n|l|☆giulio2277\n|player|p1|\n|j|☆giulio2277\n|player|p1|giulio2277|169|\n", "inputlog": ">version ccdc32dd7cde25fd9e4bed64820e885f66e78a4e\n>start {\"formatid\":\"gen9randomdoublesbattle\",\"seed\":\"sodium,af68d9d5fef29a52f96651058d1773d8\",\"rated\":\"Rated battle\"}\n>player p1 {\"name\":\"giulio2277\",\"avatar\":\"169\",\"rating\":1527,\"seed\":\"sodium,fa0af4ef047279c1ff1327df5b9ebad6\"}\n>player p2 {\"name\":\"disastvgc\",\"avatar\":\"cyrus\",\"rating\":1577,\"seed\":\"sodium,6a94db508cc379ee4ad7721ab1bd5129\"}\n>p1 move thunderwave +1, move fireblast +2\n>p2 move swordsdance, move sleeppowder +2\n>p1 move thunderwave +2, move fireblast +2\n>p2 move bitterblade +1, move hurricane +2\n>p1 switch 5, pass\n>p1 move hypervoice, move fireblast +2\n>p2 move bitterblade +2, move sleeppowder +1\n>p1 pass, switch 4\n>p1 move hypervoice, move meteorbeam +2\n>p2 move shadowsneak +2, move hurricane +2\n>p2 switch 5, switch 4\n>p1 switch 6, move moongeistbeam +2\n>p2 move icywind, move voltswitch +1\n>p2 pass, switch 6\n>forcelose p1", "uploadtime": 1770923699, "views": 70, "formatid": "gen9randomdoublesbattle", "rating": 1510, "private": 0, "password": null}