{"id": "gen9randomdoublesbattle-2537709773", "format": "[Gen 9] Random Doubles Battle", "players": ["Mark Gatz", "Laikai"], "log": "|j|☆Mark Gatz\n|j|☆Laikai\n|t:|1770840592\n|gametype|doubles\n|player|p1|Mark Gatz|steven|1600\n|player|p2|Laikai|n|1679\n|gen|9\n|tier|[Gen 9] Random Doubles Battle\n|rated|\n|rule|Species Clause: Limit one of each Pokémon\n|rule|HP Percentage Mod: HP is shown in percentages\n|rule|Illusion Level Mod: Illusion disguises the Pokémon's true level\n|rule|Sleep Clause Mod: Limit one foe put to sleep\n|\n|t:|1770840592\n|teamsize|p1|6\n|teamsize|p2|6\n|start\n|switch|p1a: Cinderace|Cinderace, L82, F|265/265\n|switch|p1b: Mewtwo|Mewtwo, L73|275/275\n|switch|p2a: Rhydon|Rhydon, L86, M|321/321\n|switch|p2b: Koraidon|Koraidon, L66|242/242\n|-ability|p1b: Mewtwo|Unnerve\n|-weather|SunnyDay|[from] ability: Orichalcum Pulse|[of] p2b: Koraidon\n|-activate|p2b: Koraidon|Orichalcum Pulse|[source]\n|turn|1\n|\n|t:|1770840616\n|move|p2b: Koraidon|Protect|p2b: Koraidon\n|-singleturn|p2b: Koraidon|Protect\n|move|p1a: Cinderace|High Jump Kick|p2a: Rhydon\n|-supereffective|p2a: Rhydon\n|-crit|p2a: Rhydon\n|-damage|p2a: Rhydon|110/321\n|-damage|p1a: Cinderace|239/265|[from] item: Life Orb\n|move|p1b: Mewtwo|Psystrike|p2b: Koraidon\n|-activate|p2b: Koraidon|move: Protect\n|move|p2a: Rhydon|High Horsepower|p1a: Cinderace\n|-supereffective|p1a: Cinderace\n|-damage|p1a: Cinderace|0 fnt\n|faint|p1a: Cinderace\n|\n|-weather|SunnyDay|[upkeep]\n|upkeep\n|\n|t:|1770840634\n|switch|p1a: Iron Jugulis|Iron Jugulis, L79|278/278\n|-enditem|p1a: Iron Jugulis|Booster Energy\n|-activate|p1a: Iron Jugulis|ability: Quark Drive|[fromitem]\n|-start|p1a: Iron Jugulis|quarkdrivespa\n|turn|2\n|\n|t:|1770840663\n|-terastallize|p2b: Koraidon|Fire\n|move|p1b: Mewtwo|Psystrike|p2b: Koraidon\n|-damage|p2b: Koraidon|110/242\n|move|p2b: Koraidon|Flare Blitz|p1b: Mewtwo\n|-damage|p1b: Mewtwo|0 fnt\n|faint|p1b: Mewtwo\n|-damage|p2b: Koraidon|19/242|[from] Recoil\n|-damage|p2b: Koraidon|0 fnt|[from] item: Life Orb\n|faint|p2b: Koraidon\n|move|p1a: Iron Jugulis|Dark Pulse|p2a: Rhydon\n|-damage|p2a: Rhydon|1/321\n|move|p2a: Rhydon|Stone Edge|p1a: Iron Jugulis\n|-supereffective|p1a: Iron Jugulis\n|-damage|p1a: Iron Jugulis|0 fnt\n|faint|p1a: Iron Jugulis\n|-end|p1a: Iron Jugulis|Quark Drive|[silent]\n|\n|-weather|SunnyDay|[upkeep]\n|upkeep\n|\n|t:|1770840681\n|switch|p1b: Milotic|Milotic, L81, F|287/287\n|switch|p2b: Venomoth|Venomoth, L90, M|272/272\n|switch|p1a: Miraidon|Miraidon, L65|238/238\n|-fieldstart|move: Electric Terrain|[from] ability: Hadron Engine|[of] p1a: Miraidon\n|turn|3\n|\n|t:|1770840705\n|move|p2a: Rhydon|Protect|p2a: Rhydon\n|-singleturn|p2a: Rhydon|Protect\n|move|p1a: Miraidon|Overheat|p2b: Venomoth\n|-supereffective|p2b: Venomoth\n|-damage|p2b: Venomoth|0 fnt\n|-unboost|p1a: Miraidon|spa|2\n|faint|p2b: Venomoth\n|move|p1b: Milotic|Icy Wind|p2a: Rhydon\n|-activate|p2a: Rhydon|move: Protect\n|\n|-weather|SunnyDay|[upkeep]\n|upkeep\n|\n|t:|1770840712\n|switch|p2b: Regidrago|Regidrago, L74|418/418\n|turn|4\n|\n|t:|1770840728\n|switch|p1a: Braviary|Braviary, L82, M|298/298\n|switch|p2a: Keldeo|Keldeo-Resolute, L78|270/270\n|move|p2b: Regidrago|Dragon Energy|p1b: Milotic|[spread] p1a,p1b\n|-damage|p1a: Braviary|133/298\n|-damage|p1b: Milotic|172/287\n|move|p1b: Milotic|Icy Wind|p2b: Regidrago|[spread] p2a,p2b\n|-resisted|p2a: Keldeo\n|-supereffective|p2b: Regidrago\n|-damage|p2a: Keldeo|255/270\n|-damage|p2b: Regidrago|328/418\n|-unboost|p2a: Keldeo|spe|1\n|-unboost|p2b: Regidrago|spe|1\n|\n|-weather|SunnyDay|[upkeep]\n|upkeep\n|turn|5\n|\n|t:|1770840749\n|switch|p2a: Terapagos|Terapagos, L73, M|252/252\n|-activate|p2a: Terapagos|ability: Tera Shift\n|detailschange|p2a: Terapagos|Terapagos-Terastal, L73, M\n|-heal|p2a: Terapagos|259/259|[silent]\n|move|p1b: Milotic|Icy Wind|p2b: Regidrago|[spread] p2a,p2b\n|-activate|p2a: Terapagos|ability: Tera Shell\n|-resisted|p2a: Terapagos\n|-supereffective|p2b: Regidrago\n|-damage|p2a: Terapagos|245/259\n|-damage|p2b: Regidrago|228/418\n|-unboost|p2a: Terapagos|spe|1\n|-unboost|p2b: Regidrago|spe|1\n|move|p1a: Braviary|Brave Bird|p2b: Regidrago\n|-damage|p2b: Regidrago|0 fnt\n|faint|p2b: Regidrago\n|-damage|p1a: Braviary|58/298|[from] Recoil\n|-damage|p1a: Braviary|29/298|[from] item: Life Orb\n|\n|-weather|none\n|upkeep\n|\n|t:|1770840764\n|switch|p2b: Keldeo|Keldeo-Resolute, L78|255/270\n|turn|6\n|\n|t:|1770840782\n|move|p1a: Braviary|Protect|p1a: Braviary\n|-singleturn|p1a: Braviary|Protect\n|move|p2b: Keldeo|Secret Sword|p1b: Milotic\n|-damage|p1b: Milotic|15/287\n|-enditem|p1b: Milotic|Sitrus Berry|[eat]\n|-heal|p1b: Milotic|86/287|[from] item: Sitrus Berry\n|move|p1b: Milotic|Icy Wind|p2a: Terapagos|[spread] p2b\n|-miss|p1b: Milotic|p2a: Terapagos\n|-resisted|p2b: Keldeo\n|-damage|p2b: Keldeo|239/270\n|-unboost|p2b: Keldeo|spe|1\n|move|p2a: Terapagos|Tera Starstorm|p1b: Milotic\n|-damage|p1b: Milotic|0 fnt\n|faint|p1b: Milotic\n|\n|upkeep\n|\n|t:|1770840797\n|switch|p1b: Miraidon|Miraidon, L65|238/238\n|-activate|p1b: Miraidon|ability: Hadron Engine\n|turn|7\n|\n|t:|1770840825\n|switch|p2b: Rhydon|Rhydon, L86, M|1/321\n|move|p1b: Miraidon|Electro Drift|p2b: Rhydon\n|-ability|p2b: Rhydon|Lightning Rod|boost\n|-boost|p2b: Rhydon|spa|1\n|move|p1a: Braviary|Close Combat|p2a: Terapagos\n|-supereffective|p2a: Terapagos\n|-damage|p2a: Terapagos|6/259\n|-unboost|p1a: Braviary|def|1\n|-unboost|p1a: Braviary|spd|1\n|-damage|p1a: Braviary|0 fnt|[from] item: Life Orb\n|faint|p1a: Braviary\n|move|p2a: Terapagos|Tera Starstorm|p1b: Miraidon\n|-damage|p1b: Miraidon|87/238\n|\n|-fieldend|move: Electric Terrain\n|upkeep\n|turn|8\n|-message|Mark Gatz forfeited.\n|\n|win|Laikai\n|raw|Mark Gatz's rating: 1600 &rarr; <strong>1584</strong><br />(-16 for losing)\n|raw|Laikai's rating: 1679 &rarr; <strong>1695</strong><br />(+16 for winning)\n|l|☆Mark Gatz\n|player|p1|\n", "inputlog": ">version ccdc32dd7cde25fd9e4bed64820e885f66e78a4e\n>start {\"formatid\":\"gen9randomdoublesbattle\",\"seed\":\"sodium,ce75ac4cb7995bc7bea42ff39c636abf\",\"rated\":\"Rated battle\"}\n>player p1 {\"name\":\"Mark Gatz\",\"avatar\":\"steven\",\"rating\":1600,\"seed\":\"sodium,ccefdb8e3084f009eb97bd0d84f55703\"}\n>player p2 {\"name\":\"Laikai\",\"avatar\":\"n\",\"rating\":1679,\"seed\":\"sodium,1c6621e95f805fdb4a1f41f004453286\"}\n>p1 move highjumpkick +1, move psystrike +2\n>p2 move highhorsepower +1, move protect\n>p1 switch 4, pass\n>p1 move darkpulse +1, move psystrike +2\n>p2 move stoneedge +1, move flareblitz +2 terastallize\n>p1 switch 3, switch 5\n>p2 pass, switch 5\n>p1 move overheat +2, move icywind\n>p2 move protect, move quiverdance\n>p2 pass, switch 3\n>p1 switch 6, move icywind\n>p2 switch 4, move dragonenergy\n>p1 move bravebird +2, move icywind\n>p2 switch 6, move dragonenergy\n>p2 pass, switch 6\n>p1 move protect, move icywind\n>p2 move terastarstorm +2, move secretsword +2\n>p1 pass, switch 6\n>p1 move closecombat +1, move electrodrift +2\n>p2 move terastarstorm +2, switch 4\n>forcelose p1", "uploadtime": 1770840898, "views": 69, "formatid": "gen9randomdoublesbattle", "rating": 1584, "private": 0, "password": null}