{"id": "gen9randomdoublesbattle-2536001867", "format": "[Gen 9] Random Doubles Battle", "players": ["HomoManu", "BladeDiamond"], "log": "|j|☆HomoManu\n|j|☆BladeDiamond\n|t:|1770644197\n|gametype|doubles\n|player|p1|HomoManu|101|1671\n|player|p2|BladeDiamond|n-masters3|1689\n|gen|9\n|tier|[Gen 9] Random Doubles Battle\n|rated|\n|rule|Species Clause: Limit one of each Pokémon\n|rule|HP Percentage Mod: HP is shown in percentages\n|rule|Illusion Level Mod: Illusion disguises the Pokémon's true level\n|rule|Sleep Clause Mod: Limit one foe put to sleep\n|\n|t:|1770644197\n|teamsize|p1|6\n|teamsize|p2|6\n|start\n|switch|p1a: Palossand|Palossand, L90, M|299/299\n|switch|p1b: Gengar|Gengar, L84, M|238/238\n|switch|p2a: Regigigas|Regigigas, L86|329/329\n|switch|p2b: Raichu|Raichu-Alola, L89, F|252/252\n|-start|p2a: Regigigas|ability: Slow Start\n|turn|1\n|inactive|Battle timer is ON: inactive players will automatically lose when time's up. (requested by HomoManu)\n|inactive|HomoManu has 120 seconds left.\n|\n|t:|1770644233\n|switch|p1b: Iron Jugulis|Iron Jugulis, L79|278/278\n|-enditem|p1b: Iron Jugulis|Booster Energy\n|-activate|p1b: Iron Jugulis|ability: Quark Drive|[fromitem]\n|-start|p1b: Iron Jugulis|quarkdrivespa\n|move|p2b: Raichu|Protect|p2b: Raichu\n|-singleturn|p2b: Raichu|Protect\n|move|p2a: Regigigas|Protect|p2a: Regigigas\n|-singleturn|p2a: Regigigas|Protect\n|move|p1a: Palossand|Earth Power|p2b: Raichu\n|-activate|p2b: Raichu|move: Protect\n|\n|upkeep\n|turn|2\n|\n|t:|1770644255\n|move|p2b: Raichu|Thunderbolt|p1b: Iron Jugulis\n|-supereffective|p1b: Iron Jugulis\n|-damage|p1b: Iron Jugulis|0 fnt\n|faint|p1b: Iron Jugulis\n|-end|p1b: Iron Jugulis|Quark Drive|[silent]\n|-damage|p2b: Raichu|227/252|[from] item: Life Orb\n|move|p1a: Palossand|Shadow Ball|p2b: Raichu\n|-supereffective|p2b: Raichu\n|-damage|p2b: Raichu|41/252\n|move|p2a: Regigigas|Knock Off|p1a: Palossand\n|-supereffective|p1a: Palossand\n|-damage|p1a: Palossand|219/299\n|-enditem|p1a: Palossand|Leftovers|[from] move: Knock Off|[of] p2a: Regigigas\n|\n|upkeep\n|\n|t:|1770644270\n|switch|p1b: Luvdisc|Luvdisc, M|248/248\n|turn|3\n|inactive|BladeDiamond has 120 seconds left.\n|\n|t:|1770644304\n|switch|p2b: Tropius|Tropius, L94, M|339/339\n|switch|p1a: Volcanion|Volcanion, L75|244/244\n|move|p2a: Regigigas|Protect|p2a: Regigigas\n|-singleturn|p2a: Regigigas|Protect\n|move|p1b: Luvdisc|Hydro Pump|p2b: Tropius\n|-resisted|p2b: Tropius\n|-damage|p2b: Tropius|299/339\n|\n|upkeep\n|turn|4\n|\n|t:|1770644317\n|move|p1b: Luvdisc|Icy Wind|p2b: Tropius|[spread] p2a,p2b\n|-supereffective|p2b: Tropius\n|-damage|p2a: Regigigas|309/329\n|-damage|p2b: Tropius|211/339\n|-unboost|p2a: Regigigas|spe|1\n|-unboost|p2b: Tropius|spe|1\n|move|p1a: Volcanion|Heat Wave|p2b: Tropius|[spread] p2a,p2b\n|-supereffective|p2b: Tropius\n|-damage|p2a: Regigigas|239/329\n|-damage|p2b: Tropius|79/339\n|-enditem|p2b: Tropius|Sitrus Berry|[eat]\n|-heal|p2b: Tropius|163/339|[from] item: Sitrus Berry\n|move|p2b: Tropius|Tailwind|p2b: Tropius\n|-sidestart|p2: BladeDiamond|move: Tailwind\n|move|p2a: Regigigas|Thunder Wave|p1a: Volcanion\n|-status|p1a: Volcanion|par\n|\n|-heal|p2a: Regigigas|259/329|[from] item: Leftovers\n|-item|p2b: Tropius|Sitrus Berry|[from] ability: Harvest\n|upkeep\n|-enditem|p2b: Tropius|Sitrus Berry|[eat]\n|-heal|p2b: Tropius|247/339|[from] item: Sitrus Berry\n|turn|5\n|\n|t:|1770644340\n|move|p2a: Regigigas|Protect|p2a: Regigigas\n|-singleturn|p2a: Regigigas|Protect\n|move|p1b: Luvdisc|Charm|p2a: Regigigas\n|-activate|p2a: Regigigas|move: Protect\n|move|p2b: Tropius|Energy Ball|p1b: Luvdisc\n|-supereffective|p1b: Luvdisc\n|-damage|p1b: Luvdisc|42/248\n|-enditem|p1b: Luvdisc|Sitrus Berry|[eat]\n|-heal|p1b: Luvdisc|104/248|[from] item: Sitrus Berry\n|move|p1a: Volcanion|Heat Wave|p2a: Regigigas|[spread] p2b\n|-activate|p2a: Regigigas|move: Protect\n|-supereffective|p2b: Tropius\n|-damage|p2b: Tropius|109/339\n|\n|-heal|p2a: Regigigas|279/329|[from] item: Leftovers\n|-end|p2a: Regigigas|Slow Start\n|upkeep\n|turn|6\n|l|☆HomoManu\n|inactive|HomoManu disconnected and has a minute to reconnect!\n|player|p1|\n|j|☆HomoManu\n|inactive|HomoManu reconnected and has 125 seconds left.\n|player|p1|HomoManu|101|\n|inactive|HomoManu has 120 seconds left.\n|inactive|BladeDiamond has 120 seconds left.\n|\n|t:|1770644382\n|move|p2a: Regigigas|Double-Edge|p1b: Luvdisc\n|-damage|p1b: Luvdisc|0 fnt\n|faint|p1b: Luvdisc\n|-damage|p2a: Regigigas|245/329|[from] Recoil\n|move|p2b: Tropius|Hurricane|p1a: Volcanion\n|-damage|p1a: Volcanion|121/244 par\n|-enditem|p1a: Volcanion|Sitrus Berry|[eat]\n|-heal|p1a: Volcanion|182/244 par|[from] item: Sitrus Berry\n|move|p1a: Volcanion|Heat Wave|p2a: Regigigas|[spread] p2a,p2b\n|-supereffective|p2b: Tropius\n|-damage|p2a: Regigigas|178/329\n|-damage|p2b: Tropius|0 fnt\n|-status|p2a: Regigigas|brn\n|faint|p2b: Tropius\n|\n|-heal|p2a: Regigigas|198/329 brn|[from] item: Leftovers\n|-damage|p2a: Regigigas|178/329 brn|[from] brn\n|upkeep\n|\n|t:|1770644403\n|switch|p1b: Palossand|Palossand, L90, M|219/299\n|switch|p2b: Morpeko|Morpeko, L88, F|245/245\n|turn|7\n|inactive|HomoManu has 120 seconds left.\n|\n|t:|1770644418\n|move|p2b: Morpeko|Protect|p2b: Morpeko\n|-singleturn|p2b: Morpeko|Protect\n|move|p1a: Volcanion|Protect|p1a: Volcanion\n|-singleturn|p1a: Volcanion|Protect\n|move|p2a: Regigigas|Double-Edge|p1a: Volcanion\n|-activate|p1a: Volcanion|move: Protect\n|move|p1b: Palossand|Earth Power|p2b: Morpeko\n|-activate|p2b: Morpeko|move: Protect\n|\n|-heal|p2a: Regigigas|198/329 brn|[from] item: Leftovers\n|-damage|p2a: Regigigas|178/329 brn|[from] brn\n|-sideend|p2: BladeDiamond|move: Tailwind\n|-formechange|p2b: Morpeko|Morpeko-Hangry||[from] ability: Hunger Switch\n|upkeep\n|turn|8\n|l|☆HomoManu\n|inactive|HomoManu disconnected and has a minute to reconnect!\n|player|p1|\n|j|☆HomoManu\n|inactive|HomoManu reconnected and has 125 seconds left.\n|player|p1|HomoManu|101|\n|inactive|HomoManu has 120 seconds left.\n|\n|t:|1770644455\n|move|p1b: Palossand|Protect|p1b: Palossand\n|-singleturn|p1b: Palossand|Protect\n|move|p2b: Morpeko|Aura Wheel|p1b: Palossand\n|-activate|p1b: Palossand|move: Protect\n|move|p2a: Regigigas|Knock Off|p1b: Palossand\n|-activate|p1b: Palossand|move: Protect\n|move|p1a: Volcanion|Earth Power|p2b: Morpeko\n|-supereffective|p2b: Morpeko\n|-damage|p2b: Morpeko|89/245\n|-enditem|p2b: Morpeko|Sitrus Berry|[eat]\n|-heal|p2b: Morpeko|150/245|[from] item: Sitrus Berry\n|\n|-heal|p2a: Regigigas|198/329 brn|[from] item: Leftovers\n|-damage|p2a: Regigigas|178/329 brn|[from] brn\n|-formechange|p2b: Morpeko|Morpeko||[from] ability: Hunger Switch\n|upkeep\n|turn|9\n|inactive|HomoManu has 120 seconds left.\n|\n|t:|1770644492\n|switch|p1a: Mamoswine|Mamoswine, L82, F|315/315\n|move|p2b: Morpeko|Aura Wheel|p1a: Mamoswine\n|-immune|p1a: Mamoswine\n|move|p2a: Regigigas|Knock Off|p1b: Palossand\n|-supereffective|p1b: Palossand\n|-damage|p1b: Palossand|161/299\n|move|p1b: Palossand|Earth Power|p2b: Morpeko\n|-supereffective|p2b: Morpeko\n|-damage|p2b: Morpeko|0 fnt\n|faint|p2b: Morpeko\n|\n|-heal|p2a: Regigigas|198/329 brn|[from] item: Leftovers\n|-damage|p2a: Regigigas|178/329 brn|[from] brn\n|upkeep\n|inactive|BladeDiamond has 120 seconds left.\n|\n|t:|1770644537\n|switch|p2b: Necrozma|Necrozma-Dawn-Wings, L74|266/266\n|turn|10\n|inactive|HomoManu has 120 seconds left.\n|inactive|BladeDiamond has 120 seconds left.\n|\n|t:|1770644573\n|switch|p1b: Volcanion|Volcanion, L75|182/244 par\n|move|p2b: Necrozma|Protect|p2b: Necrozma\n|-singleturn|p2b: Necrozma|Protect\n|move|p1a: Mamoswine|Icicle Crash|p2a: Regigigas|[miss]\n|-miss|p1a: Mamoswine|p2a: Regigigas\n|move|p2a: Regigigas|Knock Off|p1b: Volcanion\n|-damage|p1b: Volcanion|151/244 par\n|\n|-heal|p2a: Regigigas|198/329 brn|[from] item: Leftovers\n|-damage|p2a: Regigigas|178/329 brn|[from] brn\n|upkeep\n|turn|11\n|inactive|BladeDiamond has 120 seconds left.\n|\n|t:|1770644600\n|move|p1a: Mamoswine|Icicle Crash|p2a: Regigigas\n|-damage|p2a: Regigigas|53/329 brn\n|-damage|p1a: Mamoswine|284/315|[from] item: Life Orb\n|move|p2a: Regigigas|Double-Edge|p1a: Mamoswine\n|-damage|p1a: Mamoswine|170/315\n|-damage|p2a: Regigigas|15/329 brn|[from] Recoil\n|move|p2b: Necrozma|Moongeist Beam|p1a: Mamoswine\n|-damage|p1a: Mamoswine|0 fnt\n|faint|p1a: Mamoswine\n|-damage|p2b: Necrozma|240/266|[from] item: Life Orb\n|move|p1b: Volcanion|Heat Wave|p2a: Regigigas|[spread] p2a,p2b\n|-damage|p2a: Regigigas|0 fnt\n|-damage|p2b: Necrozma|174/266\n|faint|p2a: Regigigas\n|\n|upkeep\n|\n|t:|1770644615\n|switch|p2a: Raichu|Raichu-Alola, L89, F|41/252\n|switch|p1a: Gengar|Gengar, L84, M|238/238\n|turn|12\n|inactive|HomoManu has 120 seconds left.\n|inactive|BladeDiamond has 120 seconds left.\n|\n|t:|1770644643\n|move|p1a: Gengar|Protect|p1a: Gengar\n|-singleturn|p1a: Gengar|Protect\n|move|p2b: Necrozma|Protect|p2b: Necrozma\n|-singleturn|p2b: Necrozma|Protect\n|move|p2a: Raichu|Psychic|p1a: Gengar\n|-activate|p1a: Gengar|move: Protect\n|cant|p1b: Volcanion|par\n|\n|upkeep\n|turn|13\n|inactive|HomoManu has 120 seconds left.\n|inactive|BladeDiamond has 120 seconds left.\n|c|☆HomoManu|NOOO\n|\n|t:|1770644667\n|-terastallize|p1a: Gengar|Ghost\n|-terastallize|p2b: Necrozma|Dark\n|move|p2a: Raichu|Thunderbolt|p1b: Volcanion\n|-supereffective|p1b: Volcanion\n|-damage|p1b: Volcanion|0 fnt\n|faint|p1b: Volcanion\n|-damage|p2a: Raichu|16/252|[from] item: Life Orb\n|move|p1a: Gengar|Shadow Ball|p2b: Necrozma\n|-resisted|p2b: Necrozma\n|-damage|p2b: Necrozma|96/266\n|-damage|p1a: Gengar|215/238|[from] item: Life Orb\n|move|p2b: Necrozma|Moongeist Beam|p1a: Gengar\n|-supereffective|p1a: Gengar\n|-damage|p1a: Gengar|0 fnt\n|faint|p1a: Gengar\n|-damage|p2b: Necrozma|70/266|[from] item: Life Orb\n|\n|upkeep\n|\n|t:|1770644677\n|switch|p1a: Palossand|Palossand, L90, M|161/299\n|turn|14\n|inactive|HomoManu has 120 seconds left.\n|\n|t:|1770644685\n|move|p2a: Raichu|Psychic|p1a: Palossand\n|-damage|p1a: Palossand|28/299\n|-damage|p2a: Raichu|0 fnt|[from] item: Life Orb\n|faint|p2a: Raichu\n|move|p2b: Necrozma|Moongeist Beam|p1a: Palossand\n|-supereffective|p1a: Palossand\n|-damage|p1a: Palossand|0 fnt\n|faint|p1a: Palossand\n|-damage|p2b: Necrozma|44/266|[from] item: Life Orb\n|\n|win|BladeDiamond\n|raw|HomoManu's rating: 1671 &rarr; <strong>1652</strong><br />(-19 for losing)\n|raw|BladeDiamond's rating: 1689 &rarr; <strong>1708</strong><br />(+19 for winning)\n|c|☆BladeDiamond|gg\n|l|☆HomoManu\n|player|p1|\n", "inputlog": ">version ccdc32dd7cde25fd9e4bed64820e885f66e78a4e\n>start {\"formatid\":\"gen9randomdoublesbattle\",\"seed\":\"sodium,b8fa7df2c329c0d3ddc9f62c3cff2853\",\"rated\":\"Rated battle\"}\n>player p1 {\"name\":\"HomoManu\",\"avatar\":\"101\",\"rating\":1671,\"seed\":\"sodium,dabb75cccc08bb396c343c3733206b6c\"}\n>player p2 {\"name\":\"BladeDiamond\",\"avatar\":\"n-masters3\",\"rating\":1689,\"seed\":\"sodium,4984d10683746dfd7ffd0013d9ad5c05\"}\n>p1 move earthpower +2, switch 6\n>p2 move protect, move protect\n>p1 move shadowball +2, move darkpulse +1\n>p2 move knockoff +1, move thunderbolt +2\n>p1 pass, switch 4\n>p1 switch 5, move hydropump +2\n>p2 move protect, switch 5\n>p1 move heatwave, move icywind\n>p2 move thunderwave +1, move tailwind\n>p1 move heatwave, move charm +1\n>p2 move protect, move energyball +2\n>p1 move heatwave, move icywind\n>p2 move doubleedge +2, move hurricane +2\n>p1 pass, switch 5\n>p2 pass, switch 4\n>p1 move protect, move earthpower +2\n>p2 move doubleedge +1, move protect\n>p1 move earthpower +2, move protect\n>p2 move knockoff +2, move aurawheel +2\n>p1 switch 3, move earthpower +2\n>p2 move knockoff +2, move aurawheel +1\n>p2 pass, switch 6\n>p1 move iciclecrash +1, switch 3\n>p2 move knockoff +2, move protect\n>p1 move iciclecrash +1, move heatwave\n>p2 move doubleedge +1, move moongeistbeam +1\n>p1 switch 6, pass\n>p2 switch 5, pass\n>p1 move protect, move earthpower +1\n>p2 move psychic +1, move protect\n>chat ☆HomoManu|NOOO\n>p1 move shadowball +2 terastallize, move earthpower +1\n>p2 move thunderbolt +2, move moongeistbeam +1 terastallize\n>p1 switch 3, pass\n>p1 move earthpower +2, pass\n>p2 move psychic +1, move moongeistbeam +1", "uploadtime": 1770644692, "views": 69, "formatid": "gen9randomdoublesbattle", "rating": 1652, "private": 0, "password": null}