{"id": "gen9randomdoublesbattle-2534344424", "format": "[Gen 9] Random Doubles Battle", "players": ["Socram08", "traceyscetchit"], "log": "|j|☆Socram08\n|j|☆traceyscetchit\n|t:|1770410840\n|gametype|doubles\n|player|p1|Socram08|falkner|1646\n|player|p2|traceyscetchit|colress|1596\n|gen|9\n|tier|[Gen 9] Random Doubles Battle\n|rated|\n|rule|Species Clause: Limit one of each Pokémon\n|rule|HP Percentage Mod: HP is shown in percentages\n|rule|Illusion Level Mod: Illusion disguises the Pokémon's true level\n|rule|Sleep Clause Mod: Limit one foe put to sleep\n|\n|t:|1770410840\n|teamsize|p1|6\n|teamsize|p2|6\n|start\n|switch|p1a: Mew|Mew, L84|305/305\n|switch|p1b: Arcanine|Arcanine-Hisui, L79, M|280/280\n|switch|p2a: Incineroar|Incineroar, L78, F|276/276\n|switch|p2b: Glaceon|Glaceon, L86, F|252/252\n|-ability|p1b: Arcanine|Intimidate|boost\n|-unboost|p2a: Incineroar|atk|1\n|-unboost|p2b: Glaceon|atk|1\n|-ability|p2a: Incineroar|Intimidate|boost\n|-unboost|p1a: Mew|atk|1\n|-unboost|p1b: Arcanine|atk|1\n|turn|1\n|inactive|Battle timer is ON: inactive players will automatically lose when time's up. (requested by Socram08)\n|\n|t:|1770410856\n|move|p2a: Incineroar|Fake Out|p1b: Arcanine\n|-resisted|p1b: Arcanine\n|-damage|p1b: Arcanine|270/280\n|move|p1a: Mew|Encore|p2a: Incineroar\n|-start|p2a: Incineroar|Encore\n|cant|p1b: Arcanine|flinch\n|move|p2b: Glaceon|Mud Shot|p1b: Arcanine\n|-supereffective|p1b: Arcanine\n|-damage|p1b: Arcanine|50/280\n|-unboost|p1b: Arcanine|spe|1\n|\n|upkeep\n|turn|2\n|\n|t:|1770410876\n|switch|p2a: Pecharunt|Pecharunt, L78|265/265\n|move|p1b: Arcanine|Protect|p1b: Arcanine\n|-singleturn|p1b: Arcanine|Protect\n|move|p1a: Mew|Thunder Wave|p2b: Glaceon\n|-status|p2b: Glaceon|par\n|move|p2b: Glaceon|Mud Shot|p1b: Arcanine\n|-activate|p1b: Arcanine|move: Protect\n|\n|upkeep\n|turn|3\n|\n|t:|1770410898\n|move|p2b: Glaceon|Protect|p2b: Glaceon\n|-singleturn|p2b: Glaceon|Protect\n|move|p1a: Mew|Pollen Puff|p1b: Arcanine\n|-heal|p1b: Arcanine|190/280\n|move|p2a: Pecharunt|Malignant Chain|p1b: Arcanine\n|-resisted|p1b: Arcanine\n|-damage|p1b: Arcanine|132/280\n|-damage|p2a: Pecharunt|239/265|[from] item: Life Orb\n|move|p1b: Arcanine|Flare Blitz|p2b: Glaceon\n|-activate|p2b: Glaceon|move: Protect\n|\n|upkeep\n|turn|4\n|\n|t:|1770410918\n|switch|p2b: Milotic|Milotic, L81, F|287/287\n|move|p1a: Mew|Thunder Wave|p2a: Pecharunt\n|-status|p2a: Pecharunt|par\n|move|p1b: Arcanine|Flare Blitz|p2b: Milotic\n|-resisted|p2b: Milotic\n|-damage|p2b: Milotic|242/287\n|-damage|p1b: Arcanine|117/280|[from] Recoil\n|cant|p2a: Pecharunt|par\n|\n|upkeep\n|turn|5\n|\n|t:|1770410937\n|switch|p1b: Scream Tail|Scream Tail, L82|323/323\n|move|p1a: Mew|Thunder Wave|p2b: Milotic\n|-status|p2b: Milotic|par\n|move|p2a: Pecharunt|Malignant Chain||[still]\n|-damage|p1a: Mew|206/305\n|-status|p1a: Mew|tox\n|-activate|p1a: Mew|ability: Synchronize\n|-fail|p1a: Mew\n|-start|p1a: Mew|confusion|[from] ability: Poison Puppeteer|[of] p2a: Pecharunt\n|-damage|p2a: Pecharunt|213/265 par|[from] item: Life Orb\n|cant|p2b: Milotic|par\n|\n|-damage|p1a: Mew|187/305 tox|[from] psn\n|upkeep\n|turn|6\n|\n|t:|1770410966\n|switch|p1a: Scovillain|Scovillain, L90, F|263/263\n|move|p1b: Scream Tail|Play Rough|p2b: Milotic\n|-damage|p2b: Milotic|164/287 par\n|move|p2a: Pecharunt|Malignant Chain|p1b: Scream Tail\n|-supereffective|p1b: Scream Tail\n|-damage|p1b: Scream Tail|141/323\n|-enditem|p1b: Scream Tail|Sitrus Berry|[eat]\n|-heal|p1b: Scream Tail|221/323|[from] item: Sitrus Berry\n|-damage|p2a: Pecharunt|187/265 par|[from] item: Life Orb\n|cant|p2b: Milotic|par\n|\n|upkeep\n|turn|7\n|\n|t:|1770410984\n|switch|p2b: Incineroar|Incineroar, L78, F|276/276\n|-ability|p2b: Incineroar|Intimidate|boost\n|-unboost|p1a: Scovillain|atk|1\n|-unboost|p1b: Scream Tail|atk|1\n|move|p1b: Scream Tail|Play Rough|p2b: Incineroar\n|-damage|p2b: Incineroar|227/276\n|move|p1a: Scovillain|Fire Blast|p2a: Pecharunt\n|-damage|p2a: Pecharunt|16/265 par\n|move|p2a: Pecharunt|Malignant Chain|p1a: Scovillain\n|-supereffective|p1a: Scovillain\n|-damage|p1a: Scovillain|0 fnt\n|faint|p1a: Scovillain\n|-damage|p2a: Pecharunt|0 fnt|[from] item: Life Orb\n|faint|p2a: Pecharunt\n|\n|upkeep\n|\n|t:|1770411007\n|switch|p1a: Basculegion|Basculegion, L69, M|280/280\n|switch|p2a: Zacian|Zacian, L70|245/245\n|-ability|p2a: Zacian|Intrepid Sword|boost\n|-boost|p2a: Zacian|atk|1\n|turn|8\n|\n|t:|1770411025\n|switch|p2b: Milotic|Milotic, L81, F|164/287 par\n|move|p2a: Zacian|Play Rough|p1a: Basculegion\n|-damage|p1a: Basculegion|50/280\n|-unboost|p1a: Basculegion|atk|1\n|-damage|p2a: Zacian|221/245|[from] item: Life Orb\n|move|p1b: Scream Tail|Thunder Wave|p2a: Zacian\n|-status|p2a: Zacian|par\n|move|p1a: Basculegion|Flip Turn|p2a: Zacian\n|-damage|p2a: Zacian|175/245 par\n|\n|t:|1770411043\n|switch|p1a: Archaludon|Archaludon, L77, F|265/265|[from] Flip Turn\n|\n|upkeep\n|turn|9\n|\n|t:|1770411052\n|move|p1b: Scream Tail|Play Rough|p2b: Milotic\n|-damage|p2b: Milotic|116/287 par\n|-unboost|p2b: Milotic|atk|1\n|-ability|p2b: Milotic|Competitive|boost\n|-boost|p2b: Milotic|spa|2\n|-enditem|p2b: Milotic|Sitrus Berry|[eat]\n|-heal|p2b: Milotic|187/287 par|[from] item: Sitrus Berry\n|move|p1a: Archaludon|Flash Cannon|p2a: Zacian\n|-supereffective|p2a: Zacian\n|-damage|p2a: Zacian|1/245 par\n|move|p2a: Zacian|Close Combat|p1a: Archaludon\n|-supereffective|p1a: Archaludon\n|-damage|p1a: Archaludon|57/265\n|-unboost|p2a: Zacian|def|1\n|-unboost|p2a: Zacian|spd|1\n|-ability|p1a: Archaludon|Stamina|boost\n|-boost|p1a: Archaludon|def|1\n|-damage|p2a: Zacian|0 fnt|[from] item: Life Orb\n|faint|p2a: Zacian\n|move|p2b: Milotic|Scald|p1a: Archaludon\n|-resisted|p1a: Archaludon\n|-damage|p1a: Archaludon|0 fnt\n|faint|p1a: Archaludon\n|\n|upkeep\n|\n|t:|1770411076\n|switch|p2a: Ambipom|Ambipom, L87, M|272/272\n|switch|p1a: Mew|Mew, L84|187/305 tox\n|turn|10\n|\n|t:|1770411095\n|switch|p2a: Glaceon|Glaceon, L86, F|252/252 par\n|move|p1b: Scream Tail|Encore||[still]\n|-fail|p1b: Scream Tail\n|move|p1a: Mew|Thunder Wave|p2a: Glaceon\n|-fail|p2a: Glaceon|par\n|cant|p2b: Milotic|par\n|\n|-damage|p1a: Mew|168/305 tox|[from] psn\n|upkeep\n|turn|11\n|\n|t:|1770411111\n|move|p1b: Scream Tail|Howl|p1b: Scream Tail|[spread] p1a,p1b\n|-boost|p1a: Mew|atk|1\n|-boost|p1b: Scream Tail|atk|1\n|move|p1a: Mew|Coaching|p1b: Scream Tail\n|-boost|p1b: Scream Tail|atk|1\n|-boost|p1b: Scream Tail|def|1\n|cant|p2b: Milotic|par\n|move|p2a: Glaceon|Blizzard|p1a: Mew|[spread] p1a,p1b\n|-damage|p1a: Mew|65/305 tox\n|-damage|p1b: Scream Tail|116/323\n|-enditem|p1a: Mew|Sitrus Berry|[eat]\n|-heal|p1a: Mew|141/305 tox|[from] item: Sitrus Berry\n|\n|-damage|p1a: Mew|103/305 tox|[from] psn\n|upkeep\n|turn|12\n|\n|t:|1770411129\n|move|p1b: Scream Tail|Play Rough|p2b: Milotic\n|-damage|p2b: Milotic|67/287 par\n|move|p1a: Mew|Pollen Puff|p1b: Scream Tail\n|-heal|p1b: Scream Tail|277/323\n|move|p2b: Milotic|Scald|p1b: Scream Tail\n|-damage|p1b: Scream Tail|130/323\n|move|p2a: Glaceon|Blizzard|p1b: Scream Tail|[spread] p1b\n|-miss|p2a: Glaceon|p1a: Mew\n|-enditem|p2a: Glaceon|Blunder Policy\n|-boost|p2a: Glaceon|spe|2\n|-damage|p1b: Scream Tail|34/323\n|\n|-damage|p1a: Mew|46/305 tox|[from] psn\n|upkeep\n|turn|13\n|\n|t:|1770411151\n|move|p1b: Scream Tail|Play Rough|p2b: Milotic\n|-damage|p2b: Milotic|0 fnt\n|faint|p2b: Milotic\n|move|p1a: Mew|Pollen Puff|p1b: Scream Tail\n|-heal|p1b: Scream Tail|195/323\n|move|p2a: Glaceon|Blizzard|p1b: Scream Tail|[spread] p1a,p1b\n|-damage|p1a: Mew|0 fnt\n|-damage|p1b: Scream Tail|99/323\n|faint|p1a: Mew\n|\n|upkeep\n|\n|t:|1770411162\n|switch|p1a: Arcanine|Arcanine-Hisui, L79, M|117/280\n|switch|p2b: Ambipom|Ambipom, L87, M|272/272\n|-ability|p1a: Arcanine|Intimidate|boost\n|-unboost|p2a: Glaceon|atk|1\n|-unboost|p2b: Ambipom|atk|1\n|turn|14\n|\n|t:|1770411178\n|-terastallize|p2a: Glaceon|Ground\n|move|p2b: Ambipom|Double-Edge|p1b: Scream Tail\n|-damage|p1b: Scream Tail|24/323\n|-damage|p2b: Ambipom|247/272|[from] Recoil\n|move|p1b: Scream Tail|Thunder Wave|p2b: Ambipom\n|-status|p2b: Ambipom|par\n|move|p1a: Arcanine|Flare Blitz|p2a: Glaceon\n|-damage|p2a: Glaceon|153/252 par\n|-damage|p1a: Arcanine|84/280|[from] Recoil\n|move|p2a: Glaceon|Mud Shot|p1a: Arcanine\n|-supereffective|p1a: Arcanine\n|-damage|p1a: Arcanine|0 fnt\n|faint|p1a: Arcanine\n|\n|upkeep\n|\n|t:|1770411191\n|switch|p1a: Basculegion|Basculegion, L69, M|50/280\n|turn|15\n|\n|t:|1770411208\n|move|p1b: Scream Tail|Play Rough|p2b: Ambipom|[miss]\n|-miss|p1b: Scream Tail|p2b: Ambipom\n|move|p1a: Basculegion|Wave Crash|p2a: Glaceon\n|-supereffective|p2a: Glaceon\n|-damage|p2a: Glaceon|0 fnt\n|faint|p2a: Glaceon\n|-damage|p1a: Basculegion|0 fnt|[from] Recoil\n|faint|p1a: Basculegion\n|move|p2b: Ambipom|Knock Off|p1b: Scream Tail\n|-damage|p1b: Scream Tail|4/323\n|\n|upkeep\n|\n|t:|1770411217\n|switch|p2a: Incineroar|Incineroar, L78, F|227/276\n|-ability|p2a: Incineroar|Intimidate|boost\n|-unboost|p1b: Scream Tail|atk|1\n|turn|16\n|\n|t:|1770411236\n|-terastallize|p1b: Scream Tail|Steel\n|move|p2a: Incineroar|Fake Out|p1b: Scream Tail\n|-resisted|p1b: Scream Tail\n|-damage|p1b: Scream Tail|0 fnt\n|faint|p1b: Scream Tail\n|-end|p1b: Scream Tail|Protosynthesis|[silent]\n|\n|win|traceyscetchit\n|raw|Socram08's rating: 1646 &rarr; <strong>1623</strong><br />(-23 for losing)\n|raw|traceyscetchit's rating: 1596 &rarr; <strong>1619</strong><br />(+23 for winning)\n", "inputlog": ">version ccdc32dd7cde25fd9e4bed64820e885f66e78a4e\n>start {\"formatid\":\"gen9randomdoublesbattle\",\"seed\":\"sodium,f4bfd37555e8a6bb9a892e5a5977cbb7\",\"rated\":\"Rated battle\"}\n>player p1 {\"name\":\"Socram08\",\"avatar\":\"falkner\",\"rating\":1646,\"seed\":\"sodium,3e6eed75105e2e63c3d2e57e6a78c0d2\"}\n>player p2 {\"name\":\"traceyscetchit\",\"avatar\":\"colress\",\"rating\":1596,\"seed\":\"sodium,3c932f1ea3179578f56eb9a462db53f5\"}\n>p1 move encore +1, move rockslide\n>p2 move fakeout +2, move mudshot +2\n>p1 move thunderwave +2, move protect\n>p2 switch 6, move mudshot +2\n>p1 move pollenpuff -2, move flareblitz +2\n>p2 move malignantchain +2, move protect\n>p1 move thunderwave +1, move flareblitz +2\n>p2 move malignantchain +1, switch 5\n>p1 move thunderwave +2, switch 3\n>p2 move malignantchain +1, move icywind\n>p1 switch 6, move playrough +2\n>p2 move malignantchain +2, move scald +1\n>p1 move fireblast +1, move playrough +2\n>p2 move malignantchain +1, switch 6\n>p1 switch 4, pass\n>p2 switch 3, pass\n>p1 move flipturn +1, move thunderwave +1\n>p2 move playrough +1, switch 6\n>p1 switch 5, pass\n>p1 move flashcannon +1, move playrough +2\n>p2 move closecombat +1, move scald +1\n>p1 switch 6, pass\n>p2 switch 4, pass\n>p1 move thunderwave +1, move encore +1\n>p2 switch 5, move scald +1\n>p1 move coaching -2, move howl\n>p2 move blizzard, move scald +1\n>p1 move pollenpuff -2, move playrough +2\n>p2 move blizzard, move scald +2\n>p1 move pollenpuff -2, move playrough +2\n>p2 move blizzard, move recover\n>p1 switch 3, pass\n>p2 pass, switch 5\n>p1 move flareblitz +1, move thunderwave +2\n>p2 move mudshot +1 terastallize, move doubleedge +2\n>p1 switch 5, pass\n>p1 move wavecrash +1, move playrough +2\n>p2 move freezedry +1, move knockoff +1\n>p2 switch 6, pass\n>p1 pass, move playrough +1 terastallize\n>p2 move fakeout +2, move knockoff +2", "uploadtime": 1770411241, "views": 87, "formatid": "gen9randomdoublesbattle", "rating": 1619, "private": 0, "password": null}