{"id": "gen9randomdoublesbattle-2539155344", "format": "[Gen 9] Random Doubles Battle", "players": ["Pangaea", "PokeChupon4"], "log": "|j|☆Pangaea\n|j|☆PokeChupon4\n|t:|1771017186\n|gametype|doubles\n|player|p1|Pangaea|102|1679\n|player|p2|PokeChupon4|102|1741\n|gen|9\n|tier|[Gen 9] Random Doubles Battle\n|rated|\n|rule|Species Clause: Limit one of each Pokémon\n|rule|HP Percentage Mod: HP is shown in percentages\n|rule|Illusion Level Mod: Illusion disguises the Pokémon's true level\n|rule|Sleep Clause Mod: Limit one foe put to sleep\n|\n|t:|1771017186\n|teamsize|p1|6\n|teamsize|p2|6\n|start\n|switch|p1a: Barraskewda|Barraskewda, L85, F|242/242\n|switch|p1b: Eelektross|Eelektross, L86, F|286/286\n|switch|p2a: Cetitan|Cetitan, L83, F|418/418\n|switch|p2b: Drednaw|Drednaw, L83, F|285/285\n|turn|1\n|inactive|Battle timer is ON: inactive players will automatically lose when time's up. (requested by PokeChupon4)\n|inactive|Pangaea has 120 seconds left.\n|\n|t:|1771017251\n|switch|p2b: Mabosstiff|Mabosstiff, L84, F|272/272\n|-ability|p2b: Mabosstiff|Intimidate|boost\n|-unboost|p1a: Barraskewda|atk|1\n|-unboost|p1b: Eelektross|atk|1\n|switch|p2a: Magmar|Magmar, L84, F|246/246\n|move|p1a: Barraskewda|Close Combat|p2a: Magmar\n|-damage|p2a: Magmar|159/246\n|-unboost|p1a: Barraskewda|def|1\n|-unboost|p1a: Barraskewda|spd|1\n|-damage|p1a: Barraskewda|218/242|[from] item: Life Orb\n|move|p1b: Eelektross|Thunderbolt|p2b: Mabosstiff\n|-damage|p2b: Mabosstiff|145/272\n|\n|upkeep\n|turn|2\n|\n|t:|1771017278\n|switch|p1a: Conkeldurr|Conkeldurr, L81, M|303/303\n|-terastallize|p2a: Magmar|Grass\n|move|p2a: Magmar|Follow Me|p2a: Magmar\n|-singleturn|p2a: Magmar|move: Follow Me\n|move|p2b: Mabosstiff|Crunch|p1b: Eelektross\n|-damage|p1b: Eelektross|120/286\n|move|p1b: Eelektross|U-turn|p2a: Magmar\n|-supereffective|p2a: Magmar\n|-crit|p2a: Magmar\n|-damage|p2a: Magmar|1/246\n|-status|p1b: Eelektross|brn|[from] ability: Flame Body|[of] p2a: Magmar\n|inactive|Pangaea has 120 seconds left.\n|\n|t:|1771017305\n|switch|p1b: Tinkaton|Tinkaton, L82, F|274/274|[from] U-turn\n|\n|upkeep\n|turn|3\n|inactive|Pangaea has 120 seconds left.\n|\n|t:|1771017320\n|switch|p2b: Drednaw|Drednaw, L83, F|285/285\n|move|p1a: Conkeldurr|Mach Punch|p2a: Magmar\n|-damage|p2a: Magmar|0 fnt\n|-status|p1a: Conkeldurr|brn|[from] ability: Flame Body|[of] p2a: Magmar\n|faint|p2a: Magmar\n|move|p1b: Tinkaton|Play Rough|p2b: Drednaw\n|-damage|p2b: Drednaw|206/285\n|-unboost|p2b: Drednaw|atk|1\n|-enditem|p2b: Drednaw|White Herb\n|-clearnegativeboost|p2b: Drednaw|[silent]\n|\n|-damage|p1a: Conkeldurr|285/303 brn|[from] brn\n|upkeep\n|\n|t:|1771017331\n|switch|p2a: Mabosstiff|Mabosstiff, L84, F|145/272\n|-ability|p2a: Mabosstiff|Intimidate|boost\n|-unboost|p1a: Conkeldurr|atk|1\n|-fail|p1b: Tinkaton|unboost|Attack|[from] ability: Own Tempo|[of] p1b: Tinkaton\n|turn|4\n|inactive|Pangaea has 120 seconds left.\n|\n|t:|1771017362\n|switch|p1a: Clodsire|Clodsire, L87, M|368/368\n|move|p1b: Tinkaton|Play Rough|p2a: Mabosstiff|[miss]\n|-miss|p1b: Tinkaton|p2a: Mabosstiff\n|move|p2a: Mabosstiff|Fire Fang|p1b: Tinkaton\n|-supereffective|p1b: Tinkaton\n|-damage|p1b: Tinkaton|88/274\n|move|p2b: Drednaw|Liquidation|p1b: Tinkaton\n|-damage|p1b: Tinkaton|0 fnt\n|faint|p1b: Tinkaton\n|\n|upkeep\n|\n|t:|1771017370\n|switch|p1b: Barraskewda|Barraskewda, L85, F|218/242\n|turn|5\n|c|☆Pangaea|:(\n|\n|t:|1771017389\n|switch|p2a: Medicham|Medicham, L86, M|243/243\n|move|p1b: Barraskewda|Close Combat|p2a: Medicham\n|-resisted|p2a: Medicham\n|-damage|p2a: Medicham|161/243\n|-unboost|p1b: Barraskewda|def|1\n|-unboost|p1b: Barraskewda|spd|1\n|-damage|p1b: Barraskewda|194/242|[from] item: Life Orb\n|move|p2b: Drednaw|Shell Smash|p2b: Drednaw\n|-unboost|p2b: Drednaw|def|1\n|-unboost|p2b: Drednaw|spd|1\n|-boost|p2b: Drednaw|atk|2\n|-boost|p2b: Drednaw|spa|2\n|-boost|p2b: Drednaw|spe|2\n|move|p1a: Clodsire|High Horsepower|p2b: Drednaw\n|-supereffective|p2b: Drednaw\n|-damage|p2b: Drednaw|0 fnt\n|faint|p2b: Drednaw\n|\n|upkeep\n|\n|t:|1771017395\n|switch|p2b: Mabosstiff|Mabosstiff, L84, F|145/272\n|-ability|p2b: Mabosstiff|Intimidate|boost\n|-unboost|p1a: Clodsire|atk|1\n|-unboost|p1b: Barraskewda|atk|1\n|turn|6\n|\n|t:|1771017412\n|switch|p1a: Eelektross|Eelektross, L86, F|120/286 brn\n|move|p1b: Barraskewda|Protect|p1b: Barraskewda\n|-singleturn|p1b: Barraskewda|Protect\n|move|p2b: Mabosstiff|Psychic Fangs|p1a: Eelektross\n|-damage|p1a: Eelektross|15/286 brn\n|move|p2a: Medicham|Close Combat|p1b: Barraskewda\n|-activate|p1b: Barraskewda|move: Protect\n|\n|-damage|p1a: Eelektross|0 fnt|[from] brn\n|faint|p1a: Eelektross\n|upkeep\n|\n|t:|1771017428\n|switch|p1a: Appletun|Appletun, L92, F|352/352\n|turn|7\n|\n|t:|1771017443\n|move|p1b: Barraskewda|Waterfall|p2a: Medicham\n|-damage|p2a: Medicham|66/243\n|-damage|p1b: Barraskewda|170/242|[from] item: Life Orb\n|move|p2b: Mabosstiff|Psychic Fangs|p1b: Barraskewda\n|-damage|p1b: Barraskewda|0 fnt\n|faint|p1b: Barraskewda\n|move|p2a: Medicham|Close Combat|p1a: Appletun\n|-damage|p1a: Appletun|70/352\n|-unboost|p2a: Medicham|def|1\n|-unboost|p2a: Medicham|spd|1\n|-enditem|p1a: Appletun|Sitrus Berry|[eat]\n|-heal|p1a: Appletun|158/352|[from] item: Sitrus Berry\n|move|p1a: Appletun|Apple Acid|p2a: Medicham\n|-damage|p2a: Medicham|0 fnt\n|faint|p2a: Medicham\n|\n|upkeep\n|\n|t:|1771017454\n|switch|p1b: Conkeldurr|Conkeldurr, L81, M|285/303 brn\n|switch|p2a: Moltres|Moltres-Galar, L74|255/255\n|turn|8\n|\n|t:|1771017471\n|-terastallize|p1a: Appletun|Steel\n|move|p2b: Mabosstiff|Psychic Fangs|p1b: Conkeldurr\n|-supereffective|p1b: Conkeldurr\n|-damage|p1b: Conkeldurr|87/303 brn\n|move|p2a: Moltres|Hurricane|p1b: Conkeldurr\n|-supereffective|p1b: Conkeldurr\n|-damage|p1b: Conkeldurr|0 fnt\n|faint|p1b: Conkeldurr\n|move|p1a: Appletun|Leech Seed|p2a: Moltres|[miss]\n|-miss|p1a: Appletun|p2a: Moltres\n|\n|upkeep\n|-message|Pangaea forfeited.\n|\n|win|PokeChupon4\n|raw|Pangaea's rating: 1679 &rarr; <strong>1663</strong><br />(-16 for losing)\n|raw|PokeChupon4's rating: 1741 &rarr; <strong>1757</strong><br />(+16 for winning)\n|l|☆Pangaea\n|player|p1|\n", "inputlog": ">version ccdc32dd7cde25fd9e4bed64820e885f66e78a4e\n>start {\"formatid\":\"gen9randomdoublesbattle\",\"seed\":\"sodium,b30ae885d3ceaddd13898d22281db540\",\"rated\":\"Rated battle\"}\n>player p1 {\"name\":\"Pangaea\",\"avatar\":\"102\",\"rating\":1679,\"seed\":\"sodium,b6a4dbd8b4e69711197a83ced049a97d\"}\n>player p2 {\"name\":\"PokeChupon4\",\"avatar\":\"102\",\"rating\":1741,\"seed\":\"sodium,9036db8fad667d2f0105c303b9e95ed0\"}\n>p1 move closecombat +1, move thunderbolt +2\n>p2 switch 3, switch 4\n>p1 switch 6, move uturn +2\n>p2 move followme terastallize, move crunch +2\n>p1 pass, switch 4\n>p1 move machpunch +1, move playrough +2\n>p2 move willowisp +2, switch 4\n>p2 switch 4, pass\n>p1 switch 5, move playrough +1\n>p2 move firefang +2, move liquidation +2\n>p1 pass, switch 6\n>chat ☆Pangaea|:(\n>p1 move highhorsepower +2, move closecombat +1\n>p2 switch 5, move shellsmash\n>p2 pass, switch 5\n>p1 switch 4, move protect\n>p2 move closecombat +2, move psychicfangs +1\n>p1 switch 3, pass\n>p1 move appleacid +1, move waterfall +1\n>p2 move closecombat +2, move psychicfangs +2\n>p1 pass, switch 5\n>p2 switch 6, pass\n>p1 move leechseed +1 terastallize, move drainpunch +2\n>p2 move hurricane +2, move psychicfangs +2\n>forcelose p1", "uploadtime": 1771017484, "views": 81, "formatid": "gen9randomdoublesbattle", "rating": 1663, "private": 0, "password": null}