{"id": "gen9randomdoublesbattle-2537034202", "format": "[Gen 9] Random Doubles Battle", "players": ["destheka", "richi98"], "log": "|j|☆destheka\n|j|☆richi98\n|t:|1770758862\n|gametype|doubles\n|player|p1|destheka|acetrainer-gen4dp|1750\n|player|p2|richi98|101|1791\n|gen|9\n|tier|[Gen 9] Random Doubles Battle\n|rated|\n|rule|Species Clause: Limit one of each Pokémon\n|rule|HP Percentage Mod: HP is shown in percentages\n|rule|Illusion Level Mod: Illusion disguises the Pokémon's true level\n|rule|Sleep Clause Mod: Limit one foe put to sleep\n|\n|t:|1770758862\n|teamsize|p1|6\n|teamsize|p2|6\n|start\n|switch|p1a: Manaphy|Manaphy, L78|284/284\n|switch|p1b: Brute Bonnet|Brute Bonnet, L80|309/309\n|switch|p2a: Salamence|Salamence, L80, M|283/283\n|switch|p2b: Camerupt|Camerupt, L88, M|266/266\n|-ability|p2a: Salamence|Intimidate|boost\n|-unboost|p1a: Manaphy|atk|1\n|-unboost|p1b: Brute Bonnet|atk|1\n|turn|1\n|inactive|Battle timer is ON: inactive players will automatically lose when time's up. (requested by destheka)\n|inactive|richi98 has 120 seconds left.\n|inactive|richi98 has 90 seconds left.\n|inactive|richi98 has 60 seconds left.\n|\n|t:|1770758968\n|switch|p2b: Ludicolo|Ludicolo, L89, F|287/287\n|move|p2a: Salamence|Protect|p2a: Salamence\n|-singleturn|p2a: Salamence|Protect\n|move|p1a: Manaphy|Ice Beam|p2a: Salamence\n|-activate|p2a: Salamence|move: Protect\n|move|p1b: Brute Bonnet|Spore|p2b: Ludicolo\n|-immune|p2b: Ludicolo\n|\n|upkeep\n|turn|2\n|inactive|richi98 has 120 seconds left.\n|inactive|destheka has 120 seconds left.\n|\n|t:|1770759010\n|-end|p1b: Brute Bonnet|Protosynthesis|[silent]\n|switch|p1b: Venusaur|Venusaur, L86, M|278/278\n|-terastallize|p2a: Salamence|Fire\n|move|p2b: Ludicolo|Fake Out|p1b: Venusaur\n|-damage|p1b: Venusaur|253/278\n|move|p2a: Salamence|Fire Blast|p1b: Venusaur\n|-supereffective|p1b: Venusaur\n|-damage|p1b: Venusaur|0 fnt\n|faint|p1b: Venusaur\n|-damage|p2a: Salamence|255/283|[from] item: Life Orb\n|move|p1a: Manaphy|Ice Beam|p2a: Salamence\n|-resisted|p2a: Salamence\n|-damage|p2a: Salamence|223/283\n|\n|upkeep\n|inactive|destheka has 120 seconds left.\n|\n|t:|1770759027\n|switch|p1b: Rampardos|Rampardos, L87, M|311/311\n|turn|3\n|inactive|richi98 has 120 seconds left.\n|inactive|richi98 has 90 seconds left.\n|inactive|richi98 has 60 seconds left.\n|\n|t:|1770759112\n|switch|p2a: Lumineon|Lumineon, L92, M|276/276\n|move|p1b: Rampardos|Rock Slide|p2a: Lumineon|[spread] p2a,p2b\n|-damage|p2a: Lumineon|143/276\n|-damage|p2b: Ludicolo|139/287\n|move|p1a: Manaphy|Tail Glow|p1a: Manaphy\n|-boost|p1a: Manaphy|spa|3\n|move|p2b: Ludicolo|Leaf Storm|p1b: Rampardos\n|-supereffective|p1b: Rampardos\n|-damage|p1b: Rampardos|0 fnt\n|-unboost|p2b: Ludicolo|spa|2\n|faint|p1b: Rampardos\n|\n|upkeep\n|\n|t:|1770759124\n|switch|p1b: Brute Bonnet|Brute Bonnet, L80|309/309\n|turn|4\n|inactive|richi98 has 60 seconds left.\n|\n|t:|1770759149\n|switch|p2b: Salamence|Salamence, L80, M, tera:Fire|223/283\n|-ability|p2b: Salamence|Intimidate|boost\n|-unboost|p1a: Manaphy|atk|1\n|-unboost|p1b: Brute Bonnet|atk|1\n|move|p2a: Lumineon|Encore|p1a: Manaphy\n|-start|p1a: Manaphy|Encore\n|move|p1a: Manaphy|Tail Glow|p1a: Manaphy\n|-boost|p1a: Manaphy|spa|3\n|move|p1b: Brute Bonnet|Seed Bomb|p2a: Lumineon\n|-supereffective|p2a: Lumineon\n|-damage|p2a: Lumineon|15/276\n|-enditem|p2a: Lumineon|Sitrus Berry|[eat]\n|-heal|p2a: Lumineon|84/276|[from] item: Sitrus Berry\n|\n|upkeep\n|turn|5\n|inactive|richi98 has 60 seconds left.\n|\n|t:|1770759185\n|switch|p2a: Ludicolo|Ludicolo, L89, F|139/287\n|move|p2b: Salamence|Fire Blast|p1b: Brute Bonnet\n|-supereffective|p1b: Brute Bonnet\n|-damage|p1b: Brute Bonnet|13/309\n|-enditem|p1b: Brute Bonnet|Sitrus Berry|[eat]\n|-heal|p1b: Brute Bonnet|90/309|[from] item: Sitrus Berry\n|-damage|p2b: Salamence|195/283|[from] item: Life Orb\n|move|p1a: Manaphy|Tail Glow|p1a: Manaphy\n|-boost|p1a: Manaphy|spa|0\n|move|p1b: Brute Bonnet|Seed Bomb|p2a: Ludicolo\n|-damage|p2a: Ludicolo|66/287\n|\n|upkeep\n|turn|6\n|-message|destheka forfeited.\n|\n|win|richi98\n|raw|destheka's rating: 1750 &rarr; <strong>1732</strong><br />(-18 for losing)\n|raw|richi98's rating: 1791 &rarr; <strong>1809</strong><br />(+18 for winning)\n|l|☆destheka\n|player|p1|\n", "inputlog": ">version ccdc32dd7cde25fd9e4bed64820e885f66e78a4e\n>start {\"formatid\":\"gen9randomdoublesbattle\",\"seed\":\"sodium,ad75bb80274311440ac9df6dac3cf186\",\"rated\":\"Rated battle\"}\n>player p1 {\"name\":\"destheka\",\"avatar\":\"acetrainer-gen4dp\",\"rating\":1750,\"seed\":\"sodium,dfe4934e6c6429a1ad50d2edab3aae35\"}\n>player p2 {\"name\":\"richi98\",\"avatar\":\"101\",\"rating\":1791,\"seed\":\"sodium,3f850d462c21f544c5885a55e1008ef8\"}\n>p1 move icebeam +1, move spore +2\n>p2 move protect, switch 4\n>p1 move icebeam +1, switch 6\n>p2 move fireblast +2 terastallize, move fakeout +2\n>p1 pass, switch 5\n>p1 move tailglow, move rockslide\n>p2 switch 6, move leafstorm +2\n>p1 pass, switch 6\n>p1 move icebeam +2, move seedbomb +1\n>p2 move encore +1, switch 6\n>p1 move tailglow, move seedbomb +1\n>p2 switch 6, move fireblast +2\n>forcelose p1", "uploadtime": 1770759211, "views": 79, "formatid": "gen9randomdoublesbattle", "rating": 1732, "private": 0, "password": null}