{"id": "gen9randomdoublesbattle-2538005660", "format": "[Gen 9] Random Doubles Battle", "players": ["baseballlover", "dragold21"], "log": "|j|☆baseballlover\n|j|☆dragold21\n|t:|1770876346\n|gametype|doubles\n|player|p1|baseballlover|102|1668\n|player|p2|dragold21|ghetsis-gen5bw|1541\n|gen|9\n|tier|[Gen 9] Random Doubles Battle\n|rated|\n|rule|Species Clause: Limit one of each Pokémon\n|rule|HP Percentage Mod: HP is shown in percentages\n|rule|Illusion Level Mod: Illusion disguises the Pokémon's true level\n|rule|Sleep Clause Mod: Limit one foe put to sleep\n|\n|t:|1770876346\n|teamsize|p1|6\n|teamsize|p2|6\n|start\n|switch|p1a: Flareon|Flareon, L90, M|263/263\n|switch|p1b: Sceptile|Sceptile, L88, F|266/266\n|switch|p2a: Ursaluna|Ursaluna, L77, F|327/327\n|switch|p2b: Plusle|Plusle, L92, F|260/260\n|turn|1\n|inactive|Battle timer is ON: inactive players will automatically lose when time's up. (requested by dragold21)\n|inactive|baseballlover also wants the timer to be on.\n|inactive|baseballlover has 120 seconds left.\n|\n|t:|1770876380\n|switch|p2a: Oinkologne|Oinkologne-F, L92, F|361/361\n|move|p1a: Flareon|Protect|p1a: Flareon\n|-singleturn|p1a: Flareon|Protect\n|move|p1b: Sceptile|Leaf Storm|p2a: Oinkologne\n|-damage|p2a: Oinkologne|226/361\n|-unboost|p1b: Sceptile|spa|2\n|move|p2b: Plusle|Nuzzle|p1a: Flareon\n|-activate|p1a: Flareon|move: Protect\n|\n|-status|p1a: Flareon|tox|[from] item: Toxic Orb\n|upkeep\n|turn|2\n|\n|t:|1770876393\n|move|p1b: Sceptile|Shed Tail|p1b: Sceptile\n|-start|p1b: Sceptile|Substitute|[from] move: Shed Tail\n|-damage|p1b: Sceptile|133/266\n|-enditem|p1b: Sceptile|Sitrus Berry|[eat]\n|-heal|p1b: Sceptile|199/266|[from] item: Sitrus Berry\n|inactive|baseballlover has 120 seconds left.\n|\n|t:|1770876440\n|switch|p1b: Persian|Persian-Alola, L88, M|258/258|[from] Shed Tail\n|move|p2b: Plusle|Nuzzle|p1b: Persian\n|-activate|p1b: Persian|move: Substitute|[damage]\n|move|p2a: Oinkologne|High Horsepower|p1a: Flareon\n|-supereffective|p1a: Flareon\n|-damage|p1a: Flareon|0 fnt\n|faint|p1a: Flareon\n|\n|upkeep\n|\n|t:|1770876452\n|switch|p1a: Sceptile|Sceptile, L88, F|199/266\n|turn|3\n|\n|t:|1770876466\n|move|p1b: Persian|Fake Out|p2a: Oinkologne\n|-damage|p2a: Oinkologne|201/361\n|move|p1a: Sceptile|Leaf Storm|p2b: Plusle\n|-damage|p2b: Plusle|106/260\n|-unboost|p1a: Sceptile|spa|2\n|-enditem|p2b: Plusle|Sitrus Berry|[eat]\n|-heal|p2b: Plusle|171/260|[from] item: Sitrus Berry\n|move|p2b: Plusle|Nuzzle|p1a: Sceptile\n|-resisted|p1a: Sceptile\n|-damage|p1a: Sceptile|190/266\n|-status|p1a: Sceptile|par\n|cant|p2a: Oinkologne|flinch\n|\n|upkeep\n|turn|4\n|\n|t:|1770876482\n|move|p1b: Persian|Knock Off|p2b: Plusle\n|-damage|p2b: Plusle|83/260\n|move|p2b: Plusle|Thunderbolt|p1b: Persian\n|-end|p1b: Persian|Substitute\n|move|p2a: Oinkologne|High Horsepower|p1b: Persian\n|-damage|p1b: Persian|183/258\n|move|p1a: Sceptile|Shed Tail|p1a: Sceptile\n|-start|p1a: Sceptile|Substitute|[from] move: Shed Tail\n|-damage|p1a: Sceptile|57/266 par\n|\n|t:|1770876488\n|switch|p1a: Noivern|Noivern, L84, F|280/280|[from] Shed Tail\n|-item|p2a: Oinkologne|Choice Band|[from] ability: Frisk|[of] p1a: Noivern\n|\n|upkeep\n|turn|5\n|\n|t:|1770876505\n|move|p1a: Noivern|Flamethrower|p2b: Plusle\n|-damage|p2b: Plusle|15/260\n|move|p1b: Persian|Snarl|p2a: Oinkologne|[spread] p2a,p2b\n|-damage|p2a: Oinkologne|164/361\n|-damage|p2b: Plusle|0 fnt\n|-unboost|p2a: Oinkologne|spa|1\n|faint|p2b: Plusle\n|move|p2a: Oinkologne|High Horsepower|p1b: Persian\n|-damage|p1b: Persian|112/258\n|-enditem|p1b: Persian|Sitrus Berry|[eat]\n|-heal|p1b: Persian|176/258|[from] item: Sitrus Berry\n|\n|upkeep\n|\n|t:|1770876509\n|switch|p2b: Quagsire|Quagsire, L91, M|321/321\n|turn|6\n|inactive|baseballlover has 120 seconds left.\n|\n|t:|1770876544\n|move|p1a: Noivern|Draco Meteor|p2b: Quagsire\n|-damage|p2b: Quagsire|168/321\n|-unboost|p1a: Noivern|spa|2\n|move|p1b: Persian|Knock Off|p2a: Oinkologne\n|-crit|p2a: Oinkologne\n|-damage|p2a: Oinkologne|35/361\n|-enditem|p2a: Oinkologne|Choice Band|[from] move: Knock Off|[of] p1b: Persian\n|move|p2a: Oinkologne|High Horsepower|p1b: Persian\n|-damage|p1b: Persian|131/258\n|move|p2b: Quagsire|Icy Wind|p1b: Persian|[spread] p1a,p1b\n|-supereffective|p1a: Noivern\n|-end|p1a: Noivern|Substitute\n|-damage|p1b: Persian|99/258\n|-unboost|p1b: Persian|spe|1\n|\n|upkeep\n|turn|7\n|\n|t:|1770876556\n|move|p1a: Noivern|Draco Meteor|p2b: Quagsire\n|-damage|p2b: Quagsire|84/321\n|-unboost|p1a: Noivern|spa|2\n|-enditem|p2b: Quagsire|Sitrus Berry|[eat]\n|-heal|p2b: Quagsire|164/321|[from] item: Sitrus Berry\n|move|p2a: Oinkologne|Play Rough|p1b: Persian|[miss]\n|-miss|p2a: Oinkologne|p1b: Persian\n|move|p1b: Persian|Snarl|p2a: Oinkologne|[spread] p2a,p2b\n|-damage|p2a: Oinkologne|0 fnt\n|-damage|p2b: Quagsire|116/321\n|-unboost|p2b: Quagsire|spa|1\n|faint|p2a: Oinkologne\n|move|p2b: Quagsire|Icy Wind|p1b: Persian|[spread] p1a,p1b\n|-supereffective|p1a: Noivern\n|-damage|p1a: Noivern|212/280\n|-damage|p1b: Persian|78/258\n|-unboost|p1a: Noivern|spe|1\n|-unboost|p1b: Persian|spe|1\n|\n|upkeep\n|inactive|dragold21 has 120 seconds left.\n|inactive|dragold21 has 90 seconds left.\n|\n|t:|1770876619\n|switch|p2a: Ursaluna|Ursaluna, L77, F|327/327\n|turn|8\n|\n|t:|1770876628\n|switch|p1a: Sceptile|Sceptile, L88, F|57/266 par\n|move|p2a: Ursaluna|Protect|p2a: Ursaluna\n|-singleturn|p2a: Ursaluna|Protect\n|move|p1b: Persian|Knock Off|p2a: Ursaluna\n|-activate|p2a: Ursaluna|move: Protect\n|move|p2b: Quagsire|Liquidation|p1b: Persian\n|-damage|p1b: Persian|23/258\n|-unboost|p1b: Persian|def|1\n|\n|-status|p2a: Ursaluna|brn|[from] item: Flame Orb\n|upkeep\n|turn|9\n|\n|t:|1770876646\n|-terastallize|p2a: Ursaluna|Normal\n|move|p1a: Sceptile|Leaf Storm|p2a: Ursaluna\n|-damage|p2a: Ursaluna|42/327 brn\n|-unboost|p1a: Sceptile|spa|2\n|move|p1b: Persian|Knock Off|p2b: Quagsire\n|-damage|p2b: Quagsire|67/321\n|move|p2a: Ursaluna|Earthquake|p1b: Persian|[spread] p2b,p1a,p1b\n|-resisted|p1a: Sceptile\n|-damage|p2b: Quagsire|0 fnt\n|-damage|p1a: Sceptile|0 fnt\n|-damage|p1b: Persian|0 fnt\n|faint|p2b: Quagsire\n|faint|p1a: Sceptile\n|faint|p1b: Persian\n|\n|-damage|p2a: Ursaluna|22/327 brn|[from] brn\n|upkeep\n|\n|t:|1770876654\n|switch|p1a: Chi-Yu|Chi-Yu, L75|206/206\n|switch|p1b: Noivern|Noivern, L84, F|212/280\n|switch|p2b: Lunala|Lunala, L71|312/312\n|-item|p2a: Ursaluna|Flame Orb|[from] ability: Frisk|[of] p1b: Noivern\n|-item|p2b: Lunala|Leftovers|[from] ability: Frisk|[of] p1b: Noivern\n|-ability|p1a: Chi-Yu|Beads of Ruin\n|turn|10\n|\n|t:|1770876673\n|move|p2a: Ursaluna|Protect|p2a: Ursaluna\n|-singleturn|p2a: Ursaluna|Protect\n|move|p1b: Noivern|Flamethrower|p2a: Ursaluna\n|-activate|p2a: Ursaluna|move: Protect\n|move|p1a: Chi-Yu|Dark Pulse|p2b: Lunala\n|-supereffective|p2b: Lunala\n|-damage|p2b: Lunala|0 fnt\n|faint|p2b: Lunala\n|\n|-damage|p2a: Ursaluna|2/327 brn|[from] brn\n|upkeep\n|\n|t:|1770876675\n|switch|p2b: Deoxys|Deoxys-Defense, L88|231/231\n|-ability|p2b: Deoxys|Pressure\n|turn|11\n|\n|t:|1770876702\n|move|p1b: Noivern|Flamethrower|p2a: Ursaluna\n|-damage|p2a: Ursaluna|0 fnt\n|faint|p2a: Ursaluna\n|move|p2b: Deoxys|Icy Wind|p1a: Chi-Yu|[spread] p1a,p1b\n|-resisted|p1a: Chi-Yu\n|-supereffective|p1b: Noivern\n|-damage|p1a: Chi-Yu|195/206\n|-damage|p1b: Noivern|68/280\n|-unboost|p1a: Chi-Yu|spe|1\n|-unboost|p1b: Noivern|spe|1\n|-enditem|p1b: Noivern|Sitrus Berry|[eat]\n|-heal|p1b: Noivern|138/280|[from] item: Sitrus Berry\n|move|p1a: Chi-Yu|Dark Pulse|p2b: Deoxys\n|-supereffective|p2b: Deoxys\n|-damage|p2b: Deoxys|27/231\n|-enditem|p2b: Deoxys|Sitrus Berry|[eat]\n|-heal|p2b: Deoxys|84/231|[from] item: Sitrus Berry\n|\n|upkeep\n|turn|12\n|-message|dragold21 forfeited.\n|\n|win|baseballlover\n|raw|baseballlover's rating: 1668 &rarr; <strong>1681</strong><br />(+13 for winning)\n|raw|dragold21's rating: 1541 &rarr; <strong>1528</strong><br />(-13 for losing)\n", "inputlog": ">version ccdc32dd7cde25fd9e4bed64820e885f66e78a4e\n>start {\"formatid\":\"gen9randomdoublesbattle\",\"seed\":\"sodium,f17471c445d0ab6abd546c2a9f3ecc24\",\"rated\":\"Rated battle\"}\n>player p1 {\"name\":\"baseballlover\",\"avatar\":\"102\",\"rating\":1668,\"seed\":\"sodium,ca169a0039871070227cd41d2d3a748b\"}\n>player p2 {\"name\":\"dragold21\",\"avatar\":\"ghetsis-gen5bw\",\"rating\":1541,\"seed\":\"sodium,395dc424b35c45f11855b486eec619dd\"}\n>p1 move protect, move leafstorm +1\n>p2 switch 6, move nuzzle +1\n>p1 move facade +2, move shedtail\n>p2 move highhorsepower +1, move nuzzle +2\n>p1 pass, switch 6\n>p1 switch 6, pass\n>p1 move leafstorm +2, move fakeout +1\n>p2 move highhorsepower +2, move nuzzle +1\n>p1 move shedtail, move knockoff +2\n>p2 move highhorsepower +2, move thunderbolt +2\n>p1 switch 4, pass\n>p1 move flamethrower +2, move snarl\n>p2 move highhorsepower +2, move thunderbolt +1\n>p2 pass, switch 5\n>p1 move dracometeor +2, move knockoff +1\n>p2 move highhorsepower +2, move icywind\n>p1 move dracometeor +2, move snarl\n>p2 move playrough +2, move icywind\n>p2 switch 6, pass\n>p1 switch 4, move knockoff +1\n>p2 move protect, move liquidation +2\n>p1 move leafstorm +1, move knockoff +2\n>p2 move earthquake terastallize, move recover\n>p1 switch 3, switch 4\n>p2 pass, switch 4\n>p1 move darkpulse +2, move flamethrower +1\n>p2 move protect, move moonblast +1\n>p2 pass, switch 3\n>p1 move darkpulse +2, move flamethrower +1\n>p2 move facade +1, move icywind\n>forcelose p2", "uploadtime": 1770876711, "views": 71, "formatid": "gen9randomdoublesbattle", "rating": 1528, "private": 0, "password": null}