{"id": "gen9randomdoublesbattle-2540025218", "format": "[Gen 9] Random Doubles Battle", "players": ["zckan", "baseballlover"], "log": "|j|☆zckan\n|j|☆baseballlover\n|t:|1771147281\n|gametype|doubles\n|player|p1|zckan|lucas|1689\n|player|p2|baseballlover|2|1588\n|gen|9\n|tier|[Gen 9] Random Doubles Battle\n|rated|\n|rule|Species Clause: Limit one of each Pokémon\n|rule|HP Percentage Mod: HP is shown in percentages\n|rule|Illusion Level Mod: Illusion disguises the Pokémon's true level\n|rule|Sleep Clause Mod: Limit one foe put to sleep\n|\n|t:|1771147281\n|teamsize|p1|6\n|teamsize|p2|6\n|start\n|switch|p1a: Infernape|Infernape, L82, F|259/259\n|switch|p1b: Zarude|Zarude, L80|299/299\n|switch|p2a: Dragalge|Dragalge, L88, M|258/258\n|switch|p2b: Swalot|Swalot, L90, F|326/326\n|turn|1\n|inactive|Battle timer is ON: inactive players will automatically lose when time's up. (requested by baseballlover)\n|\n|t:|1771147305\n|switch|p1b: Hypno|Hypno, L95, F|315/315\n|move|p1a: Infernape|Fake Out|p2a: Dragalge\n|-damage|p2a: Dragalge|231/258\n|move|p2b: Swalot|Poison Gas|p1b: Hypno|[spread] p1a,p1b\n|-status|p1a: Infernape|psn\n|-status|p1b: Hypno|psn\n|cant|p2a: Dragalge|flinch\n|\n|-damage|p1a: Infernape|227/259 psn|[from] psn\n|-damage|p1b: Hypno|276/315 psn|[from] psn\n|upkeep\n|turn|2\n|\n|t:|1771147321\n|switch|p2b: Blastoise|Blastoise, L83, M|267/267\n|switch|p2a: Pincurchin|Pincurchin, L97, F|250/250\n|-fieldstart|move: Electric Terrain|[from] ability: Electric Surge|[of] p2a: Pincurchin\n|move|p1a: Infernape|Close Combat|p2b: Blastoise\n|-damage|p2b: Blastoise|158/267\n|-unboost|p1a: Infernape|def|1\n|-unboost|p1a: Infernape|spd|1\n|move|p1b: Hypno|Psychic|p2b: Blastoise\n|-damage|p2b: Blastoise|68/267\n|-enditem|p2b: Blastoise|Sitrus Berry|[eat]\n|-heal|p2b: Blastoise|134/267|[from] item: Sitrus Berry\n|\n|-damage|p1a: Infernape|195/259 psn|[from] psn\n|-damage|p1b: Hypno|237/315 psn|[from] psn\n|upkeep\n|turn|3\n|\n|t:|1771147346\n|switch|p1a: Zarude|Zarude, L80|299/299\n|move|p2b: Blastoise|Fake Out|p1b: Hypno\n|-crit|p1b: Hypno\n|-damage|p1b: Hypno|197/315 psn\n|move|p1b: Hypno|Knock Off|p2a: Pincurchin\n|-damage|p2a: Pincurchin|194/250\n|-enditem|p2a: Pincurchin|Sitrus Berry|[from] move: Knock Off|[of] p1b: Hypno\n|move|p2a: Pincurchin|Electroweb|p1a: Zarude|[spread] p1a,p1b\n|-resisted|p1a: Zarude\n|-damage|p1a: Zarude|262/299\n|-damage|p1b: Hypno|149/315 psn\n|-unboost|p1a: Zarude|spe|1\n|-unboost|p1b: Hypno|spe|1\n|-enditem|p1b: Hypno|Sitrus Berry|[eat]\n|-heal|p1b: Hypno|227/315 psn|[from] item: Sitrus Berry\n|\n|-damage|p1b: Hypno|188/315 psn|[from] psn\n|upkeep\n|turn|4\n|\n|t:|1771147370\n|switch|p2b: Swalot|Swalot, L90, F|326/326\n|move|p1a: Zarude|Jungle Healing|p1a: Zarude|[spread] p1a,p1b\n|-heal|p1a: Zarude|299/299\n|-heal|p1b: Hypno|267/315 psn\n|-curestatus|p1b: Hypno|psn|[msg]\n|move|p1b: Hypno|Psychic|p2b: Swalot\n|-supereffective|p2b: Swalot\n|-damage|p2b: Swalot|122/326\n|-enditem|p2b: Swalot|Mago Berry|[eat]\n|-heal|p2b: Swalot|230/326|[from] item: Mago Berry\n|move|p2a: Pincurchin|Thunderbolt|p1b: Hypno\n|-crit|p1b: Hypno\n|-damage|p1b: Hypno|93/315\n|-status|p1b: Hypno|par\n|\n|upkeep\n|turn|5\n|\n|t:|1771147393\n|switch|p1a: Infernape|Infernape, L82, F|195/259 psn\n|move|p2b: Swalot|Gunk Shot|p1a: Infernape|[miss]\n|-miss|p2b: Swalot|p1a: Infernape\n|move|p2a: Pincurchin|Thunderbolt|p1b: Hypno\n|-damage|p1b: Hypno|0 fnt\n|faint|p1b: Hypno\n|\n|-damage|p1a: Infernape|163/259 psn|[from] psn\n|upkeep\n|\n|t:|1771147406\n|switch|p1b: Reshiram|Reshiram, L72|263/263\n|-ability|p1b: Reshiram|Turboblaze\n|turn|6\n|\n|t:|1771147423\n|move|p1a: Infernape|Fake Out|p2b: Swalot\n|-damage|p2b: Swalot|202/326\n|move|p1b: Reshiram|Heat Wave|p2b: Swalot|[spread] p2a,p2b\n|-damage|p2a: Pincurchin|99/250\n|-damage|p2b: Swalot|101/326\n|-damage|p1b: Reshiram|237/263|[from] item: Life Orb\n|cant|p2b: Swalot|flinch\n|move|p2a: Pincurchin|Scald|p1a: Infernape\n|-supereffective|p1a: Infernape\n|-damage|p1a: Infernape|5/259 psn\n|\n|-damage|p1a: Infernape|0 fnt|[from] psn\n|faint|p1a: Infernape\n|-fieldend|move: Electric Terrain\n|upkeep\n|\n|t:|1771147435\n|switch|p1a: Zarude|Zarude, L80|299/299\n|turn|7\n|\n|t:|1771147449\n|move|p1a: Zarude|Power Whip|p2a: Pincurchin\n|-damage|p2a: Pincurchin|0 fnt\n|faint|p2a: Pincurchin\n|-damage|p1a: Zarude|270/299|[from] item: Life Orb\n|move|p1b: Reshiram|Heat Wave|p2b: Swalot\n|-damage|p2b: Swalot|0 fnt\n|faint|p2b: Swalot\n|-damage|p1b: Reshiram|211/263|[from] item: Life Orb\n|\n|upkeep\n|\n|t:|1771147467\n|switch|p2b: Froslass|Froslass, L88, F|266/266\n|switch|p2a: Blastoise|Blastoise, L83, M|134/267\n|turn|8\n|\n|t:|1771147484\n|-terastallize|p1a: Zarude|Poison\n|move|p2a: Blastoise|Fake Out|p1b: Reshiram\n|-damage|p1b: Reshiram|182/263\n|move|p2b: Froslass|Triple Axel|p1a: Zarude\n|-damage|p1a: Zarude|249/299\n|-damage|p1a: Zarude|213/299\n|-damage|p1a: Zarude|162/299\n|-hitcount|p1a: Zarude|3\n|move|p1a: Zarude|Knock Off|p2b: Froslass\n|-supereffective|p2b: Froslass\n|-damage|p2b: Froslass|0 fnt\n|-enditem|p2b: Froslass|Wide Lens|[from] move: Knock Off|[of] p1a: Zarude\n|faint|p2b: Froslass\n|-damage|p1a: Zarude|133/299|[from] item: Life Orb\n|cant|p1b: Reshiram|flinch\n|\n|upkeep\n|\n|t:|1771147498\n|switch|p2b: Floatzel|Floatzel, L86, F|286/286\n|turn|9\n|\n|t:|1771147517\n|move|p2b: Floatzel|Wave Crash|p1a: Zarude\n|-damage|p1a: Zarude|0 fnt\n|faint|p1a: Zarude\n|-damage|p2b: Floatzel|242/286|[from] Recoil\n|-damage|p2b: Floatzel|214/286|[from] item: Life Orb\n|move|p2a: Blastoise|Wave Crash|p1b: Reshiram\n|-damage|p1b: Reshiram|70/263\n|-damage|p2a: Blastoise|97/267|[from] Recoil\n|move|p1b: Reshiram|Tailwind|p1b: Reshiram\n|-sidestart|p1: zckan|move: Tailwind\n|\n|upkeep\n|\n|t:|1771147525\n|switch|p1a: Decidueye|Decidueye, L89, M|284/284\n|turn|10\n|\n|t:|1771147548\n|move|p1a: Decidueye|Leaf Storm|p2b: Floatzel|[miss]\n|-miss|p1a: Decidueye|p2b: Floatzel\n|move|p1b: Reshiram|Draco Meteor|p2a: Blastoise\n|-damage|p2a: Blastoise|0 fnt\n|-unboost|p1b: Reshiram|spa|2\n|faint|p2a: Blastoise\n|-damage|p1b: Reshiram|44/263|[from] item: Life Orb\n|move|p2b: Floatzel|Ice Spinner|p1a: Decidueye\n|-supereffective|p1a: Decidueye\n|-damage|p1a: Decidueye|99/284\n|-enditem|p1a: Decidueye|Sitrus Berry|[eat]\n|-heal|p1a: Decidueye|170/284|[from] item: Sitrus Berry\n|-damage|p2b: Floatzel|186/286|[from] item: Life Orb\n|\n|upkeep\n|\n|t:|1771147560\n|switch|p2a: Dragalge|Dragalge, L88, M|231/258\n|turn|11\n|\n|t:|1771147568\n|switch|p1b: Spiritomb|Spiritomb, L89, M|234/234\n|move|p2b: Floatzel|Protect|p2b: Floatzel\n|-singleturn|p2b: Floatzel|Protect\n|move|p1a: Decidueye|Leaf Storm|p2b: Floatzel\n|-activate|p2b: Floatzel|move: Protect\n|move|p2a: Dragalge|Sludge Bomb|p1a: Decidueye\n|-damage|p1a: Decidueye|11/284\n|-damage|p2a: Dragalge|206/258|[from] item: Life Orb\n|\n|upkeep\n|turn|12\n|\n|t:|1771147601\n|move|p2b: Floatzel|Aqua Jet|p1a: Decidueye\n|-resisted|p1a: Decidueye\n|-damage|p1a: Decidueye|0 fnt\n|faint|p1a: Decidueye\n|-damage|p2b: Floatzel|158/286|[from] item: Life Orb\n|move|p1b: Spiritomb|Foul Play|p2b: Floatzel\n|-damage|p2b: Floatzel|2/286\n|move|p2a: Dragalge|Sludge Bomb|p1b: Spiritomb\n|-resisted|p1b: Spiritomb\n|-damage|p1b: Spiritomb|163/234\n|-damage|p2a: Dragalge|181/258|[from] item: Life Orb\n|\n|-sideend|p1: zckan|move: Tailwind\n|upkeep\n|\n|t:|1771147605\n|switch|p1a: Reshiram|Reshiram, L72|44/263\n|-ability|p1a: Reshiram|Turboblaze\n|turn|13\n|inactive|baseballlover has 120 seconds left.\n|inactive|baseballlover has 90 seconds left.\n|\n|t:|1771147670\n|move|p2b: Floatzel|Wave Crash|p1a: Reshiram\n|-damage|p1a: Reshiram|0 fnt\n|faint|p1a: Reshiram\n|-damage|p2b: Floatzel|0 fnt|[from] Recoil\n|faint|p2b: Floatzel\n|move|p2a: Dragalge|Sludge Bomb|p1b: Spiritomb\n|-resisted|p1b: Spiritomb\n|-damage|p1b: Spiritomb|85/234\n|-enditem|p1b: Spiritomb|Sitrus Berry|[eat]\n|-heal|p1b: Spiritomb|143/234|[from] item: Sitrus Berry\n|-damage|p2a: Dragalge|156/258|[from] item: Life Orb\n|move|p1b: Spiritomb|Snarl|p2a: Dragalge|[miss]\n|-miss|p1b: Spiritomb|p2a: Dragalge\n|\n|upkeep\n|turn|14\n|\n|t:|1771147685\n|move|p2a: Dragalge|Draco Meteor|p1b: Spiritomb\n|-damage|p1b: Spiritomb|0 fnt\n|-unboost|p2a: Dragalge|spa|2\n|faint|p1b: Spiritomb\n|-damage|p2a: Dragalge|131/258|[from] item: Life Orb\n|\n|win|baseballlover\n|raw|zckan's rating: 1689 &rarr; <strong>1663</strong><br />(-26 for losing)\n|raw|baseballlover's rating: 1588 &rarr; <strong>1614</strong><br />(+26 for winning)\n", "inputlog": ">version 686819e5e19f8a7fd2345cfc5a08a5085efa2cc3\n>start {\"formatid\":\"gen9randomdoublesbattle\",\"seed\":\"sodium,155a07bf4159f9d46bdc564e8e40ceb8\",\"rated\":\"Rated battle\"}\n>player p1 {\"name\":\"zckan\",\"avatar\":\"lucas\",\"rating\":1689,\"seed\":\"sodium,0d1248a3d39a0c0b668b4b09c2d96b6c\"}\n>player p2 {\"name\":\"baseballlover\",\"avatar\":\"2\",\"rating\":1588,\"seed\":\"sodium,3f3a2221b3c2c51a0fee03acba9c0097\"}\n>p1 move fakeout +1, switch 5\n>p2 move sludgebomb +2, move poisongas\n>p1 move closecombat +2, move psychic +2\n>p2 switch 4, switch 6\n>p1 switch 5, move knockoff +1\n>p2 move electroweb, move fakeout +2\n>p1 move junglehealing, move psychic +2\n>p2 move thunderbolt +2, switch 6\n>p1 switch 5, move psychic +2\n>p2 move thunderbolt +2, move gunkshot +1\n>p1 pass, switch 6\n>p1 move fakeout +2, move heatwave\n>p2 move scald +1, move gunkshot +2\n>p1 switch 5, pass\n>p1 move powerwhip +1, move heatwave\n>p2 move electroweb, move poisongas\n>p2 switch 6, switch 3\n>p1 move knockoff +2 terastallize, move tailwind\n>p2 move fakeout +2, move tripleaxel +1\n>p2 pass, switch 5\n>p1 move powerwhip +2, move tailwind\n>p2 move wavecrash +2, move wavecrash +1\n>p1 switch 3, pass\n>p1 move leafstorm +2, move dracometeor +1\n>p2 move icywind, move icespinner +1\n>p2 switch 4, pass\n>p1 move leafstorm +2, switch 4\n>p2 move sludgebomb +1, move protect\n>p1 move leafstorm +2, move foulplay +2\n>p2 move sludgebomb +2, move aquajet +1\n>p1 switch 4, pass\n>p1 move dracometeor +1, move snarl\n>p2 move sludgebomb +2, move wavecrash +1\n>p1 pass, move snarl\n>p2 move dracometeor +2, pass", "uploadtime": 1771147685, "views": 69, "formatid": "gen9randomdoublesbattle", "rating": 1614, "private": 0, "password": null}