{"id": "gen9randomdoublesbattle-2536080141", "format": "[Gen 9] Random Doubles Battle", "players": ["Bacowl", "pejelegante"], "log": "|j|☆Bacowl\n|j|☆pejelegante\n|t:|1770652362\n|gametype|doubles\n|player|p1|Bacowl|bugcatcher-gen4dp|1761\n|player|p2|pejelegante|hugh|1855\n|gen|9\n|tier|[Gen 9] Random Doubles Battle\n|rated|\n|rule|Species Clause: Limit one of each Pokémon\n|rule|HP Percentage Mod: HP is shown in percentages\n|rule|Illusion Level Mod: Illusion disguises the Pokémon's true level\n|rule|Sleep Clause Mod: Limit one foe put to sleep\n|\n|t:|1770652362\n|teamsize|p1|6\n|teamsize|p2|6\n|start\n|switch|p1a: Whiscash|Whiscash, L88, F|337/337\n|switch|p1b: Torterra|Torterra, L81, M|287/287\n|switch|p2a: Ting-Lu|Ting-Lu, L82|388/388\n|switch|p2b: Lycanroc|Lycanroc-Midnight, L84, F|280/280\n|-ability|p2a: Ting-Lu|Vessel of Ruin\n|turn|1\n|inactive|Battle timer is ON: inactive players will automatically lose when time's up. (requested by pejelegante)\n|inactive|Bacowl also wants the timer to be on.\n|\n|t:|1770652388\n|move|p2b: Lycanroc|Knock Off|p1b: Torterra\n|-damage|p1b: Torterra|191/287\n|-enditem|p1b: Torterra|White Herb|[from] move: Knock Off|[of] p2b: Lycanroc\n|move|p1a: Whiscash|Muddy Water|p2b: Lycanroc|[spread] p2a,p2b\n|-supereffective|p2a: Ting-Lu\n|-supereffective|p2b: Lycanroc\n|-damage|p2a: Ting-Lu|286/388\n|-damage|p2b: Lycanroc|166/280\n|move|p1b: Torterra|Shell Smash|p1b: Torterra\n|-unboost|p1b: Torterra|def|1\n|-unboost|p1b: Torterra|spd|1\n|-boost|p1b: Torterra|atk|2\n|-boost|p1b: Torterra|spa|2\n|-boost|p1b: Torterra|spe|2\n|move|p2a: Ting-Lu|Throat Chop|p1b: Torterra\n|-damage|p1b: Torterra|59/287\n|-start|p1b: Torterra|Throat Chop|[silent]\n|\n|upkeep\n|turn|2\n|\n|t:|1770652411\n|move|p1b: Torterra|Protect|p1b: Torterra\n|-singleturn|p1b: Torterra|Protect\n|move|p2b: Lycanroc|Knock Off|p1b: Torterra\n|-activate|p1b: Torterra|move: Protect\n|move|p1a: Whiscash|Muddy Water|p2a: Ting-Lu|[spread] p2a,p2b\n|-supereffective|p2a: Ting-Lu\n|-supereffective|p2b: Lycanroc\n|-damage|p2a: Ting-Lu|170/388\n|-damage|p2b: Lycanroc|56/280\n|-unboost|p2a: Ting-Lu|accuracy|1\n|-enditem|p2a: Ting-Lu|Sitrus Berry|[eat]\n|-heal|p2a: Ting-Lu|267/388|[from] item: Sitrus Berry\n|move|p2a: Ting-Lu|Ruination|p1b: Torterra\n|-activate|p1b: Torterra|move: Protect\n|\n|-end|p1b: Torterra|Throat Chop|[silent]\n|upkeep\n|turn|3\n|inactive|Bacowl has 120 seconds left.\n|\n|t:|1770652445\n|move|p1b: Torterra|Wood Hammer|p2b: Lycanroc\n|-supereffective|p2b: Lycanroc\n|-damage|p2b: Lycanroc|0 fnt\n|faint|p2b: Lycanroc\n|-damage|p1b: Torterra|41/287|[from] Recoil\n|move|p1a: Whiscash|Muddy Water|p2a: Ting-Lu\n|-supereffective|p2a: Ting-Lu\n|-damage|p2a: Ting-Lu|121/388\n|move|p2a: Ting-Lu|Throat Chop|p1b: Torterra\n|-damage|p1b: Torterra|0 fnt\n|faint|p1b: Torterra\n|\n|upkeep\n|inactive|Bacowl has 120 seconds left.\n|inactive|pejelegante has 120 seconds left.\n|\n|t:|1770652480\n|switch|p2b: Kyurem|Kyurem, L77|319/319\n|switch|p1b: Froslass|Froslass, L88, F|266/266\n|-ability|p2b: Kyurem|Pressure\n|turn|4\n|\n|t:|1770652497\n|move|p1a: Whiscash|Protect|p1a: Whiscash\n|-singleturn|p1a: Whiscash|Protect\n|move|p2a: Ting-Lu|Protect|p2a: Ting-Lu\n|-singleturn|p2a: Ting-Lu|Protect\n|move|p1b: Froslass|Icy Wind|p2b: Kyurem|[spread] p2b\n|-activate|p2a: Ting-Lu|move: Protect\n|-damage|p2b: Kyurem|285/319\n|-unboost|p2b: Kyurem|spe|1\n|move|p2b: Kyurem|Glaciate|p1b: Froslass|[spread] p1b\n|-activate|p1a: Whiscash|move: Protect\n|-resisted|p1b: Froslass\n|-damage|p1b: Froslass|239/266\n|-unboost|p1b: Froslass|spe|1\n|-damage|p2b: Kyurem|254/319|[from] item: Life Orb\n|\n|upkeep\n|turn|5\n|\n|t:|1770652518\n|switch|p2a: Milotic|Milotic, L81, M|287/287\n|move|p1b: Froslass|Poltergeist|p2b: Kyurem\n|-activate|p2b: Kyurem|move: Poltergeist|Life Orb\n|-damage|p2b: Kyurem|145/319\n|move|p1a: Whiscash|Muddy Water|p2b: Kyurem|[spread] p2a,p2b\n|-resisted|p2a: Milotic\n|-resisted|p2b: Kyurem\n|-damage|p2a: Milotic|262/287\n|-damage|p2b: Kyurem|112/319\n|-unboost|p2b: Kyurem|accuracy|1\n|move|p2b: Kyurem|Glaciate|p1a: Whiscash|[spread] p1b\n|-miss|p2b: Kyurem|p1a: Whiscash\n|-resisted|p1b: Froslass\n|-damage|p1b: Froslass|200/266\n|-unboost|p1b: Froslass|spe|1\n|-start|p2b: Kyurem|Disable|Glaciate|[from] ability: Cursed Body|[of] p1b: Froslass\n|-damage|p2b: Kyurem|81/319|[from] item: Life Orb\n|\n|upkeep\n|turn|6\n|\n|t:|1770652539\n|switch|p2b: Ting-Lu|Ting-Lu, L82|121/388\n|-ability|p2b: Ting-Lu|Vessel of Ruin\n|move|p2a: Milotic|Scald|p1a: Whiscash\n|-damage|p1a: Whiscash|274/337\n|move|p1a: Whiscash|High Horsepower|p2b: Ting-Lu\n|-damage|p2b: Ting-Lu|46/388\n|move|p1b: Froslass|Poltergeist|p2a: Milotic\n|-activate|p2a: Milotic|move: Poltergeist|Sitrus Berry\n|-damage|p2a: Milotic|141/287\n|-enditem|p2a: Milotic|Sitrus Berry|[eat]\n|-heal|p2a: Milotic|212/287|[from] item: Sitrus Berry\n|\n|upkeep\n|turn|7\n|\n|t:|1770652565\n|switch|p1b: Leafeon|Leafeon, L90, F|263/263\n|move|p2a: Milotic|Scald|p1a: Whiscash\n|-damage|p1a: Whiscash|210/337\n|move|p1a: Whiscash|High Horsepower|p2b: Ting-Lu\n|-damage|p2b: Ting-Lu|0 fnt\n|faint|p2b: Ting-Lu\n|\n|upkeep\n|\n|t:|1770652575\n|switch|p2b: Kyurem|Kyurem, L77|81/319\n|-ability|p2b: Kyurem|Pressure\n|turn|8\n|\n|t:|1770652584\n|move|p1b: Leafeon|Double-Edge|p2b: Kyurem\n|-damage|p2b: Kyurem|0 fnt\n|faint|p2b: Kyurem\n|-damage|p1b: Leafeon|236/263|[from] Recoil\n|-damage|p1b: Leafeon|210/263|[from] item: Life Orb\n|move|p2a: Milotic|Icy Wind|p1a: Whiscash|[spread] p1a,p1b\n|-supereffective|p1b: Leafeon\n|-crit|p1b: Leafeon\n|-damage|p1a: Whiscash|181/337\n|-damage|p1b: Leafeon|114/263\n|-unboost|p1a: Whiscash|spe|1\n|-unboost|p1b: Leafeon|spe|1\n|move|p1a: Whiscash|High Horsepower|p2a: Milotic\n|-damage|p2a: Milotic|100/287\n|\n|upkeep\n|\n|t:|1770652596\n|switch|p2b: Salamence|Salamence, L80, M|283/283\n|-ability|p2b: Salamence|Intimidate|boost\n|-fail|p1a: Whiscash|unboost|Attack|[from] ability: Oblivious|[of] p1a: Whiscash\n|-unboost|p1b: Leafeon|atk|1\n|turn|9\n|\n|t:|1770652607\n|move|p2b: Salamence|Dual Wingbeat|p1b: Leafeon\n|-supereffective|p1b: Leafeon\n|-damage|p1b: Leafeon|18/263\n|-supereffective|p1b: Leafeon\n|-damage|p1b: Leafeon|0 fnt\n|faint|p1b: Leafeon\n|-hitcount|p1: Leafeon|2\n|-damage|p2b: Salamence|255/283|[from] item: Life Orb\n|move|p2a: Milotic|Recover|p2a: Milotic\n|-heal|p2a: Milotic|244/287\n|move|p1a: Whiscash|High Horsepower|p2a: Milotic\n|-damage|p2a: Milotic|142/287\n|\n|upkeep\n|\n|t:|1770652616\n|switch|p1b: Froslass|Froslass, L88, F|200/266\n|turn|10\n|\n|t:|1770652626\n|switch|p1a: Gumshoos|Gumshoos, L93, F|315/315\n|move|p1b: Froslass|Triple Axel|p2b: Salamence\n|-supereffective|p2b: Salamence\n|-damage|p2b: Salamence|159/283\n|-supereffective|p2b: Salamence\n|-damage|p2b: Salamence|0 fnt\n|faint|p2b: Salamence\n|-hitcount|p2: Salamence|2\n|move|p2a: Milotic|Icy Wind|p1a: Gumshoos|[spread] p1a\n|-miss|p2a: Milotic|p1b: Froslass\n|-damage|p1a: Gumshoos|280/315\n|-unboost|p1a: Gumshoos|spe|1\n|\n|upkeep\n|\n|t:|1770652635\n|switch|p2b: Jolteon|Jolteon, L85, F|249/249\n|turn|11\n|\n|t:|1770652645\n|move|p2b: Jolteon|Thunderbolt|p1a: Gumshoos\n|-damage|p1a: Gumshoos|95/315\n|-damage|p2b: Jolteon|225/249|[from] item: Life Orb\n|move|p1b: Froslass|Poltergeist|p2b: Jolteon\n|-activate|p2b: Jolteon|move: Poltergeist|Life Orb\n|-damage|p2b: Jolteon|93/249\n|move|p2a: Milotic|Scald|p1a: Gumshoos\n|-damage|p1a: Gumshoos|0 fnt\n|faint|p1a: Gumshoos\n|\n|upkeep\n|\n|t:|1770652663\n|switch|p1a: Whiscash|Whiscash, L88, F|181/337\n|turn|12\n|\n|t:|1770652671\n|move|p2b: Jolteon|Protect|p2b: Jolteon\n|-singleturn|p2b: Jolteon|Protect\n|move|p1a: Whiscash|Protect|p1a: Whiscash\n|-singleturn|p1a: Whiscash|Protect\n|move|p1b: Froslass|Poltergeist|p2b: Jolteon\n|-activate|p2b: Jolteon|move: Protect\n|move|p2a: Milotic|Icy Wind|p1b: Froslass|[spread] p1b\n|-activate|p1a: Whiscash|move: Protect\n|-resisted|p1b: Froslass\n|-damage|p1b: Froslass|184/266\n|-unboost|p1b: Froslass|spe|1\n|\n|upkeep\n|turn|13\n|\n|t:|1770652685\n|switch|p1a: Luvdisc|Luvdisc, F|248/248\n|move|p2b: Jolteon|Thunderbolt|p1b: Froslass\n|-damage|p1b: Froslass|32/266\n|-status|p1b: Froslass|par\n|-damage|p2b: Jolteon|69/249|[from] item: Life Orb\n|move|p2a: Milotic|Scald|p1b: Froslass\n|-damage|p1b: Froslass|0 fnt\n|faint|p1b: Froslass\n|\n|upkeep\n|\n|t:|1770652694\n|switch|p1b: Whiscash|Whiscash, L88, F|181/337\n|turn|14\n|\n|t:|1770652710\n|-terastallize|p1a: Luvdisc|Dragon\n|move|p2b: Jolteon|Protect|p2b: Jolteon\n|-singleturn|p2b: Jolteon|Protect\n|move|p1b: Whiscash|Protect|p1b: Whiscash\n|-singleturn|p1b: Whiscash|Protect\n|move|p1a: Luvdisc|Hydro Pump|p2b: Jolteon\n|-activate|p2b: Jolteon|move: Protect\n|move|p2a: Milotic|Recover|p2a: Milotic\n|-heal|p2a: Milotic|286/287\n|\n|upkeep\n|turn|15\n|\n|t:|1770652726\n|-terastallize|p2b: Jolteon|Fairy\n|move|p2b: Jolteon|Alluring Voice|p1a: Luvdisc\n|-supereffective|p1a: Luvdisc\n|-damage|p1a: Luvdisc|0 fnt\n|faint|p1a: Luvdisc\n|-damage|p2b: Jolteon|45/249|[from] item: Life Orb\n|move|p2a: Milotic|Icy Wind|p1b: Whiscash\n|-damage|p1b: Whiscash|135/337\n|-unboost|p1b: Whiscash|spe|1\n|-enditem|p1b: Whiscash|Sitrus Berry|[eat]\n|-heal|p1b: Whiscash|219/337|[from] item: Sitrus Berry\n|move|p1b: Whiscash|High Horsepower|p2a: Milotic\n|-damage|p2a: Milotic|184/287\n|\n|upkeep\n|turn|16\n|\n|t:|1770652736\n|move|p2b: Jolteon|Alluring Voice|p1b: Whiscash\n|-damage|p1b: Whiscash|89/337\n|-damage|p2b: Jolteon|21/249|[from] item: Life Orb\n|move|p2a: Milotic|Scald|p1b: Whiscash\n|-damage|p1b: Whiscash|0 fnt\n|faint|p1b: Whiscash\n|\n|win|pejelegante\n|raw|Bacowl's rating: 1761 &rarr; <strong>1746</strong><br />(-15 for losing)\n|raw|pejelegante's rating: 1855 &rarr; <strong>1870</strong><br />(+15 for winning)\n|l|☆Bacowl\n|player|p1|\n|c|☆pejelegante|Gg\n", "inputlog": ">version ccdc32dd7cde25fd9e4bed64820e885f66e78a4e\n>start {\"formatid\":\"gen9randomdoublesbattle\",\"seed\":\"sodium,62aff9bf26155f382f6c4fc91c4015da\",\"rated\":\"Rated battle\"}\n>player p1 {\"name\":\"Bacowl\",\"avatar\":\"bugcatcher-gen4dp\",\"rating\":1761,\"seed\":\"sodium,d9f0b89507a1d3f1ea88b824c4201dc2\"}\n>player p2 {\"name\":\"pejelegante\",\"avatar\":\"hugh\",\"rating\":1855,\"seed\":\"sodium,5a30c0b19486c192d0dc842b79e25ebf\"}\n>p1 move muddywater, move shellsmash\n>p2 move throatchop +2, move knockoff +2\n>p1 move muddywater, move protect\n>p2 move ruination +2, move knockoff +2\n>p1 move muddywater, move woodhammer +2\n>p2 move throatchop +2, move knockoff +2\n>p1 pass, switch 5\n>p2 pass, switch 6\n>p1 move protect, move icywind\n>p2 move protect, move glaciate\n>p1 move muddywater, move poltergeist +2\n>p2 switch 3, move glaciate\n>p1 move highhorsepower +2, move poltergeist +1\n>p2 move scald +1, switch 3\n>p1 move highhorsepower +2, switch 3\n>p2 move scald +1, move throatchop +2\n>p2 pass, switch 3\n>p1 move highhorsepower +1, move doubleedge +2\n>p2 move icywind, move glaciate\n>p2 pass, switch 5\n>p1 move highhorsepower +1, move leafblade +1\n>p2 move recover, move dualwingbeat +2\n>p1 pass, switch 3\n>p1 switch 6, move tripleaxel +2\n>p2 move icywind, move tailwind\n>p2 pass, switch 4\n>p1 move doubleedge +1, move poltergeist +2\n>p2 move scald +1, move thunderbolt +1\n>p1 switch 6, pass\n>p1 move protect, move poltergeist +2\n>p2 move icywind, move protect\n>p1 switch 4, move poltergeist +2\n>p2 move scald +2, move thunderbolt +2\n>p1 pass, switch 4\n>p1 move hydropump +2 terastallize, move protect\n>p2 move recover, move protect\n>p1 move hydropump +2, move highhorsepower +1\n>p2 move icywind, move alluringvoice +1 terastallize\n>p1 pass, move muddywater\n>p2 move scald +2, move alluringvoice +2", "uploadtime": 1770652741, "views": 72, "formatid": "gen9randomdoublesbattle", "rating": 1746, "private": 0, "password": null}