{"id": "gen9randomdoublesbattle-2535946603", "format": "[Gen 9] Random Doubles Battle", "players": ["sacamaninho", "LazzarinoCominazzo"], "log": "|j|☆sacamaninho\n|j|☆LazzarinoCominazzo\n|t:|1770636740\n|gametype|doubles\n|player|p1|sacamaninho|170|1652\n|player|p2|LazzarinoCominazzo|169|1687\n|gen|9\n|tier|[Gen 9] Random Doubles Battle\n|rated|\n|rule|Species Clause: Limit one of each Pokémon\n|rule|HP Percentage Mod: HP is shown in percentages\n|rule|Illusion Level Mod: Illusion disguises the Pokémon's true level\n|rule|Sleep Clause Mod: Limit one foe put to sleep\n|\n|t:|1770636740\n|teamsize|p1|6\n|teamsize|p2|6\n|start\n|switch|p1a: Chimecho|Chimecho, L94, F|293/293\n|switch|p1b: Flamigo|Flamigo, L84, M|275/275\n|switch|p2a: Cloyster|Cloyster, L87, F|229/229\n|switch|p2b: Alomomola|Alomomola, L96, F|472/472\n|turn|1\n|\n|t:|1770636763\n|move|p1b: Flamigo|U-turn|p2a: Cloyster\n|-damage|p2a: Cloyster|199/229\n|\n|t:|1770636774\n|switch|p1b: Crawdaunt|Crawdaunt, L87, F|251/251|[from] U-turn\n|move|p2b: Alomomola|Icy Wind|p1b: Crawdaunt|[spread] p1a,p1b\n|-resisted|p1b: Crawdaunt\n|-damage|p1a: Chimecho|276/293\n|-damage|p1b: Crawdaunt|237/251\n|-unboost|p1a: Chimecho|spe|1\n|-unboost|p1b: Crawdaunt|spe|1\n|move|p2a: Cloyster|Icicle Spear|p1b: Crawdaunt\n|-resisted|p1b: Crawdaunt\n|-damage|p1b: Crawdaunt|222/251\n|-resisted|p1b: Crawdaunt\n|-damage|p1b: Crawdaunt|207/251\n|-resisted|p1b: Crawdaunt\n|-damage|p1b: Crawdaunt|193/251\n|-resisted|p1b: Crawdaunt\n|-damage|p1b: Crawdaunt|179/251\n|-resisted|p1b: Crawdaunt\n|-damage|p1b: Crawdaunt|164/251\n|-hitcount|p1b: Crawdaunt|5\n|move|p1a: Chimecho|Psychic|p2a: Cloyster\n|-damage|p2a: Cloyster|21/229\n|\n|upkeep\n|turn|2\n|inactive|Battle timer is ON: inactive players will automatically lose when time's up. (requested by LazzarinoCominazzo)\n|\n|t:|1770636802\n|move|p2b: Alomomola|Scald|p1b: Crawdaunt\n|-resisted|p1b: Crawdaunt\n|-damage|p1b: Crawdaunt|122/251\n|-status|p1b: Crawdaunt|brn\n|move|p2a: Cloyster|Rock Blast|p1b: Crawdaunt\n|-damage|p1b: Crawdaunt|103/251 brn\n|-damage|p1b: Crawdaunt|82/251 brn\n|-damage|p1b: Crawdaunt|64/251 brn\n|-damage|p1b: Crawdaunt|46/251 brn\n|-damage|p1b: Crawdaunt|27/251 brn\n|-hitcount|p1b: Crawdaunt|5\n|move|p1a: Chimecho|Psychic|p2a: Cloyster\n|-damage|p2a: Cloyster|0 fnt\n|faint|p2a: Cloyster\n|move|p1b: Crawdaunt|Knock Off|p2b: Alomomola\n|-damage|p2b: Alomomola|355/472\n|-enditem|p2b: Alomomola|Sitrus Berry|[from] move: Knock Off|[of] p1b: Crawdaunt\n|\n|-damage|p1b: Crawdaunt|12/251 brn|[from] brn\n|upkeep\n|\n|t:|1770636828\n|switch|p2a: Kleavor|Kleavor, L79, F|240/240\n|turn|3\n|\n|t:|1770636837\n|move|p1a: Chimecho|Protect|p1a: Chimecho\n|-singleturn|p1a: Chimecho|Protect\n|move|p2a: Kleavor|X-Scissor|p1a: Chimecho\n|-activate|p1a: Chimecho|move: Protect\n|move|p2b: Alomomola|Icy Wind|p1a: Chimecho|[spread] p1b\n|-activate|p1a: Chimecho|move: Protect\n|-resisted|p1b: Crawdaunt\n|-damage|p1b: Crawdaunt|0 fnt\n|faint|p1b: Crawdaunt\n|\n|upkeep\n|inactive|sacamaninho has 120 seconds left.\n|\n|t:|1770636889\n|switch|p1b: Rhyperior|Rhyperior, L82, F|323/323\n|turn|4\n|inactive|sacamaninho has 120 seconds left.\n|\n|t:|1770636904\n|switch|p1a: Flamigo|Flamigo, L84, M|275/275\n|-terastallize|p1b: Rhyperior|Water\n|move|p2a: Kleavor|X-Scissor|p1a: Flamigo\n|-resisted|p1a: Flamigo\n|-damage|p1a: Flamigo|219/275\n|-damage|p2a: Kleavor|216/240|[from] item: Life Orb\n|move|p2b: Alomomola|Icy Wind|p1b: Rhyperior|[spread] p1a,p1b\n|-supereffective|p1a: Flamigo\n|-resisted|p1b: Rhyperior\n|-damage|p1a: Flamigo|173/275\n|-damage|p1b: Rhyperior|309/323\n|-unboost|p1a: Flamigo|spe|1\n|-unboost|p1b: Rhyperior|spe|1\n|move|p1b: Rhyperior|Rock Slide|p2a: Kleavor|[spread] p2b\n|-miss|p1b: Rhyperior|p2a: Kleavor\n|-damage|p2b: Alomomola|252/472\n|\n|upkeep\n|turn|5\n|c|☆sacamaninho|nice\n|inactive|sacamaninho has 120 seconds left.\n|\n|t:|1770636939\n|move|p2b: Alomomola|Wide Guard|p2b: Alomomola\n|-singleturn|p2b: Alomomola|Wide Guard\n|move|p1a: Flamigo|U-turn|p2b: Alomomola\n|-damage|p2b: Alomomola|197/472\n|\n|t:|1770636946\n|switch|p1a: Chimecho|Chimecho, L94, F|276/293|[from] U-turn\n|move|p2a: Kleavor|Stone Axe|p1a: Chimecho\n|-damage|p1a: Chimecho|127/293\n|-sidestart|p1: sacamaninho|move: Stealth Rock\n|-enditem|p1a: Chimecho|Sitrus Berry|[eat]\n|-heal|p1a: Chimecho|200/293|[from] item: Sitrus Berry\n|-damage|p2a: Kleavor|192/240|[from] item: Life Orb\n|move|p1b: Rhyperior|Rock Slide|p2b: Alomomola|[spread] \n|-activate|p2a: Kleavor|move: Wide Guard\n|-activate|p2b: Alomomola|move: Wide Guard\n|\n|upkeep\n|turn|6\n|inactive|sacamaninho has 120 seconds left.\n|\n|t:|1770636973\n|switch|p2b: Flamigo|Flamigo, L84, M|275/275\n|switch|p1b: Flamigo|Flamigo, L84, M|173/275\n|-damage|p1b: Flamigo|139/275|[from] Stealth Rock\n|move|p1a: Chimecho|Protect|p1a: Chimecho\n|-singleturn|p1a: Chimecho|Protect\n|move|p2a: Kleavor|Tailwind|p2a: Kleavor\n|-sidestart|p2: LazzarinoCominazzo|move: Tailwind\n|\n|upkeep\n|turn|7\n|inactive|sacamaninho has 120 seconds left.\n|inactive|LazzarinoCominazzo has 120 seconds left.\n|\n|t:|1770637025\n|move|p2a: Kleavor|Protect|p2a: Kleavor\n|-singleturn|p2a: Kleavor|Protect\n|move|p2b: Flamigo|Brave Bird|p1b: Flamigo\n|-supereffective|p1b: Flamigo\n|-damage|p1b: Flamigo|0 fnt\n|faint|p1b: Flamigo\n|-damage|p2b: Flamigo|229/275|[from] Recoil\n|move|p1a: Chimecho|Psychic|p2b: Flamigo\n|-supereffective|p2b: Flamigo\n|-damage|p2b: Flamigo|0 fnt\n|faint|p2b: Flamigo\n|\n|upkeep\n|inactive|LazzarinoCominazzo has 120 seconds left.\n|\n|t:|1770637045\n|switch|p1b: Mimikyu|Mimikyu, L82, M|224/224\n|switch|p2b: Emboar|Emboar, L85, M|326/326\n|-damage|p1b: Mimikyu|196/224|[from] Stealth Rock\n|turn|8\n|\n|t:|1770637059\n|-terastallize|p2b: Emboar|Electric\n|move|p1a: Chimecho|Protect|p1a: Chimecho\n|-singleturn|p1a: Chimecho|Protect\n|move|p2b: Emboar|Flare Blitz|p1b: Mimikyu\n|-activate|p1b: Mimikyu|ability: Disguise\n|-damage|p1b: Mimikyu|196/224\n|detailschange|p1b: Mimikyu|Mimikyu-Busted, L82, M\n|-damage|p1b: Mimikyu|168/224|[from] pokemon: Mimikyu-Busted\n|move|p2a: Kleavor|Stone Axe|p1b: Mimikyu\n|-damage|p1b: Mimikyu|8/224\n|-damage|p2a: Kleavor|168/240|[from] item: Life Orb\n|move|p1b: Mimikyu|Swords Dance|p1b: Mimikyu\n|-boost|p1b: Mimikyu|atk|2\n|\n|upkeep\n|turn|9\n|inactive|sacamaninho has 120 seconds left.\n|inactive|sacamaninho has 90 seconds left.\n|\n|t:|1770637111\n|move|p1b: Mimikyu|Shadow Sneak|p2b: Emboar\n|-damage|p2b: Emboar|208/326\n|-damage|p1b: Mimikyu|0 fnt|[from] item: Life Orb\n|faint|p1b: Mimikyu\n|move|p2b: Emboar|Flare Blitz|p1a: Chimecho\n|-damage|p1a: Chimecho|16/293\n|-damage|p2b: Emboar|147/326|[from] Recoil\n|move|p2a: Kleavor|X-Scissor|p1a: Chimecho\n|-supereffective|p1a: Chimecho\n|-damage|p1a: Chimecho|0 fnt\n|faint|p1a: Chimecho\n|-damage|p2a: Kleavor|144/240|[from] item: Life Orb\n|\n|-sideend|p2: LazzarinoCominazzo|move: Tailwind\n|upkeep\n|\n|t:|1770637124\n|switch|p1b: Iron Jugulis|Iron Jugulis, L79|278/278\n|switch|p1a: Rhyperior|Rhyperior, L82, F, tera:Water|309/323\n|-damage|p1b: Iron Jugulis|209/278|[from] Stealth Rock\n|-damage|p1a: Rhyperior|269/323|[from] Stealth Rock\n|-enditem|p1b: Iron Jugulis|Booster Energy\n|-activate|p1b: Iron Jugulis|ability: Quark Drive|[fromitem]\n|-start|p1b: Iron Jugulis|quarkdrivespa\n|turn|10\n|inactive|sacamaninho has 90 seconds left.\n|inactive|sacamaninho has 60 seconds left.\n|\n|t:|1770637174\n|move|p1b: Iron Jugulis|Protect|p1b: Iron Jugulis\n|-singleturn|p1b: Iron Jugulis|Protect\n|move|p2b: Emboar|Flare Blitz|p1b: Iron Jugulis\n|-activate|p1b: Iron Jugulis|move: Protect\n|move|p2a: Kleavor|Tailwind|p2a: Kleavor\n|-sidestart|p2: LazzarinoCominazzo|move: Tailwind\n|move|p1a: Rhyperior|Rock Slide|p2a: Kleavor|[spread] p2a,p2b\n|-supereffective|p2a: Kleavor\n|-damage|p2a: Kleavor|0 fnt\n|-damage|p2b: Emboar|14/326\n|faint|p2a: Kleavor\n|\n|upkeep\n|\n|t:|1770637187\n|switch|p2a: Alomomola|Alomomola, L96, F|354/472\n|turn|11\n|\n|t:|1770637203\n|move|p2b: Emboar|Flare Blitz|p1b: Iron Jugulis\n|-damage|p1b: Iron Jugulis|4/278\n|-damage|p2b: Emboar|0 fnt|[from] Recoil\n|faint|p2b: Emboar\n|move|p2a: Alomomola|Icy Wind|p1a: Rhyperior|[spread] p1a,p1b\n|-resisted|p1a: Rhyperior\n|-supereffective|p1b: Iron Jugulis\n|-damage|p1a: Rhyperior|253/323\n|-damage|p1b: Iron Jugulis|0 fnt\n|-unboost|p1a: Rhyperior|spe|1\n|faint|p1b: Iron Jugulis\n|-end|p1b: Iron Jugulis|Quark Drive|[silent]\n|move|p1a: Rhyperior|Rock Slide|p2a: Alomomola\n|-damage|p2a: Alomomola|215/472\n|\n|upkeep\n|\n|t:|1770637217\n|switch|p2b: Calyrex|Calyrex-Ice, L65|238/238\n|-ability|p2b: Calyrex|As One\n|-ability|p2b: Calyrex|Unnerve\n|turn|12\n|\n|t:|1770637229\n|move|p2a: Alomomola|Wide Guard|p2a: Alomomola\n|-singleturn|p2a: Alomomola|Wide Guard\n|move|p2b: Calyrex|High Horsepower|p1a: Rhyperior\n|-damage|p1a: Rhyperior|206/323\n|move|p1a: Rhyperior|Rock Slide|p2b: Calyrex|[spread] \n|-activate|p2a: Alomomola|move: Wide Guard\n|-activate|p2b: Calyrex|move: Wide Guard\n|\n|upkeep\n|turn|13\n|inactive|sacamaninho has 120 seconds left.\n|\n|t:|1770637243\n|move|p2b: Calyrex|Protect|p2b: Calyrex\n|-singleturn|p2b: Calyrex|Protect\n|move|p2a: Alomomola|Scald|p1a: Rhyperior\n|-resisted|p1a: Rhyperior\n|-damage|p1a: Rhyperior|164/323\n|move|p1a: Rhyperior|Rock Slide|p2b: Calyrex|[spread] p2a\n|-activate|p2b: Calyrex|move: Protect\n|-damage|p2a: Alomomola|107/472\n|\n|-sideend|p2: LazzarinoCominazzo|move: Tailwind\n|upkeep\n|turn|14\n|\n|t:|1770637262\n|move|p2a: Alomomola|Wide Guard|p2a: Alomomola\n|-singleturn|p2a: Alomomola|Wide Guard\n|move|p1a: Rhyperior|Rock Slide|p2a: Alomomola|[spread] \n|-activate|p2a: Alomomola|move: Wide Guard\n|-activate|p2b: Calyrex|move: Wide Guard\n|move|p2b: Calyrex|High Horsepower|p1a: Rhyperior\n|-damage|p1a: Rhyperior|112/323\n|\n|upkeep\n|turn|15\n|\n|t:|1770637276\n|move|p2a: Alomomola|Scald|p1a: Rhyperior\n|-resisted|p1a: Rhyperior\n|-damage|p1a: Rhyperior|67/323\n|move|p1a: Rhyperior|Rock Slide|p2a: Alomomola|[spread] p2a,p2b\n|-supereffective|p2b: Calyrex\n|-damage|p2a: Alomomola|10/472\n|-damage|p2b: Calyrex|58/238\n|-enditem|p2b: Calyrex|Weakness Policy\n|-boost|p2b: Calyrex|atk|2|[from] item: Weakness Policy\n|-boost|p2b: Calyrex|spa|2|[from] item: Weakness Policy\n|cant|p2b: Calyrex|flinch\n|\n|upkeep\n|turn|16\n|\n|t:|1770637293\n|move|p2a: Alomomola|Wide Guard|p2a: Alomomola\n|-singleturn|p2a: Alomomola|Wide Guard\n|move|p1a: Rhyperior|Rock Slide|p2a: Alomomola|[spread] \n|-activate|p2a: Alomomola|move: Wide Guard\n|-activate|p2b: Calyrex|move: Wide Guard\n|move|p2b: Calyrex|High Horsepower|p1a: Rhyperior\n|-damage|p1a: Rhyperior|0 fnt\n|faint|p1a: Rhyperior\n|\n|win|LazzarinoCominazzo\n|raw|sacamaninho's rating: 1652 &rarr; <strong>1634</strong><br />(-18 for losing)\n|raw|LazzarinoCominazzo's rating: 1687 &rarr; <strong>1705</strong><br />(+18 for winning)\n|l|☆sacamaninho\n|player|p1|\n", "inputlog": ">version ccdc32dd7cde25fd9e4bed64820e885f66e78a4e\n>start {\"formatid\":\"gen9randomdoublesbattle\",\"seed\":\"sodium,0c07a45e6643846a388c072cf968cc24\",\"rated\":\"Rated battle\"}\n>player p1 {\"name\":\"sacamaninho\",\"avatar\":\"170\",\"rating\":1652,\"seed\":\"sodium,6889e0f4232907016441421a82d4e396\"}\n>player p2 {\"name\":\"LazzarinoCominazzo\",\"avatar\":\"169\",\"rating\":1687,\"seed\":\"sodium,66f0b5fc3829c3212862d21c70bf386b\"}\n>p1 move psychic +1, move uturn +1\n>p2 move iciclespear +2, move icywind\n>p1 pass, switch 5\n>p1 move psychic +1, move knockoff +2\n>p2 move rockblast +2, move scald +2\n>p2 switch 5, pass\n>p1 move protect, move knockoff +1\n>p2 move xscissor +1, move icywind\n>p1 pass, switch 4\n>p1 switch 5, move rockslide terastallize\n>p2 move xscissor +1, move icywind\n>chat ☆sacamaninho|nice\n>p1 move uturn +2, move rockslide\n>p2 move stoneaxe +1, move wideguard\n>p1 switch 5, pass\n>p1 move protect, switch 5\n>p2 move tailwind, switch 3\n>p1 move psychic +2, move bravebird +2\n>p2 move protect, move bravebird +2\n>p1 pass, switch 6\n>p2 pass, switch 6\n>p1 move protect, move swordsdance\n>p2 move stoneaxe +2, move flareblitz +2 terastallize\n>p1 move icywind, move shadowsneak +2\n>p2 move xscissor +1, move flareblitz +2\n>p1 switch 5, switch 3\n>p1 move rockslide, move protect\n>p2 move tailwind, move flareblitz +2\n>p2 switch 3, pass\n>p1 move rockslide, move hurricane +1\n>p2 move icywind, move flareblitz +2\n>p2 pass, switch 4\n>p1 move rockslide, pass\n>p2 move wideguard, move highhorsepower +1\n>p1 move rockslide, pass\n>p2 move scald +1, move protect\n>p1 move rockslide, pass\n>p2 move wideguard, move highhorsepower +1\n>p1 move rockslide, pass\n>p2 move scald +1, move highhorsepower +1\n>p1 move rockslide, pass\n>p2 move wideguard, move highhorsepower +1", "uploadtime": 1770637304, "views": 79, "formatid": "gen9randomdoublesbattle", "rating": 1634, "private": 0, "password": null}