{"id": "gen9randomdoublesbattle-2539867851", "format": "[Gen 9] Random Doubles Battle", "players": ["baseballlover", "aojo"], "log": "|j|☆baseballlover\n|j|☆aojo\n|t:|1771119804\n|gametype|doubles\n|player|p1|baseballlover|2|1595\n|player|p2|aojo|psychic|1659\n|gen|9\n|tier|[Gen 9] Random Doubles Battle\n|rated|\n|rule|Species Clause: Limit one of each Pokémon\n|rule|HP Percentage Mod: HP is shown in percentages\n|rule|Illusion Level Mod: Illusion disguises the Pokémon's true level\n|rule|Sleep Clause Mod: Limit one foe put to sleep\n|\n|t:|1771119804\n|teamsize|p1|6\n|teamsize|p2|6\n|start\n|switch|p1a: Flutter Mane|Flutter Mane, L73|201/201\n|switch|p1b: Scovillain|Scovillain, L90, F|263/263\n|switch|p2a: Quagsire|Quagsire, L91, F|321/321\n|switch|p2b: Altaria|Altaria, L91, F|284/284\n|turn|1\n|inactive|Battle timer is ON: inactive players will automatically lose when time's up. (requested by baseballlover)\n|\n|t:|1771119832\n|switch|p2b: Wyrdeer|Wyrdeer, L85, F|314/314\n|-ability|p2b: Wyrdeer|Intimidate|boost\n|-unboost|p1a: Flutter Mane|atk|1\n|-unboost|p1b: Scovillain|atk|1\n|switch|p2a: Cinderace|Cinderace, L82, M|265/265\n|move|p1a: Flutter Mane|Moonblast|p2b: Wyrdeer\n|-damage|p2b: Wyrdeer|174/314\n|-unboost|p2b: Wyrdeer|spa|1\n|-damage|p1a: Flutter Mane|181/201|[from] item: Life Orb\n|move|p1b: Scovillain|Energy Ball|p2a: Cinderace\n|-resisted|p2a: Cinderace\n|-damage|p2a: Cinderace|196/265\n|\n|upkeep\n|turn|2\n|\n|t:|1771119855\n|-end|p1a: Flutter Mane|Protosynthesis|[silent]\n|switch|p1a: Ariados|Ariados, M|302/302\n|switch|p2b: Altaria|Altaria, L91, F|284/284\n|move|p2a: Cinderace|Pyro Ball|p1a: Ariados|[miss]\n|-miss|p2a: Cinderace|p1a: Ariados\n|move|p1b: Scovillain|Fire Blast|p2b: Altaria\n|-resisted|p2b: Altaria\n|-damage|p2b: Altaria|224/284\n|\n|upkeep\n|turn|3\n|\n|t:|1771119879\n|move|p1b: Scovillain|Rage Powder|p1b: Scovillain\n|-singleturn|p1b: Scovillain|move: Rage Powder\n|move|p2a: Cinderace|Gunk Shot|p1b: Scovillain|[miss]\n|-miss|p2a: Cinderace|p1b: Scovillain\n|move|p2b: Altaria|Tailwind|p2b: Altaria\n|-sidestart|p2: aojo|move: Tailwind\n|move|p1a: Ariados|Sticky Web|p2a: Cinderace\n|-sidestart|p2: aojo|move: Sticky Web\n|\n|upkeep\n|turn|4\n|\n|t:|1771119890\n|move|p1b: Scovillain|Protect|p1b: Scovillain\n|-singleturn|p1b: Scovillain|Protect\n|move|p1a: Ariados|Protect|p1a: Ariados\n|-singleturn|p1a: Ariados|Protect\n|move|p2a: Cinderace|Gunk Shot|p1b: Scovillain\n|-activate|p1b: Scovillain|move: Protect\n|move|p2b: Altaria|Brave Bird|p1a: Ariados\n|-activate|p1a: Ariados|move: Protect\n|\n|upkeep\n|turn|5\n|inactive|aojo has 120 seconds left.\n|\n|t:|1771119921\n|switch|p1b: Flutter Mane|Flutter Mane, L73|181/201\n|move|p1a: Ariados|Rage Powder|p1a: Ariados\n|-singleturn|p1a: Ariados|move: Rage Powder\n|move|p2a: Cinderace|Pyro Ball|p1a: Ariados\n|-supereffective|p1a: Ariados\n|-damage|p1a: Ariados|0 fnt\n|faint|p1a: Ariados\n|-damage|p2a: Cinderace|170/265|[from] item: Life Orb\n|move|p2b: Altaria|Brave Bird|p1b: Flutter Mane\n|-damage|p1b: Flutter Mane|12/201\n|-damage|p2b: Altaria|168/284|[from] Recoil\n|\n|upkeep\n|\n|t:|1771119928\n|switch|p1a: Drednaw|Drednaw, L83, M|285/285\n|turn|6\n|\n|t:|1771119949\n|move|p1b: Flutter Mane|Protect|p1b: Flutter Mane\n|-singleturn|p1b: Flutter Mane|Protect\n|move|p2a: Cinderace|High Jump Kick|p1a: Drednaw\n|-supereffective|p1a: Drednaw\n|-damage|p1a: Drednaw|20/285\n|-damage|p2a: Cinderace|144/265|[from] item: Life Orb\n|move|p2b: Altaria|Brave Bird|p1b: Flutter Mane\n|-activate|p1b: Flutter Mane|move: Protect\n|move|p1a: Drednaw|Shell Smash|p1a: Drednaw\n|-unboost|p1a: Drednaw|def|1\n|-unboost|p1a: Drednaw|spd|1\n|-boost|p1a: Drednaw|atk|2\n|-boost|p1a: Drednaw|spa|2\n|-boost|p1a: Drednaw|spe|2\n|-enditem|p1a: Drednaw|White Herb\n|-clearnegativeboost|p1a: Drednaw|[silent]\n|\n|-sideend|p2: aojo|move: Tailwind\n|upkeep\n|turn|7\n|\n|t:|1771119967\n|-terastallize|p2b: Altaria|Steel\n|move|p2a: Cinderace|Protect|p2a: Cinderace\n|-singleturn|p2a: Cinderace|Protect\n|move|p1a: Drednaw|Rock Slide|p2b: Altaria|[spread] p2b\n|-activate|p2a: Cinderace|move: Protect\n|-resisted|p2b: Altaria\n|-damage|p2b: Altaria|112/284\n|-enditem|p2b: Altaria|Sitrus Berry|[eat]\n|-heal|p2b: Altaria|183/284|[from] item: Sitrus Berry\n|move|p1b: Flutter Mane|Dazzling Gleam|p2b: Altaria|[spread] p2b\n|-activate|p2a: Cinderace|move: Protect\n|-resisted|p2b: Altaria\n|-damage|p2b: Altaria|149/284\n|-damage|p1b: Flutter Mane|0 fnt|[from] item: Life Orb\n|faint|p1b: Flutter Mane\n|-end|p1b: Flutter Mane|Protosynthesis|[silent]\n|cant|p2b: Altaria|flinch\n|\n|upkeep\n|inactive|baseballlover has 120 seconds left.\n|\n|t:|1771119999\n|switch|p1b: Slowking|Slowking-Galar, L86, F|304/304\n|turn|8\n|\n|t:|1771120012\n|move|p1a: Drednaw|Rock Slide|p2a: Cinderace|[spread] p2a\n|-miss|p1a: Drednaw|p2b: Altaria\n|-supereffective|p2a: Cinderace\n|-damage|p2a: Cinderace|0 fnt\n|faint|p2a: Cinderace\n|move|p2b: Altaria|Tailwind|p2b: Altaria\n|-sidestart|p2: aojo|move: Tailwind\n|move|p1b: Slowking|Fire Blast|p2b: Altaria\n|-supereffective|p2b: Altaria\n|-damage|p2b: Altaria|0 fnt\n|faint|p2b: Altaria\n|-damage|p1b: Slowking|274/304|[from] item: Life Orb\n|\n|upkeep\n|\n|t:|1771120024\n|switch|p2a: Quagsire|Quagsire, L91, F|321/321\n|switch|p2b: Wyrdeer|Wyrdeer, L85, F|174/314\n|-activate|p2b: Wyrdeer|move: Sticky Web\n|-unboost|p2b: Wyrdeer|spe|1\n|-ability|p2b: Wyrdeer|Intimidate|boost\n|-unboost|p1a: Drednaw|atk|1\n|-unboost|p1b: Slowking|atk|1\n|-activate|p2a: Quagsire|move: Sticky Web\n|-unboost|p2a: Quagsire|spe|1\n|turn|9\n|\n|t:|1771120047\n|move|p1a: Drednaw|Liquidation|p2b: Wyrdeer\n|-crit|p2b: Wyrdeer\n|-damage|p2b: Wyrdeer|0 fnt\n|faint|p2b: Wyrdeer\n|move|p2a: Quagsire|High Horsepower|p1a: Drednaw\n|-supereffective|p1a: Drednaw\n|-damage|p1a: Drednaw|0 fnt\n|faint|p1a: Drednaw\n|move|p1b: Slowking|Psychic|p2a: Quagsire\n|-damage|p2a: Quagsire|148/321\n|-enditem|p2a: Quagsire|Sitrus Berry|[eat]\n|-heal|p2a: Quagsire|228/321|[from] item: Sitrus Berry\n|-damage|p1b: Slowking|244/304|[from] item: Life Orb\n|\n|upkeep\n|\n|t:|1771120059\n|switch|p1a: Scovillain|Scovillain, L90, F|263/263\n|switch|p2b: Snorlax|Snorlax, L84, F|406/406\n|-activate|p2b: Snorlax|move: Sticky Web\n|-unboost|p2b: Snorlax|spe|1\n|turn|10\n|\n|t:|1771120073\n|switch|p2a: Tsareena|Tsareena, L85, F|261/261\n|-activate|p2a: Tsareena|move: Sticky Web\n|-unboost|p2a: Tsareena|spe|1\n|move|p1a: Scovillain|Energy Ball|p2a: Tsareena\n|-resisted|p2a: Tsareena\n|-damage|p2a: Tsareena|222/261\n|move|p2b: Snorlax|High Horsepower|p1b: Slowking\n|-supereffective|p1b: Slowking\n|-damage|p1b: Slowking|78/304\n|move|p1b: Slowking|Sludge Bomb|p2b: Snorlax\n|-damage|p2b: Snorlax|280/406\n|-damage|p1b: Slowking|48/304|[from] item: Life Orb\n|\n|upkeep\n|turn|11\n|\n|t:|1771120087\n|switch|p1b: Oricorio|Oricorio-Sensu, L87, M|272/272\n|move|p1a: Scovillain|Protect|p1a: Scovillain\n|-singleturn|p1a: Scovillain|Protect\n|move|p2a: Tsareena|Knock Off|p1a: Scovillain\n|-activate|p1a: Scovillain|move: Protect\n|move|p2b: Snorlax|High Horsepower|p1b: Oricorio\n|-immune|p1b: Oricorio\n|\n|-sideend|p2: aojo|move: Tailwind\n|upkeep\n|turn|12\n|\n|t:|1771120103\n|-terastallize|p1b: Oricorio|Fighting\n|move|p1b: Oricorio|Revelation Dance|p2b: Snorlax\n|-supereffective|p2b: Snorlax\n|-damage|p2b: Snorlax|116/406\n|-enditem|p2b: Snorlax|Wiki Berry|[eat]\n|-heal|p2b: Snorlax|251/406|[from] item: Wiki Berry\n|move|p1a: Scovillain|Fire Blast|p2a: Tsareena\n|-supereffective|p2a: Tsareena\n|-crit|p2a: Tsareena\n|-damage|p2a: Tsareena|0 fnt\n|faint|p2a: Tsareena\n|move|p2b: Snorlax|Body Slam|p1b: Oricorio\n|-damage|p1b: Oricorio|155/272\n|\n|upkeep\n|\n|t:|1771120116\n|switch|p2a: Quagsire|Quagsire, L91, F|228/321\n|-activate|p2a: Quagsire|move: Sticky Web\n|-unboost|p2a: Quagsire|spe|1\n|turn|13\n|\n|t:|1771120121\n|move|p1b: Oricorio|Revelation Dance|p2b: Snorlax\n|-supereffective|p2b: Snorlax\n|-damage|p2b: Snorlax|65/406\n|move|p1a: Scovillain|Energy Ball|p2a: Quagsire\n|-supereffective|p2a: Quagsire\n|-damage|p2a: Quagsire|0 fnt\n|faint|p2a: Quagsire\n|move|p2b: Snorlax|Body Slam|p1a: Scovillain\n|-damage|p1a: Scovillain|151/263\n|\n|upkeep\n|turn|14\n|\n|t:|1771120132\n|move|p1b: Oricorio|Revelation Dance|p2b: Snorlax\n|-supereffective|p2b: Snorlax\n|-damage|p2b: Snorlax|0 fnt\n|faint|p2b: Snorlax\n|\n|win|baseballlover\n|raw|baseballlover's rating: 1595 &rarr; <strong>1619</strong><br />(+24 for winning)\n|raw|aojo's rating: 1659 &rarr; <strong>1635</strong><br />(-24 for losing)\n", "inputlog": ">version ccdc32dd7cde25fd9e4bed64820e885f66e78a4e\n>start {\"formatid\":\"gen9randomdoublesbattle\",\"seed\":\"sodium,d25c5ad2c0f1629f288d3e4a5b0dadf1\",\"rated\":\"Rated battle\"}\n>player p1 {\"name\":\"baseballlover\",\"avatar\":\"2\",\"rating\":1595,\"seed\":\"sodium,981292a23b5a57b4db7abd6ef8cb26c1\"}\n>player p2 {\"name\":\"aojo\",\"avatar\":\"psychic\",\"rating\":1659,\"seed\":\"sodium,012b772a50e31d197a3fe5c500d6eadc\"}\n>p1 move moonblast +2, move energyball +1\n>p2 switch 3, switch 6\n>p1 switch 3, move fireblast +2\n>p2 move pyroball +1, switch 6\n>p1 move stickyweb, move ragepowder\n>p2 move gunkshot +2, move tailwind\n>p1 move protect, move protect\n>p2 move gunkshot +2, move bravebird +1\n>p1 move ragepowder, switch 3\n>p2 move pyroball +1, move bravebird +2\n>p1 switch 6, pass\n>p1 move shellsmash, move protect\n>p2 move highjumpkick +1, move bravebird +2\n>p1 move rockslide, move dazzlinggleam\n>p2 move protect, move tailwind terastallize\n>p1 pass, switch 5\n>p1 move rockslide, move fireblast +2\n>p2 move pyroball +2, move tailwind\n>p2 switch 3, switch 6\n>p1 move liquidation +2, move psychic +1\n>p2 move highhorsepower +1, move earthpower +2\n>p1 switch 3, pass\n>p2 pass, switch 5\n>p1 move energyball +1, move sludgebomb +2\n>p2 switch 4, move highhorsepower +2\n>p1 move protect, switch 4\n>p2 move knockoff +1, move highhorsepower +2\n>p1 move fireblast +1, move revelationdance +2 terastallize\n>p2 move knockoff +1, move bodyslam +2\n>p2 switch 4, pass\n>p1 move energyball +1, move revelationdance +2\n>p2 move icywind, move bodyslam +1\n>p1 move energyball +2, move revelationdance +2\n>p2 pass, move highhorsepower +1", "uploadtime": 1771120133, "views": 68, "formatid": "gen9randomdoublesbattle", "rating": 1619, "private": 0, "password": null}