{"id": "gen9randomdoublesbattle-2536075212", "format": "[Gen 9] Random Doubles Battle", "players": ["ChewyJr05", "wldavy"], "log": "|j|☆ChewyJr05\n|j|☆wldavy\n|t:|1770651891\n|gametype|doubles\n|player|p1|ChewyJr05|hilbert-wonderlauncher|1595\n|player|p2|wldavy|265|1613\n|gen|9\n|tier|[Gen 9] Random Doubles Battle\n|rated|\n|rule|Species Clause: Limit one of each Pokémon\n|rule|HP Percentage Mod: HP is shown in percentages\n|rule|Illusion Level Mod: Illusion disguises the Pokémon's true level\n|rule|Sleep Clause Mod: Limit one foe put to sleep\n|\n|t:|1770651891\n|teamsize|p1|6\n|teamsize|p2|6\n|start\n|switch|p1a: Blissey|Blissey, L96, F|645/645\n|switch|p1b: Morpeko|Morpeko, L88, F|245/245\n|switch|p2a: Drifblim|Drifblim, L85, F|394/394\n|switch|p2b: Sceptile|Sceptile, L88, M|266/266\n|turn|1\n|inactive|Battle timer is ON: inactive players will automatically lose when time's up. (requested by ChewyJr05)\n|\n|t:|1770651921\n|switch|p2a: Sandaconda|Sandaconda, L88, F|270/270\n|move|p1a: Blissey|Helping Hand|p1b: Morpeko\n|-singleturn|p1b: Morpeko|Helping Hand|[of] p1a: Blissey\n|move|p2b: Sceptile|Breaking Swipe|p1a: Blissey|[spread] p1a,p1b\n|-damage|p1a: Blissey|559/645\n|-damage|p1b: Morpeko|207/245\n|-unboost|p1a: Blissey|atk|1\n|-unboost|p1b: Morpeko|atk|1\n|move|p1b: Morpeko|Aura Wheel|p2a: Sandaconda\n|-immune|p2a: Sandaconda\n|\n|-formechange|p1b: Morpeko|Morpeko-Hangry||[from] ability: Hunger Switch\n|upkeep\n|turn|2\n|\n|t:|1770651949\n|move|p2b: Sceptile|Focus Blast|p1b: Morpeko\n|-supereffective|p1b: Morpeko\n|-damage|p1b: Morpeko|0 fnt\n|faint|p1b: Morpeko\n|move|p2a: Sandaconda|Coil|p2a: Sandaconda\n|-boost|p2a: Sandaconda|atk|1\n|-boost|p2a: Sandaconda|def|1\n|-boost|p2a: Sandaconda|accuracy|1\n|move|p1a: Blissey|Thunder Wave|p2b: Sceptile\n|-status|p2b: Sceptile|par\n|\n|upkeep\n|inactive|ChewyJr05 has 120 seconds left.\n|\n|t:|1770651973\n|switch|p1b: Toxapex|Toxapex, L92, F|241/241\n|turn|3\n|\n|t:|1770651985\n|move|p2a: Sandaconda|High Horsepower|p1b: Toxapex\n|-supereffective|p1b: Toxapex\n|-damage|p1b: Toxapex|37/241\n|move|p1a: Blissey|Hyper Voice|p2b: Sceptile|[spread] p2a,p2b\n|-damage|p2a: Sandaconda|176/270\n|-damage|p2b: Sceptile|191/266 par\n|move|p2b: Sceptile|Breaking Swipe|p1b: Toxapex|[spread] p1a,p1b\n|-damage|p1a: Blissey|481/645\n|-damage|p1b: Toxapex|19/241\n|-unboost|p1a: Blissey|atk|1\n|-unboost|p1b: Toxapex|atk|1\n|move|p1b: Toxapex|Toxic|p2a: Sandaconda\n|-status|p2a: Sandaconda|tox\n|\n|-heal|p2a: Sandaconda|192/270 tox|[from] item: Leftovers\n|-heal|p1b: Toxapex|34/241|[from] item: Leftovers\n|-damage|p2a: Sandaconda|176/270 tox|[from] psn\n|upkeep\n|turn|4\n|\n|t:|1770652001\n|move|p1b: Toxapex|Baneful Bunker|p1b: Toxapex\n|-singleturn|p1b: Toxapex|move: Protect\n|move|p2a: Sandaconda|Stone Edge|p1a: Blissey\n|-damage|p1a: Blissey|165/645\n|-enditem|p1a: Blissey|Sitrus Berry|[eat]\n|-heal|p1a: Blissey|326/645|[from] item: Sitrus Berry\n|move|p1a: Blissey|Life Dew|p1a: Blissey|[spread] p1a,p1b\n|-heal|p1a: Blissey|487/645\n|-heal|p1b: Toxapex|94/241\n|cant|p2b: Sceptile|par\n|\n|-heal|p2a: Sandaconda|192/270 tox|[from] item: Leftovers\n|-heal|p1b: Toxapex|109/241|[from] item: Leftovers\n|-damage|p2a: Sandaconda|160/270 tox|[from] psn\n|upkeep\n|turn|5\n|inactive|ChewyJr05 has 120 seconds left.\n|\n|t:|1770652033\n|switch|p1b: Dachsbun|Dachsbun, L90, F|249/249\n|move|p2a: Sandaconda|High Horsepower|p1b: Dachsbun\n|-damage|p1b: Dachsbun|105/249\n|-enditem|p1b: Dachsbun|Sitrus Berry|[eat]\n|-heal|p1b: Dachsbun|167/249|[from] item: Sitrus Berry\n|move|p1a: Blissey|Hyper Voice|p2b: Sceptile|[spread] p2a,p2b\n|-damage|p2a: Sandaconda|79/270 tox\n|-damage|p2b: Sceptile|110/266 par\n|move|p2b: Sceptile|Leaf Storm|p1b: Dachsbun\n|-damage|p1b: Dachsbun|17/249\n|-unboost|p2b: Sceptile|spa|2\n|-enditem|p2b: Sceptile|White Herb\n|-clearnegativeboost|p2b: Sceptile|[silent]\n|\n|-heal|p2a: Sandaconda|95/270 tox|[from] item: Leftovers\n|-damage|p2a: Sandaconda|47/270 tox|[from] psn\n|upkeep\n|turn|6\n|\n|t:|1770652056\n|move|p1b: Dachsbun|Helping Hand|p1a: Blissey\n|-singleturn|p1a: Blissey|Helping Hand|[of] p1b: Dachsbun\n|cant|p2b: Sceptile|par\n|move|p2a: Sandaconda|Rest|p2a: Sandaconda\n|-status|p2a: Sandaconda|slp|[from] move: Rest\n|-heal|p2a: Sandaconda|270/270 slp|[silent]\n|move|p1a: Blissey|Hyper Voice|p2b: Sceptile|[spread] p2a,p2b\n|-damage|p2a: Sandaconda|141/270 slp\n|-damage|p2b: Sceptile|0 fnt\n|faint|p2b: Sceptile\n|\n|-heal|p2a: Sandaconda|157/270 slp|[from] item: Leftovers\n|upkeep\n|inactive|wldavy has 120 seconds left.\n|\n|t:|1770652082\n|switch|p2b: Drifblim|Drifblim, L85, F|394/394\n|turn|7\n|inactive|wldavy has 120 seconds left.\n|\n|t:|1770652102\n|move|p1b: Dachsbun|Play Rough|p2a: Sandaconda\n|-damage|p2a: Sandaconda|115/270 slp\n|move|p2b: Drifblim|Shadow Ball|p1b: Dachsbun\n|-damage|p1b: Dachsbun|0 fnt\n|faint|p1b: Dachsbun\n|cant|p2a: Sandaconda|slp\n|move|p1a: Blissey|Thunder Wave|p2b: Drifblim\n|-status|p2b: Drifblim|par\n|\n|-heal|p2a: Sandaconda|131/270 slp|[from] item: Leftovers\n|upkeep\n|\n|t:|1770652121\n|switch|p1b: Toxapex|Toxapex, L92, F|189/241\n|turn|8\n|\n|t:|1770652144\n|cant|p2a: Sandaconda|slp\n|move|p1a: Blissey|Hyper Voice|p2a: Sandaconda|[spread] p2a\n|-immune|p2b: Drifblim\n|-damage|p2a: Sandaconda|49/270 slp\n|move|p1b: Toxapex|Infestation|p2a: Sandaconda\n|-damage|p2a: Sandaconda|34/270 slp\n|-activate|p2a: Sandaconda|move: Infestation|[of] p1b: Toxapex\n|move|p2b: Drifblim|Will-O-Wisp|p1b: Toxapex\n|-status|p1b: Toxapex|brn\n|\n|-heal|p2a: Sandaconda|50/270 slp|[from] item: Leftovers\n|-heal|p1b: Toxapex|204/241 brn|[from] item: Leftovers\n|-damage|p1b: Toxapex|189/241 brn|[from] brn\n|-damage|p2a: Sandaconda|17/270 slp|[from] move: Infestation|[partiallytrapped]\n|upkeep\n|turn|9\n|\n|t:|1770652166\n|-curestatus|p2a: Sandaconda|slp|[msg]\n|move|p2a: Sandaconda|Rest|p2a: Sandaconda\n|-status|p2a: Sandaconda|slp|[from] move: Rest\n|-heal|p2a: Sandaconda|270/270 slp|[silent]\n|move|p1a: Blissey|Hyper Voice|p2a: Sandaconda|[spread] p2a\n|-immune|p2b: Drifblim\n|-damage|p2a: Sandaconda|189/270 slp\n|move|p1b: Toxapex|Infestation|p2b: Drifblim\n|-resisted|p2b: Drifblim\n|-damage|p2b: Drifblim|390/394 par\n|-activate|p2b: Drifblim|move: Infestation|[of] p1b: Toxapex\n|move|p2b: Drifblim|Will-O-Wisp|p1a: Blissey\n|-status|p1a: Blissey|brn\n|\n|-heal|p2a: Sandaconda|205/270 slp|[from] item: Leftovers\n|-activate|p1a: Blissey|ability: Healer\n|-curestatus|p1b: Toxapex|brn|[msg]\n|-heal|p1b: Toxapex|204/241|[from] item: Leftovers\n|-damage|p1a: Blissey|447/645 brn|[from] brn\n|-damage|p2a: Sandaconda|172/270 slp|[from] move: Infestation|[partiallytrapped]\n|-damage|p2b: Drifblim|341/394 par|[from] move: Infestation|[partiallytrapped]\n|upkeep\n|turn|10\n|\n|t:|1770652192\n|switch|p1b: Ribombee|Ribombee, L86, M|243/243\n|cant|p2a: Sandaconda|slp\n|move|p1a: Blissey|Life Dew||[still]|[spread] p1a,p1b\n|-heal|p1a: Blissey|608/645 brn\n|-fail|p1b: Ribombee|heal\n|move|p2b: Drifblim|Shadow Ball|p1b: Ribombee\n|-damage|p1b: Ribombee|141/243\n|\n|-heal|p2a: Sandaconda|188/270 slp|[from] item: Leftovers\n|-damage|p1a: Blissey|568/645 brn|[from] brn\n|-end|p2a: Sandaconda|Infestation|[partiallytrapped]|[silent]\n|-end|p2b: Drifblim|Infestation|[partiallytrapped]|[silent]\n|upkeep\n|turn|11\n|\n|t:|1770652210\n|move|p1b: Ribombee|Quiver Dance|p1b: Ribombee\n|-boost|p1b: Ribombee|spa|1\n|-boost|p1b: Ribombee|spd|1\n|-boost|p1b: Ribombee|spe|1\n|cant|p2a: Sandaconda|slp\n|move|p1a: Blissey|Hyper Voice|p2a: Sandaconda|[spread] p2a\n|-immune|p2b: Drifblim\n|-damage|p2a: Sandaconda|104/270 slp\n|move|p2b: Drifblim|Tailwind|p2b: Drifblim\n|-sidestart|p2: wldavy|move: Tailwind\n|\n|-heal|p2a: Sandaconda|120/270 slp|[from] item: Leftovers\n|-damage|p1a: Blissey|528/645 brn|[from] brn\n|upkeep\n|turn|12\n|\n|t:|1770652225\n|move|p1a: Blissey|Helping Hand|p1b: Ribombee\n|-singleturn|p1b: Ribombee|Helping Hand|[of] p1a: Blissey\n|move|p1b: Ribombee|Moonblast|p2a: Sandaconda\n|-damage|p2a: Sandaconda|0 fnt\n|faint|p2a: Sandaconda\n|-damage|p1b: Ribombee|117/243|[from] item: Life Orb\n|move|p2b: Drifblim|Shadow Ball|p1b: Ribombee\n|-damage|p1b: Ribombee|54/243\n|\n|-damage|p1a: Blissey|488/645 brn|[from] brn\n|upkeep\n|\n|t:|1770652234\n|switch|p2a: Glimmora|Glimmora, L77, F|254/254\n|turn|13\n|\n|t:|1770652246\n|move|p1b: Ribombee|Protect|p1b: Ribombee\n|-singleturn|p1b: Ribombee|Protect\n|move|p2a: Glimmora|Meteor Beam||[still]\n|-prepare|p2a: Glimmora|Meteor Beam\n|-boost|p2a: Glimmora|spa|1\n|-enditem|p2a: Glimmora|Power Herb\n|-anim|p2a: Glimmora|Meteor Beam|p1b: Ribombee\n|-activate|p1b: Ribombee|move: Protect\n|cant|p2b: Drifblim|par\n|move|p1a: Blissey|Life Dew|p1a: Blissey|[spread] p1a,p1b\n|-heal|p1a: Blissey|645/645 brn\n|-heal|p1b: Ribombee|115/243\n|\n|-damage|p1a: Blissey|605/645 brn|[from] brn\n|upkeep\n|turn|14\n|\n|t:|1770652272\n|-terastallize|p1b: Ribombee|Ground\n|move|p1b: Ribombee|Quiver Dance|p1b: Ribombee\n|-boost|p1b: Ribombee|spa|1\n|-boost|p1b: Ribombee|spd|1\n|-boost|p1b: Ribombee|spe|1\n|move|p2a: Glimmora|Sludge Bomb|p1b: Ribombee\n|-resisted|p1b: Ribombee\n|-damage|p1b: Ribombee|68/243\n|cant|p2b: Drifblim|par\n|move|p1a: Blissey|Hyper Voice|p2b: Drifblim|[spread] p2a\n|-immune|p2b: Drifblim\n|-resisted|p2a: Glimmora\n|-damage|p2a: Glimmora|212/254\n|\n|-damage|p1a: Blissey|565/645 brn|[from] brn\n|-sideend|p2: wldavy|move: Tailwind\n|upkeep\n|turn|15\n|\n|t:|1770652290\n|move|p1b: Ribombee|Tera Blast|p2a: Glimmora|[anim] Tera Blast Ground\n|-supereffective|p2a: Glimmora\n|-damage|p2a: Glimmora|0 fnt\n|faint|p2a: Glimmora\n|-damage|p1b: Ribombee|44/243|[from] item: Life Orb\n|move|p1a: Blissey|Life Dew|p1a: Blissey|[spread] p1a,p1b\n|-heal|p1a: Blissey|645/645 brn\n|-heal|p1b: Ribombee|105/243\n|move|p2b: Drifblim|Tailwind|p2b: Drifblim\n|-sidestart|p2: wldavy|move: Tailwind\n|\n|-damage|p1a: Blissey|605/645 brn|[from] brn\n|upkeep\n|\n|t:|1770652293\n|switch|p2a: Malamar|Malamar, L80, M|269/269\n|turn|16\n|\n|t:|1770652311\n|move|p1b: Ribombee|Moonblast|p2a: Malamar\n|-supereffective|p2a: Malamar\n|-damage|p2a: Malamar|0 fnt\n|faint|p2a: Malamar\n|-damage|p1b: Ribombee|81/243|[from] item: Life Orb\n|cant|p2b: Drifblim|par\n|move|p1a: Blissey|Life Dew|p1a: Blissey|[spread] p1a,p1b\n|-heal|p1a: Blissey|645/645 brn\n|-heal|p1b: Ribombee|142/243\n|\n|-damage|p1a: Blissey|605/645 brn|[from] brn\n|upkeep\n|-message|wldavy forfeited.\n|\n|win|ChewyJr05\n|raw|ChewyJr05's rating: 1595 &rarr; <strong>1616</strong><br />(+21 for winning)\n|raw|wldavy's rating: 1613 &rarr; <strong>1592</strong><br />(-21 for losing)\n|l|☆wldavy\n|player|p2|\n", "inputlog": ">version ccdc32dd7cde25fd9e4bed64820e885f66e78a4e\n>start {\"formatid\":\"gen9randomdoublesbattle\",\"seed\":\"sodium,5929b852f80a137dc53270a6bf203c8e\",\"rated\":\"Rated battle\"}\n>player p1 {\"name\":\"ChewyJr05\",\"avatar\":\"hilbert-wonderlauncher\",\"rating\":1595,\"seed\":\"sodium,54c5284b77a9bd82cc39b263ed05ea6c\"}\n>player p2 {\"name\":\"wldavy\",\"avatar\":\"265\",\"rating\":1613,\"seed\":\"sodium,bd4d867790052a62e18fb7ec71cddceb\"}\n>p1 move helpinghand -2, move aurawheel +1\n>p2 switch 4, move breakingswipe\n>p1 move thunderwave +2, move voltswitch +2\n>p2 move coil, move focusblast +2\n>p1 pass, switch 5\n>p1 move hypervoice, move toxic +1\n>p2 move highhorsepower +2, move breakingswipe\n>p1 move lifedew, move banefulbunker\n>p2 move stoneedge +1, move breakingswipe\n>p1 move hypervoice, switch 3\n>p2 move highhorsepower +2, move leafstorm +2\n>p1 move hypervoice, move helpinghand -1\n>p2 move rest, move focusblast +2\n>p2 pass, switch 4\n>p1 move thunderwave +2, move playrough +1\n>p2 move highhorsepower +2, move shadowball +2\n>p1 pass, switch 3\n>p1 move hypervoice, move infestation +1\n>p2 move highhorsepower +2, move willowisp +2\n>p1 move hypervoice, move infestation +2\n>p2 move rest, move willowisp +1\n>p1 move lifedew, switch 4\n>p2 move highhorsepower +2, move shadowball +2\n>p1 move hypervoice, move quiverdance\n>p2 move stoneedge +2, move tailwind\n>p1 move helpinghand -2, move moonblast +1\n>p2 move stoneedge +2, move shadowball +2\n>p2 switch 3, pass\n>p1 move lifedew, move protect\n>p2 move meteorbeam +2, move shadowball +2\n>p1 move hypervoice, move quiverdance terastallize\n>p2 move sludgebomb +2, move shadowball +2\n>p1 move lifedew, move terablast +1\n>p2 move earthpower +2, move tailwind\n>p2 switch 5, pass\n>p1 move lifedew, move moonblast +1\n>p2 move superpower +2, move shadowball +2\n>forcelose p2", "uploadtime": 1770652343, "views": 69, "formatid": "gen9randomdoublesbattle", "rating": 1592, "private": 0, "password": null}