{"id": "gen9randomdoublesbattle-2536455319", "format": "[Gen 9] Random Doubles Battle", "players": ["ILoveTrump2028", "rocci"], "log": "|j|☆ILoveTrump2028\n|j|☆rocci\n|t:|1770690112\n|gametype|doubles\n|player|p1|ILoveTrump2028|2|1518\n|player|p2|rocci|beauty-gen4dp|1575\n|gen|9\n|tier|[Gen 9] Random Doubles Battle\n|rated|\n|rule|Species Clause: Limit one of each Pokémon\n|rule|HP Percentage Mod: HP is shown in percentages\n|rule|Illusion Level Mod: Illusion disguises the Pokémon's true level\n|rule|Sleep Clause Mod: Limit one foe put to sleep\n|\n|t:|1770690112\n|teamsize|p1|6\n|teamsize|p2|6\n|start\n|switch|p1a: Articuno|Articuno-Galar, L82|282/282\n|switch|p1b: Golduck|Golduck, L91, M|293/293\n|switch|p2a: Pyroar|Pyroar, L83, F|278/278\n|switch|p2b: Magnezone|Magnezone, L84|255/255\n|-ability|p2a: Pyroar|Unnerve\n|-ability|p1b: Golduck|Cloud Nine\n|turn|1\n|\n|t:|1770690130\n|switch|p1a: Metagross|Metagross, L80|259/259\n|move|p2a: Pyroar|Hyper Voice|p1b: Golduck|[spread] p1a,p1b\n|-resisted|p1a: Metagross\n|-damage|p1a: Metagross|228/259\n|-damage|p1b: Golduck|199/293\n|-damage|p2a: Pyroar|251/278|[from] item: Life Orb\n|move|p1b: Golduck|Hydro Pump|p2a: Pyroar\n|-supereffective|p2a: Pyroar\n|-damage|p2a: Pyroar|0 fnt\n|faint|p2a: Pyroar\n|-damage|p1b: Golduck|170/293|[from] item: Life Orb\n|move|p2b: Magnezone|Thunderbolt|p1a: Metagross\n|-damage|p1a: Metagross|146/259\n|\n|upkeep\n|\n|t:|1770690154\n|switch|p2a: Gogoat|Gogoat, L90, M|368/368\n|turn|2\n|\n|t:|1770690166\n|switch|p1b: Rillaboom|Rillaboom, L81, F|295/295\n|-fieldstart|move: Grassy Terrain|[from] ability: Grassy Surge|[of] p1b: Rillaboom\n|move|p2a: Gogoat|Horn Leech|p1b: Rillaboom\n|-resisted|p1b: Rillaboom\n|-damage|p1b: Rillaboom|237/295\n|move|p1a: Metagross|Hammer Arm|p2b: Magnezone\n|-supereffective|p2b: Magnezone\n|-damage|p2b: Magnezone|117/255\n|-unboost|p1a: Metagross|spe|1\n|move|p2b: Magnezone|Electroweb|p1a: Metagross|[spread] p1a,p1b\n|-resisted|p1b: Rillaboom\n|-crit|p1b: Rillaboom\n|-damage|p1a: Metagross|107/259\n|-damage|p1b: Rillaboom|204/295\n|-unboost|p1b: Rillaboom|spe|1\n|\n|-heal|p2b: Magnezone|132/255|[from] Grassy Terrain\n|-heal|p1b: Rillaboom|222/295|[from] Grassy Terrain\n|-heal|p1a: Metagross|123/259|[from] Grassy Terrain\n|upkeep\n|turn|3\n|\n|t:|1770690186\n|move|p1b: Rillaboom|Fake Out|p2b: Magnezone\n|-resisted|p2b: Magnezone\n|-damage|p2b: Magnezone|119/255\n|move|p2a: Gogoat|High Horsepower|p1b: Rillaboom\n|-resisted|p1b: Rillaboom\n|-crit|p1b: Rillaboom\n|-damage|p1b: Rillaboom|158/295\n|cant|p2b: Magnezone|flinch\n|move|p1a: Metagross|Hammer Arm|p2b: Magnezone\n|-supereffective|p2b: Magnezone\n|-damage|p2b: Magnezone|0 fnt\n|-unboost|p1a: Metagross|spe|1\n|faint|p2b: Magnezone\n|\n|-heal|p1b: Rillaboom|176/295|[from] Grassy Terrain\n|-heal|p1a: Metagross|139/259|[from] Grassy Terrain\n|upkeep\n|\n|t:|1770690193\n|switch|p2b: Hoopa|Hoopa, L86|278/278\n|turn|4\n|\n|t:|1770690206\n|-terastallize|p1b: Rillaboom|Grass\n|move|p1b: Rillaboom|Grassy Glide|p2b: Hoopa\n|-damage|p2b: Hoopa|134/278\n|move|p1a: Metagross|Bullet Punch|p2b: Hoopa\n|-damage|p2b: Hoopa|70/278\n|move|p2a: Gogoat|High Horsepower|p1a: Metagross\n|-supereffective|p1a: Metagross\n|-damage|p1a: Metagross|5/259\n|move|p2b: Hoopa|Hyperspace Hole|p1b: Rillaboom\n|-damage|p1b: Rillaboom|46/295\n|-damage|p2b: Hoopa|43/278|[from] item: Life Orb\n|\n|-heal|p2b: Hoopa|60/278|[from] Grassy Terrain\n|-heal|p1b: Rillaboom|64/295|[from] Grassy Terrain\n|-heal|p1a: Metagross|21/259|[from] Grassy Terrain\n|upkeep\n|turn|5\n|\n|t:|1770690226\n|move|p2b: Hoopa|Protect|p2b: Hoopa\n|-singleturn|p2b: Hoopa|Protect\n|move|p1b: Rillaboom|Grassy Glide|p2b: Hoopa\n|-activate|p2b: Hoopa|move: Protect\n|move|p2a: Gogoat|Double-Edge|p1b: Rillaboom\n|-damage|p1b: Rillaboom|0 fnt\n|faint|p1b: Rillaboom\n|-damage|p2a: Gogoat|347/368|[from] Recoil\n|move|p1a: Metagross|Heavy Slam|p2a: Gogoat\n|-damage|p2a: Gogoat|163/368\n|\n|-heal|p2a: Gogoat|186/368|[from] Grassy Terrain\n|-heal|p2b: Hoopa|77/278|[from] Grassy Terrain\n|-heal|p1a: Metagross|37/259|[from] Grassy Terrain\n|upkeep\n|\n|t:|1770690230\n|switch|p1b: Articuno|Articuno-Galar, L82|282/282\n|turn|6\n|\n|t:|1770690246\n|-terastallize|p2b: Hoopa|Dark\n|move|p1a: Metagross|Bullet Punch|p2b: Hoopa\n|-damage|p2b: Hoopa|7/278\n|move|p1b: Articuno|Freezing Glare|p2b: Hoopa\n|-immune|p2b: Hoopa\n|move|p2a: Gogoat|High Horsepower|p1a: Metagross\n|-supereffective|p1a: Metagross\n|-damage|p1a: Metagross|0 fnt\n|faint|p1a: Metagross\n|move|p2b: Hoopa|Shadow Ball|p1b: Articuno\n|-supereffective|p1b: Articuno\n|-damage|p1b: Articuno|0 fnt\n|faint|p1b: Articuno\n|-damage|p2b: Hoopa|0 fnt|[from] item: Life Orb\n|faint|p2b: Hoopa\n|\n|-heal|p2a: Gogoat|209/368|[from] Grassy Terrain\n|-fieldend|move: Grassy Terrain\n|upkeep\n|\n|t:|1770690258\n|switch|p1b: Golduck|Golduck, L91, M|170/293\n|switch|p2b: Hitmonchan|Hitmonchan, L90, M|236/236\n|switch|p1a: Pecharunt|Pecharunt, L78|265/265\n|-ability|p1b: Golduck|Cloud Nine\n|turn|7\n|\n|t:|1770690290\n|move|p2b: Hitmonchan|Fake Out|p1b: Golduck\n|-damage|p1b: Golduck|137/293\n|cant|p1b: Golduck|flinch\n|move|p1a: Pecharunt|Malignant Chain|p2a: Gogoat\n|-supereffective|p2a: Gogoat\n|-damage|p2a: Gogoat|66/368\n|-damage|p1a: Pecharunt|239/265|[from] item: Life Orb\n|move|p2a: Gogoat|Horn Leech|p1b: Golduck\n|-supereffective|p1b: Golduck\n|-damage|p1b: Golduck|0 fnt\n|-heal|p2a: Gogoat|135/368|[from] drain|[of] p1b: Golduck\n|faint|p1b: Golduck\n|\n|upkeep\n|\n|t:|1770690298\n|switch|p1b: Vaporeon|Vaporeon, L84, M|356/356\n|turn|8\n|\n|t:|1770690315\n|move|p2b: Hitmonchan|Coaching|p2a: Gogoat\n|-boost|p2a: Gogoat|atk|1\n|-boost|p2a: Gogoat|def|1\n|move|p1a: Pecharunt|Malignant Chain|p2a: Gogoat\n|-supereffective|p2a: Gogoat\n|-damage|p2a: Gogoat|0 fnt\n|faint|p2a: Gogoat\n|-damage|p1a: Pecharunt|213/265|[from] item: Life Orb\n|move|p1b: Vaporeon|Yawn|p2b: Hitmonchan\n|-start|p2b: Hitmonchan|move: Yawn|[of] p1b: Vaporeon\n|\n|upkeep\n|\n|t:|1770690322\n|switch|p2a: Reshiram|Reshiram, L72|263/263\n|-ability|p2a: Reshiram|Turboblaze\n|turn|9\n|\n|t:|1770690341\n|move|p2b: Hitmonchan|Poison Jab|p1b: Vaporeon\n|-damage|p1b: Vaporeon|267/356\n|move|p1a: Pecharunt|Malignant Chain|p2a: Reshiram\n|-damage|p2a: Reshiram|160/263\n|-damage|p1a: Pecharunt|187/265|[from] item: Life Orb\n|move|p2a: Reshiram|Blue Flare|p1a: Pecharunt\n|-damage|p1a: Pecharunt|0 fnt\n|faint|p1a: Pecharunt\n|-damage|p2a: Reshiram|134/263|[from] item: Life Orb\n|move|p1b: Vaporeon|Icy Wind|p2a: Reshiram|[spread] p2a,p2b\n|-damage|p2a: Reshiram|102/263\n|-damage|p2b: Hitmonchan|209/236\n|-unboost|p2a: Reshiram|spe|1\n|-unboost|p2b: Hitmonchan|spe|1\n|\n|-end|p2b: Hitmonchan|move: Yawn|[silent]\n|-status|p2b: Hitmonchan|slp\n|upkeep\n|turn|10\n|\n|t:|1770690352\n|move|p2a: Reshiram|Protect|p2a: Reshiram\n|-singleturn|p2a: Reshiram|Protect\n|move|p1b: Vaporeon|Scald|p2a: Reshiram\n|-activate|p2a: Reshiram|move: Protect\n|cant|p2b: Hitmonchan|slp\n|\n|upkeep\n|turn|11\n|\n|t:|1770690363\n|move|p2a: Reshiram|Protect|p2a: Reshiram\n|-singleturn|p2a: Reshiram|Protect\n|move|p1b: Vaporeon|Scald|p2a: Reshiram\n|-activate|p2a: Reshiram|move: Protect\n|cant|p2b: Hitmonchan|slp\n|\n|upkeep\n|turn|12\n|\n|t:|1770690373\n|move|p1b: Vaporeon|Scald|p2a: Reshiram\n|-damage|p2a: Reshiram|20/263\n|-curestatus|p2b: Hitmonchan|slp|[msg]\n|move|p2b: Hitmonchan|Close Combat|p1b: Vaporeon\n|-damage|p1b: Vaporeon|57/356\n|-unboost|p2b: Hitmonchan|def|1\n|-unboost|p2b: Hitmonchan|spd|1\n|-enditem|p1b: Vaporeon|Sitrus Berry|[eat]\n|-heal|p1b: Vaporeon|146/356|[from] item: Sitrus Berry\n|move|p2a: Reshiram|Draco Meteor|p1b: Vaporeon\n|-damage|p1b: Vaporeon|0 fnt\n|-unboost|p2a: Reshiram|spa|2\n|faint|p1b: Vaporeon\n|-damage|p2a: Reshiram|0 fnt|[from] item: Life Orb\n|faint|p2a: Reshiram\n|\n|win|rocci\n|raw|ILoveTrump2028's rating: 1518 &rarr; <strong>1501</strong><br />(-17 for losing)\n|raw|rocci's rating: 1575 &rarr; <strong>1592</strong><br />(+17 for winning)\n", "inputlog": ">version ccdc32dd7cde25fd9e4bed64820e885f66e78a4e\n>start {\"formatid\":\"gen9randomdoublesbattle\",\"seed\":\"sodium,9866db2446301ba6641d2fffe76e324a\",\"rated\":\"Rated battle\"}\n>player p1 {\"name\":\"ILoveTrump2028\",\"avatar\":\"2\",\"rating\":1518,\"seed\":\"sodium,f2193d3f7b67acc9c1295cd578120f59\"}\n>player p2 {\"name\":\"rocci\",\"avatar\":\"beauty-gen4dp\",\"rating\":1575,\"seed\":\"sodium,53421bb5c31011be71f7e1c051845be7\"}\n>p1 switch 4, move hydropump +1\n>p2 move hypervoice, move thunderbolt +1\n>p2 switch 3, pass\n>p1 move hammerarm +2, switch 3\n>p2 move hornleech +2, move electroweb\n>p1 move hammerarm +2, move fakeout +2\n>p2 move highhorsepower +2, move voltswitch +1\n>p2 pass, switch 6\n>p1 move bulletpunch +2, move grassyglide +2 terastallize\n>p2 move highhorsepower +1, move hyperspacehole +2\n>p1 move heavyslam +1, move grassyglide +2\n>p2 move doubleedge +2, move protect\n>p1 pass, switch 4\n>p1 move bulletpunch +2, move freezingglare +2\n>p2 move highhorsepower +1, move shadowball +2 terastallize\n>p1 switch 6, switch 3\n>p2 pass, switch 5\n>p1 move malignantchain +1, move encore +1\n>p2 move hornleech +2, move fakeout +2\n>p1 pass, switch 5\n>p1 move malignantchain +1, move yawn +2\n>p2 move hornleech +2, move coaching -1\n>p2 switch 4, pass\n>p1 move malignantchain +1, move icywind\n>p2 move blueflare +1, move poisonjab +2\n>p1 pass, move scald +1\n>p2 move protect, move poisonjab +2\n>p1 pass, move scald +1\n>p2 move protect, move poisonjab +2\n>p1 pass, move scald +1\n>p2 move dracometeor +2, move closecombat +2", "uploadtime": 1770690376, "views": 70, "formatid": "gen9randomdoublesbattle", "rating": 1501, "private": 0, "password": null}