{"id": "gen9randomdoublesbattle-2537884034", "format": "[Gen 9] Random Doubles Battle", "players": ["cosmojamm", "Jenome"], "log": "|j|☆cosmojamm\n|j|☆Jenome\n|t:|1770859275\n|gametype|doubles\n|player|p1|cosmojamm|pokemaniac|1653\n|player|p2|Jenome|gentleman-gen4|1566\n|gen|9\n|tier|[Gen 9] Random Doubles Battle\n|rated|\n|rule|Species Clause: Limit one of each Pokémon\n|rule|HP Percentage Mod: HP is shown in percentages\n|rule|Illusion Level Mod: Illusion disguises the Pokémon's true level\n|rule|Sleep Clause Mod: Limit one foe put to sleep\n|\n|t:|1770859275\n|teamsize|p1|6\n|teamsize|p2|6\n|start\n|switch|p1a: Froslass|Froslass, L88, F|266/266\n|switch|p1b: Avalugg|Avalugg-Hisui, L88, M|310/310\n|switch|p2a: Gastrodon|Gastrodon-East, L82, F|316/316\n|switch|p2b: Florges|Florges, L84, F|268/268\n|turn|1\n|inactive|Battle timer is ON: inactive players will automatically lose when time's up. (requested by cosmojamm)\n|\n|t:|1770859295\n|move|p1a: Froslass|Icy Wind|p2b: Florges|[spread] p2a,p2b\n|-damage|p2a: Gastrodon|273/316\n|-damage|p2b: Florges|240/268\n|-unboost|p2a: Gastrodon|spe|1\n|-unboost|p2b: Florges|spe|1\n|move|p1b: Avalugg|Icicle Spear|p2b: Florges\n|-damage|p2b: Florges|198/268\n|-crit|p2b: Florges\n|-damage|p2b: Florges|137/268\n|-damage|p2b: Florges|91/268\n|-damage|p2b: Florges|42/268\n|-damage|p2b: Florges|0 fnt\n|faint|p2b: Florges\n|-hitcount|p2: Florges|5\n|move|p2a: Gastrodon|Muddy Water|p1b: Avalugg|[spread] p1a,p1b\n|-supereffective|p1b: Avalugg\n|-damage|p1a: Froslass|193/266\n|-damage|p1b: Avalugg|82/310\n|\n|-heal|p2a: Gastrodon|292/316|[from] item: Leftovers\n|upkeep\n|\n|t:|1770859314\n|switch|p2b: Poliwrath|Poliwrath, L90, F|308/308\n|turn|2\n|\n|t:|1770859325\n|move|p1b: Avalugg|Protect|p1b: Avalugg\n|-singleturn|p1b: Avalugg|Protect\n|move|p1a: Froslass|Poltergeist|p2b: Poliwrath\n|-activate|p2b: Poliwrath|move: Poltergeist|Sitrus Berry\n|-damage|p2b: Poliwrath|214/308\n|move|p2b: Poliwrath|Icy Wind|p1a: Froslass|[spread] p1a\n|-activate|p1b: Avalugg|move: Protect\n|-resisted|p1a: Froslass\n|-damage|p1a: Froslass|179/266\n|-unboost|p1a: Froslass|spe|1\n|-start|p2b: Poliwrath|Disable|Icy Wind|[from] ability: Cursed Body|[of] p1a: Froslass\n|move|p2a: Gastrodon|Muddy Water|p1b: Avalugg|[spread] p1a\n|-activate|p1b: Avalugg|move: Protect\n|-damage|p1a: Froslass|101/266\n|\n|-heal|p2a: Gastrodon|311/316|[from] item: Leftovers\n|upkeep\n|turn|3\n|\n|t:|1770859347\n|move|p2b: Poliwrath|Liquidation|p2a: Gastrodon\n|-activate|p2a: Gastrodon|ability: Storm Drain\n|-ability|p2a: Gastrodon|Storm Drain|boost\n|-boost|p2a: Gastrodon|spa|1\n|move|p1a: Froslass|Poltergeist|p2a: Gastrodon\n|-activate|p2a: Gastrodon|move: Poltergeist|Leftovers\n|-damage|p2a: Gastrodon|185/316\n|move|p1b: Avalugg|Icicle Spear|p2b: Poliwrath\n|-resisted|p2b: Poliwrath\n|-damage|p2b: Poliwrath|199/308\n|-resisted|p2b: Poliwrath\n|-damage|p2b: Poliwrath|184/308\n|-resisted|p2b: Poliwrath\n|-damage|p2b: Poliwrath|168/308\n|-resisted|p2b: Poliwrath\n|-damage|p2b: Poliwrath|153/308\n|-enditem|p2b: Poliwrath|Sitrus Berry|[eat]\n|-heal|p2b: Poliwrath|230/308|[from] item: Sitrus Berry\n|-resisted|p2b: Poliwrath\n|-damage|p2b: Poliwrath|215/308\n|-hitcount|p2b: Poliwrath|5\n|move|p2a: Gastrodon|Muddy Water|p1b: Avalugg|[spread] p1a,p1b\n|-supereffective|p1b: Avalugg\n|-damage|p1a: Froslass|0 fnt\n|-damage|p1b: Avalugg|0 fnt\n|faint|p1a: Froslass\n|faint|p1b: Avalugg\n|\n|-heal|p2a: Gastrodon|204/316|[from] item: Leftovers\n|upkeep\n|inactive|cosmojamm has 120 seconds left.\n|\n|t:|1770859381\n|switch|p1a: Spiritomb|Spiritomb, L89, M|234/234\n|switch|p1b: Torkoal|Torkoal, L86, M|261/261\n|-weather|SunnyDay|[from] ability: Drought|[of] p1b: Torkoal\n|turn|4\n|\n|t:|1770859390\n|move|p1b: Torkoal|Protect|p1b: Torkoal\n|-singleturn|p1b: Torkoal|Protect\n|move|p2b: Poliwrath|Coaching|p2a: Gastrodon\n|-boost|p2a: Gastrodon|atk|1\n|-boost|p2a: Gastrodon|def|1\n|move|p1a: Spiritomb|Icy Wind|p2a: Gastrodon|[spread] p2a,p2b\n|-resisted|p2b: Poliwrath\n|-damage|p2a: Gastrodon|168/316\n|-damage|p2b: Poliwrath|202/308\n|-unboost|p2a: Gastrodon|spe|1\n|-unboost|p2b: Poliwrath|spe|1\n|move|p2a: Gastrodon|Muddy Water|p1b: Torkoal|[spread] p1a\n|-activate|p1b: Torkoal|move: Protect\n|-damage|p1a: Spiritomb|197/234\n|-unboost|p1a: Spiritomb|accuracy|1\n|\n|-weather|SunnyDay|[upkeep]\n|-heal|p2a: Gastrodon|187/316|[from] item: Leftovers\n|upkeep\n|turn|5\n|\n|t:|1770859416\n|move|p2b: Poliwrath|Close Combat|p1b: Torkoal\n|-damage|p1b: Torkoal|170/261\n|-unboost|p2b: Poliwrath|def|1\n|-unboost|p2b: Poliwrath|spd|1\n|move|p1a: Spiritomb|Will-O-Wisp|p2b: Poliwrath\n|-status|p2b: Poliwrath|brn\n|move|p1b: Torkoal|Solar Beam||[still]\n|-prepare|p1b: Torkoal|Solar Beam\n|-anim|p1b: Torkoal|Solar Beam|p2a: Gastrodon\n|-supereffective|p2a: Gastrodon\n|-damage|p2a: Gastrodon|0 fnt\n|faint|p2a: Gastrodon\n|\n|-weather|SunnyDay|[upkeep]\n|-damage|p2b: Poliwrath|183/308 brn|[from] brn\n|-end|p2b: Poliwrath|Disable\n|upkeep\n|inactive|Jenome has 120 seconds left.\n|\n|t:|1770859428\n|switch|p2a: Ditto|Ditto, L97|250/250\n|-transform|p2a: Ditto|p1b: Torkoal|[from] ability: Imposter\n|turn|6\n|\n|t:|1770859442\n|move|p1b: Torkoal|Protect|p1b: Torkoal\n|-singleturn|p1b: Torkoal|Protect\n|move|p2b: Poliwrath|Icy Wind|p1a: Spiritomb|[spread] p1a\n|-activate|p1b: Torkoal|move: Protect\n|-damage|p1a: Spiritomb|177/234\n|-unboost|p1a: Spiritomb|spe|1\n|move|p2a: Ditto|Heat Wave|p1b: Torkoal|[spread] p1a\n|-activate|p1b: Torkoal|move: Protect\n|-damage|p1a: Spiritomb|84/234\n|-status|p1a: Spiritomb|brn\n|-enditem|p1a: Spiritomb|Sitrus Berry|[eat]\n|-heal|p1a: Spiritomb|142/234 brn|[from] item: Sitrus Berry\n|move|p1a: Spiritomb|Icy Wind|p2b: Poliwrath|[spread] p2b\n|-miss|p1a: Spiritomb|p2a: Ditto\n|-resisted|p2b: Poliwrath\n|-damage|p2b: Poliwrath|160/308 brn\n|-unboost|p2b: Poliwrath|spe|1\n|\n|-weather|SunnyDay|[upkeep]\n|-damage|p2b: Poliwrath|141/308 brn|[from] brn\n|-damage|p1a: Spiritomb|128/234 brn|[from] brn\n|upkeep\n|turn|7\n|\n|t:|1770859467\n|-terastallize|p1b: Torkoal|Dragon\n|move|p2b: Poliwrath|Icy Wind|p1b: Torkoal|[spread] p1a,p1b\n|-supereffective|p1b: Torkoal\n|-damage|p1a: Spiritomb|108/234 brn\n|-damage|p1b: Torkoal|110/261\n|-unboost|p1a: Spiritomb|spe|1\n|-unboost|p1b: Torkoal|spe|1\n|-enditem|p1b: Torkoal|Sitrus Berry|[eat]\n|-heal|p1b: Torkoal|175/261|[from] item: Sitrus Berry\n|move|p2a: Ditto|Heat Wave|p1a: Spiritomb|[spread] p1a,p1b\n|-resisted|p1b: Torkoal\n|-damage|p1a: Spiritomb|11/234 brn\n|-damage|p1b: Torkoal|106/261\n|move|p1b: Torkoal|Body Press|p2a: Ditto\n|-damage|p2a: Ditto|200/250\n|move|p1a: Spiritomb|Icy Wind|p2b: Poliwrath|[spread] p2a,p2b\n|-resisted|p2a: Ditto\n|-resisted|p2b: Poliwrath\n|-damage|p2a: Ditto|183/250\n|-damage|p2b: Poliwrath|122/308 brn\n|-unboost|p2a: Ditto|spe|1\n|-unboost|p2b: Poliwrath|spe|1\n|\n|-weather|SunnyDay|[upkeep]\n|-damage|p2b: Poliwrath|103/308 brn|[from] brn\n|-damage|p1a: Spiritomb|0 fnt|[from] brn\n|faint|p1a: Spiritomb\n|upkeep\n|inactive|cosmojamm has 120 seconds left.\n|\n|t:|1770859484\n|switch|p1a: Tatsugiri|Tatsugiri, L84, F|251/251\n|turn|8\n|\n|t:|1770859499\n|move|p1a: Tatsugiri|Protect|p1a: Tatsugiri\n|-singleturn|p1a: Tatsugiri|Protect\n|move|p1b: Torkoal|Protect|p1b: Torkoal\n|-singleturn|p1b: Torkoal|Protect\n|move|p2b: Poliwrath|Icy Wind|p1a: Tatsugiri|[spread] \n|-activate|p1a: Tatsugiri|move: Protect\n|-activate|p1b: Torkoal|move: Protect\n|move|p2a: Ditto|Solar Beam||[still]\n|-prepare|p2a: Ditto|Solar Beam\n|-anim|p2a: Ditto|Solar Beam|p1a: Tatsugiri\n|-activate|p1a: Tatsugiri|move: Protect\n|\n|-weather|none\n|-damage|p2b: Poliwrath|84/308 brn|[from] brn\n|upkeep\n|turn|9\n|\n|t:|1770859510\n|move|p1a: Tatsugiri|Muddy Water|p2b: Poliwrath|[spread] p2a\n|-heal|p2b: Poliwrath|161/308 brn|[from] ability: Water Absorb|[of] p1a: Tatsugiri\n|-supereffective|p2a: Ditto\n|-damage|p2a: Ditto|0 fnt\n|faint|p2a: Ditto\n|-damage|p1a: Tatsugiri|226/251|[from] item: Life Orb\n|move|p2b: Poliwrath|Icy Wind|p1a: Tatsugiri|[spread] p1a,p1b\n|-supereffective|p1b: Torkoal\n|-damage|p1a: Tatsugiri|198/251\n|-damage|p1b: Torkoal|44/261\n|-unboost|p1a: Tatsugiri|spe|1\n|-unboost|p1b: Torkoal|spe|1\n|move|p1b: Torkoal|Body Press|p2b: Poliwrath\n|-damage|p2b: Poliwrath|58/308 brn\n|\n|-damage|p2b: Poliwrath|39/308 brn|[from] brn\n|upkeep\n|\n|t:|1770859528\n|switch|p2a: Espathra|Espathra, L83, F|293/293\n|turn|10\n|\n|t:|1770859535\n|move|p1a: Tatsugiri|Protect|p1a: Tatsugiri\n|-singleturn|p1a: Tatsugiri|Protect\n|move|p1b: Torkoal|Protect|p1b: Torkoal\n|-singleturn|p1b: Torkoal|Protect\n|move|p2a: Espathra|Dazzling Gleam|p1b: Torkoal|[spread] \n|-activate|p1a: Tatsugiri|move: Protect\n|-activate|p1b: Torkoal|move: Protect\n|move|p2b: Poliwrath|Icy Wind|p1a: Tatsugiri|[spread] \n|-activate|p1a: Tatsugiri|move: Protect\n|-activate|p1b: Torkoal|move: Protect\n|\n|-damage|p2b: Poliwrath|20/308 brn|[from] brn\n|-ability|p2a: Espathra|Speed Boost|boost\n|-boost|p2a: Espathra|spe|1\n|upkeep\n|turn|11\n|\n|t:|1770859549\n|switch|p1a: Bellossom|Bellossom, L87, M|272/272\n|-terastallize|p2a: Espathra|Fairy\n|move|p2a: Espathra|Dazzling Gleam|p1a: Bellossom|[spread] p1a,p1b\n|-supereffective|p1b: Torkoal\n|-damage|p1a: Bellossom|194/272\n|-damage|p1b: Torkoal|0 fnt\n|faint|p1b: Torkoal\n|-damage|p2a: Espathra|264/293|[from] item: Life Orb\n|move|p2b: Poliwrath|Coaching|p2a: Espathra\n|-boost|p2a: Espathra|atk|1\n|-boost|p2a: Espathra|def|1\n|\n|-damage|p2b: Poliwrath|1/308 brn|[from] brn\n|-ability|p2a: Espathra|Speed Boost|boost\n|-boost|p2a: Espathra|spe|1\n|upkeep\n|\n|t:|1770859562\n|switch|p1b: Tatsugiri|Tatsugiri, L84, F|198/251\n|turn|12\n|\n|t:|1770859574\n|move|p2a: Espathra|Lumina Crash|p1a: Bellossom\n|-damage|p1a: Bellossom|97/272\n|-unboost|p1a: Bellossom|spd|2\n|-enditem|p1a: Bellossom|Sitrus Berry|[eat]\n|-heal|p1a: Bellossom|165/272|[from] item: Sitrus Berry\n|-damage|p2a: Espathra|235/293|[from] item: Life Orb\n|move|p1b: Tatsugiri|Muddy Water|p2b: Poliwrath|[spread] p2a\n|-heal|p2b: Poliwrath|78/308 brn|[from] ability: Water Absorb|[of] p1b: Tatsugiri\n|-damage|p2a: Espathra|89/293\n|-damage|p1b: Tatsugiri|173/251|[from] item: Life Orb\n|move|p1a: Bellossom|Quiver Dance|p1a: Bellossom\n|-boost|p1a: Bellossom|spa|1\n|-boost|p1a: Bellossom|spd|1\n|-boost|p1a: Bellossom|spe|1\n|move|p2b: Poliwrath|Icy Wind|p1a: Bellossom|[spread] p1a,p1b\n|-supereffective|p1a: Bellossom\n|-damage|p1a: Bellossom|99/272\n|-damage|p1b: Tatsugiri|147/251\n|-unboost|p1a: Bellossom|spe|1\n|-unboost|p1b: Tatsugiri|spe|1\n|\n|-damage|p2b: Poliwrath|59/308 brn|[from] brn\n|-ability|p2a: Espathra|Speed Boost|boost\n|-boost|p2a: Espathra|spe|1\n|upkeep\n|turn|13\n|\n|t:|1770859591\n|move|p1a: Bellossom|Protect|p1a: Bellossom\n|-singleturn|p1a: Bellossom|Protect\n|move|p1b: Tatsugiri|Protect|p1b: Tatsugiri\n|-singleturn|p1b: Tatsugiri|Protect\n|move|p2a: Espathra|Dazzling Gleam|p1a: Bellossom|[spread] \n|-activate|p1a: Bellossom|move: Protect\n|-activate|p1b: Tatsugiri|move: Protect\n|move|p2b: Poliwrath|Icy Wind|p1b: Tatsugiri|[spread] \n|-activate|p1a: Bellossom|move: Protect\n|-activate|p1b: Tatsugiri|move: Protect\n|\n|-damage|p2b: Poliwrath|40/308 brn|[from] brn\n|-ability|p2a: Espathra|Speed Boost|boost\n|-boost|p2a: Espathra|spe|1\n|upkeep\n|turn|14\n|\n|t:|1770859613\n|move|p2a: Espathra|Dazzling Gleam|p1b: Tatsugiri|[spread] p1a,p1b\n|-supereffective|p1b: Tatsugiri\n|-damage|p1a: Bellossom|0 fnt\n|-damage|p1b: Tatsugiri|0 fnt\n|faint|p1a: Bellossom\n|faint|p1b: Tatsugiri\n|-damage|p2a: Espathra|60/293|[from] item: Life Orb\n|\n|win|Jenome\n|raw|cosmojamm's rating: 1653 &rarr; <strong>1628</strong><br />(-25 for losing)\n|raw|Jenome's rating: 1566 &rarr; <strong>1591</strong><br />(+25 for winning)\n|c|☆cosmojamm|gg\n", "inputlog": ">version ccdc32dd7cde25fd9e4bed64820e885f66e78a4e\n>start {\"formatid\":\"gen9randomdoublesbattle\",\"seed\":\"sodium,57d8b15c5218b4b21cf697f4806981d7\",\"rated\":\"Rated battle\"}\n>player p1 {\"name\":\"cosmojamm\",\"avatar\":\"pokemaniac\",\"rating\":1653,\"seed\":\"sodium,2024bd13afce3bee3f98f629e857e89a\"}\n>player p2 {\"name\":\"Jenome\",\"avatar\":\"gentleman-gen4\",\"rating\":1566,\"seed\":\"sodium,65bbed56b4b78c52e9381bb69884334a\"}\n>p1 move icywind, move iciclespear +2\n>p2 move muddywater, move dazzlinggleam\n>p2 pass, switch 3\n>p1 move poltergeist +2, move protect\n>p2 move muddywater, move icywind\n>p1 move poltergeist +1, move iciclespear +2\n>p2 move muddywater, move liquidation +2\n>p1 switch 4, switch 5\n>p1 move icywind, move protect\n>p2 move muddywater, move coaching -1\n>p1 move willowisp +2, move solarbeam +1\n>p2 move muddywater, move closecombat +2\n>p2 switch 6, pass\n>p1 move icywind, move protect\n>p2 move heatwave, move icywind\n>p1 move icywind, move bodypress +1 terastallize\n>p2 move heatwave, move icywind\n>p1 switch 3, pass\n>p1 move protect, move protect\n>p2 move solarbeam +1, move icywind\n>p1 move muddywater, move bodypress +1\n>p2 move bodypress +1, move icywind\n>p2 switch 5, pass\n>p1 move protect, move protect\n>p2 move dazzlinggleam, move icywind\n>p1 switch 6, move heatwave\n>p2 move dazzlinggleam terastallize, move coaching -1\n>p1 pass, switch 6\n>p1 move quiverdance, move muddywater\n>p2 move luminacrash +1, move icywind\n>p1 move protect, move protect\n>p2 move dazzlinggleam, move icywind\n>p1 move strengthsap +2, move muddywater\n>p2 move dazzlinggleam, move icywind", "uploadtime": 1770859617, "views": 65, "formatid": "gen9randomdoublesbattle", "rating": 1591, "private": 0, "password": null}