{"id": "gen9randomdoublesbattle-2540229436", "format": "[Gen 9] Random Doubles Battle", "players": ["Jenome", "cabrak"], "log": "|j|☆Jenome\n|j|☆cabrak\n|t:|1771178349\n|gametype|doubles\n|player|p1|Jenome|gentleman-gen4|1627\n|player|p2|cabrak|unknownf|1624\n|gen|9\n|tier|[Gen 9] Random Doubles Battle\n|rated|\n|rule|Species Clause: Limit one of each Pokémon\n|rule|HP Percentage Mod: HP is shown in percentages\n|rule|Illusion Level Mod: Illusion disguises the Pokémon's true level\n|rule|Sleep Clause Mod: Limit one foe put to sleep\n|\n|t:|1771178349\n|teamsize|p1|6\n|teamsize|p2|6\n|start\n|switch|p1a: Terrakion|Terrakion, L78|270/270\n|switch|p1b: Orthworm|Orthworm, L88, F|266/266\n|switch|p2a: Ogerpon|Ogerpon, L78, F|253/253\n|switch|p2b: Salamence|Salamence, L80, F|283/283\n|-ability|p2b: Salamence|Intimidate|boost\n|-unboost|p1a: Terrakion|atk|1\n|-unboost|p1b: Orthworm|atk|1\n|turn|1\n|inactive|Battle timer is ON: inactive players will automatically lose when time's up. (requested by Jenome)\n|\n|t:|1771178379\n|switch|p1b: Indeedee|Indeedee-F, L91, F|275/275\n|-fieldstart|move: Psychic Terrain|[from] ability: Psychic Surge|[of] p1b: Indeedee\n|move|p2a: Ogerpon|Ivy Cudgel|p1a: Terrakion\n|-supereffective|p1a: Terrakion\n|-damage|p1a: Terrakion|42/270\n|move|p1a: Terrakion|Rock Slide|p2b: Salamence|[spread] p2a,p2b\n|-supereffective|p2b: Salamence\n|-damage|p2a: Ogerpon|189/253\n|-damage|p2b: Salamence|150/283\n|-damage|p1a: Terrakion|15/270|[from] item: Life Orb\n|cant|p2b: Salamence|flinch\n|\n|upkeep\n|turn|2\n|\n|t:|1771178402\n|move|p2a: Ogerpon|Knock Off|p1b: Indeedee\n|-supereffective|p1b: Indeedee\n|-damage|p1b: Indeedee|115/275\n|-enditem|p1b: Indeedee|Sitrus Berry|[from] move: Knock Off|[of] p2a: Ogerpon\n|move|p1a: Terrakion|Rock Slide|p2a: Ogerpon|[spread] p2a\n|-miss|p1a: Terrakion|p2b: Salamence\n|-damage|p2a: Ogerpon|123/253\n|-enditem|p2a: Ogerpon|Sitrus Berry|[eat]\n|-heal|p2a: Ogerpon|186/253|[from] item: Sitrus Berry\n|-damage|p1a: Terrakion|0 fnt|[from] item: Life Orb\n|faint|p1a: Terrakion\n|move|p1b: Indeedee|Psychic|p2b: Salamence\n|-damage|p2b: Salamence|0 fnt\n|faint|p2b: Salamence\n|\n|upkeep\n|inactive|Jenome has 120 seconds left.\n|inactive|cabrak has 120 seconds left.\n|\n|t:|1771178424\n|switch|p1a: Kommo-o|Kommo-o, L79, F|248/248\n|switch|p2b: Quaquaval|Quaquaval, L82, F|274/274\n|turn|3\n|\n|t:|1771178433\n|move|p2a: Ogerpon|Knock Off|p1b: Indeedee\n|-supereffective|p1b: Indeedee\n|-damage|p1b: Indeedee|7/275\n|move|p1b: Indeedee|Psychic|p2b: Quaquaval\n|-supereffective|p2b: Quaquaval\n|-crit|p2b: Quaquaval\n|-damage|p2b: Quaquaval|0 fnt\n|faint|p2b: Quaquaval\n|move|p1a: Kommo-o|Clangorous Soul|p1a: Kommo-o\n|-boost|p1a: Kommo-o|atk|1\n|-boost|p1a: Kommo-o|def|1\n|-boost|p1a: Kommo-o|spa|1\n|-boost|p1a: Kommo-o|spd|1\n|-boost|p1a: Kommo-o|spe|1\n|-damage|p1a: Kommo-o|167/248\n|-enditem|p1a: Kommo-o|Throat Spray\n|-boost|p1a: Kommo-o|spa|1|[from] item: Throat Spray\n|\n|upkeep\n|c|☆cabrak|Ops\n|\n|t:|1771178447\n|switch|p2b: Fezandipiti|Fezandipiti, L81, M|275/275\n|turn|4\n|\n|t:|1771178474\n|-terastallize|p1a: Kommo-o|Steel\n|move|p2a: Ogerpon|Follow Me|p2a: Ogerpon\n|-singleturn|p2a: Ogerpon|move: Follow Me\n|move|p1a: Kommo-o|Iron Head|p2a: Ogerpon\n|-damage|p2a: Ogerpon|54/253\n|move|p2b: Fezandipiti|Icy Wind|p1b: Indeedee|[spread] p1a,p1b\n|-resisted|p1a: Kommo-o\n|-damage|p1a: Kommo-o|161/248\n|-damage|p1b: Indeedee|0 fnt\n|-unboost|p1a: Kommo-o|spe|1\n|faint|p1b: Indeedee\n|\n|upkeep\n|inactive|Jenome has 120 seconds left.\n|\n|t:|1771178486\n|switch|p1b: Orthworm|Orthworm, L88, F|266/266\n|turn|5\n|\n|t:|1771178496\n|move|p2a: Ogerpon|Follow Me|p2a: Ogerpon\n|-singleturn|p2a: Ogerpon|move: Follow Me\n|move|p2b: Fezandipiti|Icy Wind|p1b: Orthworm|[spread] p1a,p1b\n|-resisted|p1a: Kommo-o\n|-resisted|p1b: Orthworm\n|-crit|p1b: Orthworm\n|-damage|p1a: Kommo-o|155/248\n|-damage|p1b: Orthworm|245/266\n|-unboost|p1a: Kommo-o|spe|1\n|-unboost|p1b: Orthworm|spe|1\n|move|p1a: Kommo-o|Iron Head|p2a: Ogerpon\n|-damage|p2a: Ogerpon|0 fnt\n|faint|p2a: Ogerpon\n|move|p1b: Orthworm|Heavy Slam|p2b: Fezandipiti\n|-supereffective|p2b: Fezandipiti\n|-damage|p2b: Fezandipiti|11/275\n|\n|-fieldend|move: Psychic Terrain\n|upkeep\n|\n|t:|1771178512\n|switch|p2a: Galvantula|Galvantula, L85, M|258/258\n|turn|6\n|\n|t:|1771178540\n|-terastallize|p2a: Galvantula|Electric\n|move|p2a: Galvantula|Thunder|p1a: Kommo-o\n|-damage|p1a: Kommo-o|61/248\n|move|p2b: Fezandipiti|Icy Wind|p1a: Kommo-o|[spread] p1a,p1b\n|-resisted|p1a: Kommo-o\n|-resisted|p1b: Orthworm\n|-damage|p1a: Kommo-o|54/248\n|-damage|p1b: Orthworm|231/266\n|-unboost|p1a: Kommo-o|spe|1\n|-unboost|p1b: Orthworm|spe|1\n|move|p1a: Kommo-o|Clanging Scales|p2b: Fezandipiti|[spread] p2a\n|-immune|p2b: Fezandipiti\n|-damage|p2a: Galvantula|68/258\n|-enditem|p2a: Galvantula|Sitrus Berry|[eat]\n|-heal|p2a: Galvantula|132/258|[from] item: Sitrus Berry\n|-unboost|p1a: Kommo-o|def|1\n|move|p1b: Orthworm|Heavy Slam|p2a: Galvantula\n|-resisted|p2a: Galvantula\n|-damage|p2a: Galvantula|45/258\n|\n|upkeep\n|turn|7\n|\n|t:|1771178561\n|move|p2a: Galvantula|Thunder|p1a: Kommo-o\n|-damage|p1a: Kommo-o|0 fnt\n|faint|p1a: Kommo-o\n|move|p2b: Fezandipiti|U-turn|p1b: Orthworm\n|-resisted|p1b: Orthworm\n|-crit|p1b: Orthworm\n|-damage|p1b: Orthworm|210/266\n|\n|t:|1771178564\n|switch|p2b: Raikou|Raikou, L81|278/278|[from] U-turn\n|move|p1b: Orthworm|Body Press|p2a: Galvantula\n|-damage|p2a: Galvantula|0 fnt\n|faint|p2a: Galvantula\n|\n|upkeep\n|\n|t:|1771178570\n|switch|p2a: Fezandipiti|Fezandipiti, L81, M|11/275\n|switch|p1a: Luxray|Luxray, L86, M|278/278\n|-ability|p1a: Luxray|Intimidate|boost\n|-unboost|p2a: Fezandipiti|atk|1\n|-fail|p2b: Raikou|unboost|Attack|[from] ability: Inner Focus|[of] p2b: Raikou\n|turn|8\n|\n|t:|1771178597\n|move|p2b: Raikou|Thunderbolt|p1b: Orthworm\n|-damage|p1b: Orthworm|83/266\n|-status|p1b: Orthworm|par\n|-enditem|p1b: Orthworm|Sitrus Berry|[eat]\n|-heal|p1b: Orthworm|149/266 par|[from] item: Sitrus Berry\n|move|p2a: Fezandipiti|Moonblast|p1a: Luxray\n|-damage|p1a: Luxray|229/278\n|-status|p1a: Luxray|tox|[from] ability: Toxic Chain|[of] p2a: Fezandipiti\n|move|p1a: Luxray|Snarl|p2a: Fezandipiti|[spread] p2a,p2b\n|-resisted|p2a: Fezandipiti\n|-damage|p2a: Fezandipiti|3/275\n|-damage|p2b: Raikou|252/278\n|-unboost|p2a: Fezandipiti|spa|1\n|-unboost|p2b: Raikou|spa|1\n|move|p1b: Orthworm|Body Press|p2b: Raikou\n|-damage|p2b: Raikou|158/278\n|\n|-damage|p1a: Luxray|212/278 tox|[from] psn\n|upkeep\n|turn|9\n|inactive|cabrak has 120 seconds left.\n|\n|t:|1771178637\n|move|p2b: Raikou|Thunderbolt|p1b: Orthworm\n|-damage|p1b: Orthworm|62/266 par\n|move|p2a: Fezandipiti|Gunk Shot|p1a: Luxray\n|-damage|p1a: Luxray|127/278 tox\n|move|p1a: Luxray|Snarl|p2a: Fezandipiti|[spread] p2a,p2b\n|-resisted|p2a: Fezandipiti\n|-damage|p2a: Fezandipiti|0 fnt\n|-damage|p2b: Raikou|131/278\n|-unboost|p2b: Raikou|spa|1\n|-enditem|p2b: Raikou|Sitrus Berry|[eat]\n|-heal|p2b: Raikou|200/278|[from] item: Sitrus Berry\n|faint|p2a: Fezandipiti\n|move|p1b: Orthworm|Body Press|p2b: Raikou\n|-damage|p2b: Raikou|101/278\n|\n|-damage|p1a: Luxray|93/278 tox|[from] psn\n|upkeep\n|turn|10\n|\n|t:|1771178654\n|move|p2b: Raikou|Thunderbolt|p1b: Orthworm\n|-damage|p1b: Orthworm|0 fnt\n|faint|p1b: Orthworm\n|move|p1a: Luxray|Snarl|p2b: Raikou\n|-damage|p2b: Raikou|62/278\n|-unboost|p2b: Raikou|spa|1\n|\n|-damage|p1a: Luxray|42/278 tox|[from] psn\n|upkeep\n|\n|t:|1771178658\n|switch|p1b: Comfey|Comfey, L88, F|233/233\n|turn|11\n|\n|t:|1771178666\n|move|p1b: Comfey|Draining Kiss|p2b: Raikou\n|-damage|p2b: Raikou|11/278\n|move|p2b: Raikou|Thunder Wave|p1b: Comfey\n|-status|p1b: Comfey|par\n|move|p1a: Luxray|Play Rough|p2b: Raikou\n|-damage|p2b: Raikou|0 fnt\n|faint|p2b: Raikou\n|\n|win|Jenome\n|raw|Jenome's rating: 1627 &rarr; <strong>1647</strong><br />(+20 for winning)\n|raw|cabrak's rating: 1624 &rarr; <strong>1604</strong><br />(-20 for losing)\n|c|☆Jenome|gg\n", "inputlog": ">version 686819e5e19f8a7fd2345cfc5a08a5085efa2cc3\n>start {\"formatid\":\"gen9randomdoublesbattle\",\"seed\":\"sodium,dd43964e1b22c2057a1f51591f1f21f9\",\"rated\":\"Rated battle\"}\n>player p1 {\"name\":\"Jenome\",\"avatar\":\"gentleman-gen4\",\"rating\":1627,\"seed\":\"sodium,62dad471a4ff6cde4b670770cc69c1a8\"}\n>player p2 {\"name\":\"cabrak\",\"avatar\":\"unknownf\",\"rating\":1624,\"seed\":\"sodium,34ee8232a5c5c0a8e38208ca60f9732a\"}\n>p1 move rockslide, switch 3\n>p2 move ivycudgel +1, move fireblast +2\n>p1 move rockslide, move psychic +2\n>p2 move knockoff +2, move dualwingbeat +1\n>p1 switch 5, pass\n>p2 pass, switch 3\n>p1 move clangoroussoul, move psychic +2\n>p2 move knockoff +2, move aquastep +2\n>chat ☆cabrak|Ops\n>p2 pass, switch 4\n>p1 move ironhead +2 terastallize, move healpulse -1\n>p2 move followme, move icywind\n>p1 pass, switch 3\n>p1 move ironhead +2, move heavyslam +2\n>p2 move followme, move icywind\n>p2 switch 6, pass\n>p1 move clangingscales, move heavyslam +1\n>p2 move thunder +1 terastallize, move icywind\n>p1 move clangingscales, move bodypress +1\n>p2 move thunder +1, move uturn +2\n>p2 pass, switch 5\n>p1 switch 6, pass\n>p2 switch 5, pass\n>p1 move snarl, move bodypress +2\n>p2 move moonblast +1, move thunderbolt +2\n>p1 move snarl, move bodypress +2\n>p2 move gunkshot +1, move thunderbolt +2\n>p1 move snarl, move bodypress +2\n>p2 pass, move thunderbolt +2\n>p1 pass, switch 4\n>p1 move playrough +2, move drainingkiss +2\n>p2 pass, move thunderwave +2", "uploadtime": 1771178676, "views": 54, "formatid": "gen9randomdoublesbattle", "rating": 1604, "private": 0, "password": null}