{"id": "gen9randomdoublesbattle-2537714599", "format": "[Gen 9] Random Doubles Battle", "players": ["gooyet", "hongbin1"], "log": "|j|☆gooyet\n|j|☆hongbin1\n|t:|1770841048\n|gametype|doubles\n|player|p1|gooyet|101|1738\n|player|p2|hongbin1|170|1842\n|gen|9\n|tier|[Gen 9] Random Doubles Battle\n|rated|\n|rule|Species Clause: Limit one of each Pokémon\n|rule|HP Percentage Mod: HP is shown in percentages\n|rule|Illusion Level Mod: Illusion disguises the Pokémon's true level\n|rule|Sleep Clause Mod: Limit one foe put to sleep\n|\n|t:|1770841048\n|teamsize|p1|6\n|teamsize|p2|6\n|start\n|switch|p1a: Porygon2|Porygon2, L82|274/274\n|switch|p1b: Great Tusk|Great Tusk, L81|319/319\n|switch|p2a: Chesnaught|Chesnaught, L86, M|292/292\n|switch|p2b: Cloyster|Cloyster, L87, F|229/229\n|-ability|p1a: Porygon2|Download|boost\n|-boost|p1a: Porygon2|spa|1\n|turn|1\n|inactive|Battle timer is ON: inactive players will automatically lose when time's up. (requested by gooyet)\n|\n|t:|1770841069\n|-end|p1b: Great Tusk|Protosynthesis|[silent]\n|switch|p1b: Zebstrika|Zebstrika, L87, M|272/272\n|move|p2b: Cloyster|Shell Smash|p2b: Cloyster\n|-unboost|p2b: Cloyster|def|1\n|-unboost|p2b: Cloyster|spd|1\n|-boost|p2b: Cloyster|atk|2\n|-boost|p2b: Cloyster|spa|2\n|-boost|p2b: Cloyster|spe|2\n|-enditem|p2b: Cloyster|White Herb\n|-clearnegativeboost|p2b: Cloyster|[silent]\n|move|p2a: Chesnaught|Iron Defense|p2a: Chesnaught\n|-boost|p2a: Chesnaught|def|2\n|move|p1a: Porygon2|Thunderbolt|p2b: Cloyster\n|-supereffective|p2b: Cloyster\n|-damage|p2b: Cloyster|0 fnt\n|faint|p2b: Cloyster\n|\n|upkeep\n|\n|t:|1770841075\n|switch|p2b: Okidogi|Okidogi, L78, M|265/265\n|turn|2\n|\n|t:|1770841092\n|move|p2a: Chesnaught|Spiky Shield|p2a: Chesnaught\n|-singleturn|p2a: Chesnaught|move: Protect\n|move|p1b: Zebstrika|Overheat|p2a: Chesnaught\n|-activate|p2a: Chesnaught|move: Protect\n|move|p2b: Okidogi|Snarl|p1a: Porygon2|[spread] p1b\n|-miss|p2b: Okidogi|p1a: Porygon2\n|-damage|p1b: Zebstrika|249/272\n|-unboost|p1b: Zebstrika|spa|1\n|move|p1a: Porygon2|Icy Wind|p2a: Chesnaught|[spread] p2b\n|-activate|p2a: Chesnaught|move: Protect\n|-damage|p2b: Okidogi|231/265\n|-unboost|p2b: Okidogi|spe|1\n|\n|upkeep\n|turn|3\n|\n|t:|1770841109\n|move|p1b: Zebstrika|Overheat|p2a: Chesnaught\n|-supereffective|p2a: Chesnaught\n|-damage|p2a: Chesnaught|139/292\n|-unboost|p1b: Zebstrika|spa|2\n|-damage|p1b: Zebstrika|222/272|[from] item: Life Orb\n|move|p2a: Chesnaught|Body Press|p1a: Porygon2\n|-supereffective|p1a: Porygon2\n|-damage|p1a: Porygon2|0 fnt\n|faint|p1a: Porygon2\n|move|p2b: Okidogi|Knock Off|p1b: Zebstrika\n|-damage|p1b: Zebstrika|128/272\n|-enditem|p1b: Zebstrika|Life Orb|[from] move: Knock Off|[of] p2b: Okidogi\n|\n|-heal|p2a: Chesnaught|157/292|[from] item: Leftovers\n|upkeep\n|\n|t:|1770841123\n|switch|p1a: Miraidon|Miraidon, L65|238/238\n|-fieldstart|move: Electric Terrain|[from] ability: Hadron Engine|[of] p1a: Miraidon\n|turn|4\n|\n|t:|1770841133\n|move|p2a: Chesnaught|Spiky Shield|p2a: Chesnaught\n|-singleturn|p2a: Chesnaught|move: Protect\n|move|p1b: Zebstrika|High Horsepower|p2b: Okidogi\n|-supereffective|p2b: Okidogi\n|-damage|p2b: Okidogi|99/265\n|move|p1a: Miraidon|Draco Meteor|p2a: Chesnaught\n|-activate|p2a: Chesnaught|move: Protect\n|move|p2b: Okidogi|Snarl|p1b: Zebstrika|[spread] p1a,p1b\n|-damage|p1a: Miraidon|220/238\n|-damage|p1b: Zebstrika|105/272\n|-unboost|p1a: Miraidon|spa|1\n|-unboost|p1b: Zebstrika|spa|1\n|\n|-heal|p2a: Chesnaught|175/292|[from] item: Leftovers\n|upkeep\n|turn|5\n|\n|t:|1770841146\n|switch|p2b: Clefairy|Clefairy, L98, M|296/296\n|move|p1b: Zebstrika|High Horsepower|p2b: Clefairy\n|-damage|p2b: Clefairy|227/296\n|move|p1a: Miraidon|Draco Meteor|p2a: Chesnaught\n|-damage|p2a: Chesnaught|54/292\n|-unboost|p1a: Miraidon|spa|2\n|move|p2a: Chesnaught|Body Press|p1a: Miraidon\n|-damage|p1a: Miraidon|0 fnt\n|faint|p1a: Miraidon\n|\n|-heal|p2a: Chesnaught|72/292|[from] item: Leftovers\n|upkeep\n|\n|t:|1770841167\n|switch|p1a: Great Tusk|Great Tusk, L81|319/319\n|turn|6\n|\n|t:|1770841172\n|move|p2a: Chesnaught|Spiky Shield|p2a: Chesnaught\n|-singleturn|p2a: Chesnaught|move: Protect\n|move|p1b: Zebstrika|Wild Charge|p2b: Clefairy\n|-damage|p2b: Clefairy|109/296\n|-damage|p1b: Zebstrika|75/272|[from] Recoil\n|move|p1a: Great Tusk|Headlong Rush|p2b: Clefairy\n|-damage|p2b: Clefairy|0 fnt\n|-unboost|p1a: Great Tusk|def|1\n|-unboost|p1a: Great Tusk|spd|1\n|faint|p2b: Clefairy\n|\n|-heal|p2a: Chesnaught|90/292|[from] item: Leftovers\n|upkeep\n|\n|t:|1770841177\n|switch|p2b: Tsareena|Tsareena, L85, F|261/261\n|turn|7\n|\n|t:|1770841203\n|move|p1b: Zebstrika|Wild Charge|p2b: Tsareena\n|-resisted|p2b: Tsareena\n|-damage|p2b: Tsareena|200/261\n|-damage|p1b: Zebstrika|60/272|[from] Recoil\n|move|p1a: Great Tusk|Close Combat|p2b: Tsareena\n|-damage|p2b: Tsareena|70/261\n|-unboost|p1a: Great Tusk|def|1\n|-unboost|p1a: Great Tusk|spd|1\n|move|p2b: Tsareena|Rapid Spin|p1a: Great Tusk\n|-damage|p1a: Great Tusk|248/319\n|-boost|p2b: Tsareena|spe|1\n|move|p2a: Chesnaught|Body Press|p1b: Zebstrika\n|-crit|p1b: Zebstrika\n|-damage|p1b: Zebstrika|0 fnt\n|faint|p1b: Zebstrika\n|\n|-heal|p2a: Chesnaught|108/292|[from] item: Leftovers\n|upkeep\n|\n|t:|1770841211\n|switch|p1b: Roaring Moon|Roaring Moon, L76|285/285\n|turn|8\n|\n|t:|1770841229\n|-terastallize|p2a: Chesnaught|Water\n|move|p2b: Tsareena|Power Whip|p1a: Great Tusk\n|-supereffective|p1a: Great Tusk\n|-damage|p1a: Great Tusk|0 fnt\n|faint|p1a: Great Tusk\n|-end|p1a: Great Tusk|Protosynthesis|[silent]\n|move|p1b: Roaring Moon|Dragon Claw|p2b: Tsareena\n|-damage|p2b: Tsareena|0 fnt\n|faint|p2b: Tsareena\n|move|p2a: Chesnaught|Leech Seed|p1b: Roaring Moon\n|-start|p1b: Roaring Moon|move: Leech Seed\n|\n|-heal|p2a: Chesnaught|126/292|[from] item: Leftovers\n|-damage|p1b: Roaring Moon|250/285|[from] Leech Seed|[of] p2a: Chesnaught\n|-heal|p2a: Chesnaught|161/292|[silent]\n|-fieldend|move: Electric Terrain\n|upkeep\n|\n|t:|1770841241\n|switch|p1a: Maushold|Maushold, L79|247/247\n|switch|p2b: Solgaleo|Solgaleo, L74|325/325\n|turn|9\n|\n|t:|1770841251\n|move|p1b: Roaring Moon|Dragon Dance|p1b: Roaring Moon\n|-boost|p1b: Roaring Moon|atk|1\n|-boost|p1b: Roaring Moon|spe|1\n|move|p1a: Maushold|Encore|p2a: Chesnaught\n|-start|p2a: Chesnaught|Encore\n|move|p2b: Solgaleo|Sunsteel Strike|p1b: Roaring Moon\n|-damage|p1b: Roaring Moon|97/285\n|move|p2a: Chesnaught|Leech Seed||[still]\n|-fail|p2a: Chesnaught\n|\n|-heal|p2a: Chesnaught|179/292|[from] item: Leftovers\n|-damage|p1b: Roaring Moon|62/285|[from] Leech Seed|[of] p2a: Chesnaught\n|-heal|p2a: Chesnaught|214/292|[silent]\n|upkeep\n|turn|10\n|\n|t:|1770841264\n|-terastallize|p1a: Maushold|Normal\n|move|p1b: Roaring Moon|Knock Off|p2b: Solgaleo\n|-supereffective|p2b: Solgaleo\n|-damage|p2b: Solgaleo|23/325\n|-enditem|p2b: Solgaleo|Assault Vest|[from] move: Knock Off|[of] p1b: Roaring Moon\n|move|p1a: Maushold|Population Bomb|p2a: Chesnaught\n|-damage|p2a: Chesnaught|202/292\n|-damage|p2a: Chesnaught|188/292\n|-damage|p2a: Chesnaught|176/292\n|-damage|p2a: Chesnaught|162/292\n|-crit|p2a: Chesnaught\n|-damage|p2a: Chesnaught|128/292\n|-damage|p2a: Chesnaught|114/292\n|-damage|p2a: Chesnaught|100/292\n|-damage|p2a: Chesnaught|86/292\n|-damage|p2a: Chesnaught|72/292\n|-damage|p2a: Chesnaught|58/292\n|-hitcount|p2a: Chesnaught|10\n|move|p2b: Solgaleo|Sunsteel Strike|p1b: Roaring Moon\n|-damage|p1b: Roaring Moon|0 fnt\n|faint|p1b: Roaring Moon\n|-end|p1b: Roaring Moon|Protosynthesis|[silent]\n|move|p2a: Chesnaught|Leech Seed|p1a: Maushold\n|-start|p1a: Maushold|move: Leech Seed\n|\n|-heal|p2a: Chesnaught|76/292|[from] item: Leftovers\n|-damage|p1a: Maushold|217/247|[from] Leech Seed|[of] p2a: Chesnaught\n|-heal|p2a: Chesnaught|106/292|[silent]\n|upkeep\n|turn|11\n|\n|t:|1770841288\n|move|p1a: Maushold|Population Bomb|p2a: Chesnaught\n|-damage|p2a: Chesnaught|92/292\n|-hitcount|p2a: Chesnaught|1\n|move|p2b: Solgaleo|Sunsteel Strike|p1a: Maushold\n|-crit|p1a: Maushold\n|-damage|p1a: Maushold|12/247\n|move|p2a: Chesnaught|Leech Seed||[still]\n|-fail|p2a: Chesnaught\n|\n|-heal|p2a: Chesnaught|110/292|[from] item: Leftovers\n|-damage|p1a: Maushold|0 fnt|[from] Leech Seed|[of] p2a: Chesnaught\n|-heal|p2a: Chesnaught|122/292|[silent]\n|faint|p1a: Maushold\n|\n|win|hongbin1\n|raw|gooyet's rating: 1738 &rarr; <strong>1724</strong><br />(-14 for losing)\n|raw|hongbin1's rating: 1842 &rarr; <strong>1856</strong><br />(+14 for winning)\n|l|☆gooyet\n|player|p1|\n", "inputlog": ">version ccdc32dd7cde25fd9e4bed64820e885f66e78a4e\n>start {\"formatid\":\"gen9randomdoublesbattle\",\"seed\":\"sodium,a4526a48baaf611e0dbbcca4e65e8064\",\"rated\":\"Rated battle\"}\n>player p1 {\"name\":\"gooyet\",\"avatar\":\"101\",\"rating\":1738,\"seed\":\"sodium,7ed8cf31a4f943a32def80c6007deb15\"}\n>player p2 {\"name\":\"hongbin1\",\"avatar\":\"170\",\"rating\":1842,\"seed\":\"sodium,5a907aa198af9763bdc41fa1dab30b48\"}\n>p1 move thunderbolt +2, switch 5\n>p2 move irondefense, move shellsmash\n>p2 pass, switch 6\n>p1 move icywind, move overheat +1\n>p2 move spikyshield, move snarl\n>p1 move triattack +2, move overheat +1\n>p2 move bodypress +1, move knockoff +2\n>p1 switch 6, pass\n>p1 move dracometeor +1, move highhorsepower +2\n>p2 move spikyshield, move snarl\n>p1 move dracometeor +1, move highhorsepower +2\n>p2 move bodypress +1, switch 5\n>p1 switch 5, pass\n>p1 move headlongrush +2, move wildcharge +2\n>p2 move spikyshield, move lifedew\n>p2 pass, switch 4\n>p1 move closecombat +2, move wildcharge +2\n>p2 move bodypress +2, move rapidspin +1\n>p1 pass, switch 3\n>p1 move closecombat +1, move dragonclaw +2\n>p2 move leechseed +2 terastallize, move powerwhip +1\n>p1 switch 4, pass\n>p2 pass, switch 3\n>p1 move encore +1, move dragondance\n>p2 move bodypress +1, move sunsteelstrike +2\n>p1 move populationbomb +1 terastallize, move knockoff +2\n>p2 move leechseed +1, move sunsteelstrike +2\n>p1 move populationbomb +1, pass\n>p2 move leechseed +1, move sunsteelstrike +1", "uploadtime": 1770841297, "views": 67, "formatid": "gen9randomdoublesbattle", "rating": 1724, "private": 0, "password": null}