{"id": "gen9randomdoublesbattle-2538030003", "format": "[Gen 9] Random Doubles Battle", "players": ["gingerlike", "kings11"], "log": "|j|☆gingerlike\n|j|☆kings11\n|t:|1770880842\n|gametype|doubles\n|player|p1|gingerlike|170|1637\n|player|p2|kings11|266|1755\n|gen|9\n|tier|[Gen 9] Random Doubles Battle\n|rated|\n|rule|Species Clause: Limit one of each Pokémon\n|rule|HP Percentage Mod: HP is shown in percentages\n|rule|Illusion Level Mod: Illusion disguises the Pokémon's true level\n|rule|Sleep Clause Mod: Limit one foe put to sleep\n|\n|t:|1770880842\n|teamsize|p1|6\n|teamsize|p2|6\n|start\n|switch|p1a: Umbreon|Umbreon, L85, M|300/300\n|switch|p1b: Tentacruel|Tentacruel, L85, M|275/275\n|switch|p2a: Furret|Furret, L98, F|325/325\n|switch|p2b: Swampert|Swampert, L82, M|298/298\n|-item|p1a: Umbreon|Sitrus Berry|[from] ability: Frisk|[of] p2a: Furret\n|-item|p1b: Tentacruel|Assault Vest|[from] ability: Frisk|[of] p2a: Furret\n|turn|1\n|inactive|Battle timer is ON: inactive players will automatically lose when time's up. (requested by gingerlike)\n|inactive|gingerlike has 120 seconds left.\n|inactive|kings11 has 120 seconds left.\n|inactive|kings11 has 90 seconds left.\n|inactive|kings11 has 60 seconds left.\n|\n|t:|1770880958\n|switch|p1b: Tornadus|Tornadus-Therian, L77, M|248/248\n|move|p2a: Furret|Body Slam|p1b: Tornadus\n|-damage|p1b: Tornadus|139/248\n|move|p1a: Umbreon|Thunder Wave|p2a: Furret\n|-status|p2a: Furret|par\n|move|p2b: Swampert|High Horsepower|p1b: Tornadus\n|-immune|p1b: Tornadus\n|\n|upkeep\n|turn|2\n|inactive|kings11 has 120 seconds left.\n|inactive|gingerlike has 120 seconds left.\n|\n|t:|1770880994\n|switch|p2b: Galvantula|Galvantula, L85, M|258/258\n|move|p1a: Umbreon|Helping Hand|p1b: Tornadus\n|-singleturn|p1b: Tornadus|Helping Hand|[of] p1a: Umbreon\n|move|p1b: Tornadus|Bleakwind Storm|p2a: Furret|[spread] p2a,p2b\n|-damage|p2a: Furret|138/325 par\n|-damage|p2b: Galvantula|75/258\n|-enditem|p2b: Galvantula|Sitrus Berry|[eat]\n|-heal|p2b: Galvantula|139/258|[from] item: Sitrus Berry\n|-enditem|p2a: Furret|Sitrus Berry|[eat]\n|-heal|p2a: Furret|219/325 par|[from] item: Sitrus Berry\n|-damage|p1b: Tornadus|115/248|[from] item: Life Orb\n|move|p2a: Furret|Knock Off|p1b: Tornadus\n|-damage|p1b: Tornadus|22/248\n|-enditem|p1b: Tornadus|Life Orb|[from] move: Knock Off|[of] p2a: Furret\n|\n|upkeep\n|turn|3\n|inactive|kings11 has 120 seconds left.\n|inactive|gingerlike has 120 seconds left.\n|inactive|kings11 has 90 seconds left.\n|\n|t:|1770881031\n|move|p1a: Umbreon|Helping Hand|p1b: Tornadus\n|-singleturn|p1b: Tornadus|Helping Hand|[of] p1a: Umbreon\n|move|p2b: Galvantula|Volt Switch|p1b: Tornadus\n|-supereffective|p1b: Tornadus\n|-damage|p1b: Tornadus|0 fnt\n|faint|p1b: Tornadus\n|inactive|kings11 has 90 seconds left.\n|\n|t:|1770881041\n|switch|p2b: Klefki|Klefki, L81, M|225/225|[from] Volt Switch\n|cant|p2a: Furret|par\n|\n|upkeep\n|inactive|gingerlike has 90 seconds left.\n|\n|t:|1770881077\n|switch|p1b: Tentacruel|Tentacruel, L85, M|275/275\n|turn|4\n|inactive|kings11 has 90 seconds left.\n|\n|t:|1770881131\n|move|p1a: Umbreon|Helping Hand|p1b: Tentacruel\n|-singleturn|p1b: Tentacruel|Helping Hand|[of] p1a: Umbreon\n|move|p2b: Klefki|Light Screen|p2b: Klefki\n|-sidestart|p2: kings11|move: Light Screen\n|move|p1b: Tentacruel|Muddy Water|p2a: Furret|[spread] p2a,p2b\n|-damage|p2a: Furret|141/325 par\n|-damage|p2b: Klefki|158/225\n|cant|p2a: Furret|par\n|\n|upkeep\n|turn|5\n|inactive|gingerlike has 120 seconds left.\n|\n|t:|1770881149\n|move|p2b: Klefki|Thunder Wave|p1b: Tentacruel\n|-status|p1b: Tentacruel|par\n|move|p1a: Umbreon|Thunder Wave|p2b: Klefki\n|-status|p2b: Klefki|par\n|move|p2a: Furret|Body Slam|p1a: Umbreon\n|-damage|p1a: Umbreon|213/300\n|cant|p1b: Tentacruel|par\n|\n|upkeep\n|turn|6\n|inactive|gingerlike has 120 seconds left.\n|inactive|gingerlike has 90 seconds left.\n|\n|t:|1770881213\n|move|p2b: Klefki|Thunder Wave|p1a: Umbreon\n|-hint|Since gen 7, Dark is immune to Prankster moves.\n|-immune|p1a: Umbreon\n|move|p1a: Umbreon|Moonlight|p1a: Umbreon\n|-heal|p1a: Umbreon|300/300\n|move|p2a: Furret|Body Slam|p1b: Tentacruel\n|-damage|p1b: Tentacruel|157/275 par\n|move|p1b: Tentacruel|Muddy Water|p2b: Klefki|[spread] p2b\n|-miss|p1b: Tentacruel|p2a: Furret\n|-damage|p2b: Klefki|115/225 par\n|-unboost|p2b: Klefki|accuracy|1\n|\n|upkeep\n|turn|7\n|inactive|gingerlike has 90 seconds left.\n|inactive|kings11 has 90 seconds left.\n|\n|t:|1770881269\n|switch|p2b: Swampert|Swampert, L82, M|298/298\n|move|p1a: Umbreon|Foul Play|p2a: Furret\n|-damage|p2a: Furret|38/325 par\n|move|p2a: Furret|Body Slam|p1b: Tentacruel\n|-damage|p1b: Tentacruel|22/275 par\n|move|p1b: Tentacruel|Muddy Water|p2a: Furret|[spread] p2a,p2b\n|-damage|p2a: Furret|0 fnt\n|-damage|p2b: Swampert|266/298\n|faint|p2a: Furret\n|\n|upkeep\n|inactive|kings11 has 60 seconds left.\n|\n|t:|1770881282\n|switch|p2a: Galvantula|Galvantula, L85, M|139/258\n|turn|8\n|inactive|gingerlike has 90 seconds left.\n|\n|t:|1770881329\n|switch|p1a: Kilowattrel|Kilowattrel, L80, M|243/243\n|move|p2a: Galvantula|Bug Buzz|p1a: Kilowattrel\n|-resisted|p1a: Kilowattrel\n|-damage|p1a: Kilowattrel|171/243\n|move|p2b: Swampert|High Horsepower|p1a: Kilowattrel\n|-immune|p1a: Kilowattrel\n|move|p1b: Tentacruel|Icy Wind|p2b: Swampert|[spread] p2a\n|-miss|p1b: Tentacruel|p2b: Swampert\n|-damage|p2a: Galvantula|116/258\n|-unboost|p2a: Galvantula|spe|1\n|\n|upkeep\n|turn|9\n|inactive|gingerlike has 90 seconds left.\n|\n|t:|1770881352\n|switch|p2a: Klefki|Klefki, L81, M|115/225 par\n|move|p1a: Kilowattrel|Hurricane|p2a: Klefki\n|-resisted|p2a: Klefki\n|-damage|p2a: Klefki|63/225 par\n|-damage|p1a: Kilowattrel|147/243|[from] item: Life Orb\n|move|p2b: Swampert|Muddy Water|p1b: Tentacruel|[spread] p1a,p1b\n|-resisted|p1b: Tentacruel\n|-damage|p1a: Kilowattrel|60/243\n|-damage|p1b: Tentacruel|6/275 par\n|move|p1b: Tentacruel|Sludge Bomb|p2a: Klefki\n|-immune|p2a: Klefki\n|\n|upkeep\n|turn|10\n|inactive|kings11 has 90 seconds left.\n|inactive|gingerlike has 90 seconds left.\n|\n|t:|1770881395\n|move|p2a: Klefki|Reflect|p2a: Klefki\n|-sidestart|p2: kings11|Reflect\n|move|p1a: Kilowattrel|Thunderbolt|p2a: Klefki\n|-damage|p2a: Klefki|0 fnt\n|faint|p2a: Klefki\n|-damage|p1a: Kilowattrel|36/243|[from] item: Life Orb\n|move|p2b: Swampert|Icy Wind|p1a: Kilowattrel|[spread] p1b\n|-miss|p2b: Swampert|p1a: Kilowattrel\n|-resisted|p1b: Tentacruel\n|-damage|p1b: Tentacruel|0 fnt\n|faint|p1b: Tentacruel\n|\n|upkeep\n|\n|t:|1770881419\n|switch|p1b: Metagross|Metagross, L80|259/259\n|switch|p2a: Galvantula|Galvantula, L85, M|116/258\n|turn|11\n|inactive|gingerlike has 90 seconds left.\n|\n|t:|1770881439\n|move|p1a: Kilowattrel|Hurricane|p2a: Galvantula\n|-damage|p2a: Galvantula|0 fnt\n|faint|p2a: Galvantula\n|-damage|p1a: Kilowattrel|12/243|[from] item: Life Orb\n|move|p1b: Metagross|Psychic Fangs|p2b: Swampert\n|-sideend|p2: kings11|Reflect\n|-sideend|p2: kings11|move: Light Screen\n|-damage|p2b: Swampert|154/298\n|move|p2b: Swampert|Muddy Water|p1b: Metagross|[spread] p1a,p1b\n|-damage|p1a: Kilowattrel|0 fnt\n|-damage|p1b: Metagross|220/259\n|faint|p1a: Kilowattrel\n|\n|upkeep\n|\n|t:|1770881456\n|switch|p1a: Veluza|Veluza, L88, M|302/302\n|switch|p2a: Iron Leaves|Iron Leaves, L81|278/278\n|turn|12\n|inactive|kings11 has 90 seconds left.\n|inactive|gingerlike has 90 seconds left.\n|\n|t:|1770881478\n|-terastallize|p1b: Metagross|Dark\n|move|p2a: Iron Leaves|Leaf Blade|p1a: Veluza\n|-supereffective|p1a: Veluza\n|-damage|p1a: Veluza|0 fnt\n|faint|p1a: Veluza\n|move|p1b: Metagross|Knock Off|p2a: Iron Leaves\n|-supereffective|p2a: Iron Leaves\n|-damage|p2a: Iron Leaves|14/278\n|-enditem|p2a: Iron Leaves|Choice Band|[from] move: Knock Off|[of] p1b: Metagross\n|move|p2b: Swampert|High Horsepower|p1b: Metagross\n|-damage|p1b: Metagross|133/259\n|\n|upkeep\n|inactive|gingerlike has 90 seconds left.\n|\n|t:|1770881491\n|switch|p1a: Umbreon|Umbreon, L85, M|300/300\n|turn|13\n|inactive|kings11 has 90 seconds left.\n|inactive|gingerlike has 90 seconds left.\n|c|☆kings11|Imabouttodie\n|\n|t:|1770881537\n|-terastallize|p2a: Iron Leaves|Fighting\n|move|p2a: Iron Leaves|Close Combat|p1a: Umbreon\n|-supereffective|p1a: Umbreon\n|-damage|p1a: Umbreon|58/300\n|-unboost|p2a: Iron Leaves|def|1\n|-unboost|p2a: Iron Leaves|spd|1\n|-enditem|p1a: Umbreon|Sitrus Berry|[eat]\n|-heal|p1a: Umbreon|133/300|[from] item: Sitrus Berry\n|move|p1a: Umbreon|Foul Play|p2a: Iron Leaves\n|-resisted|p2a: Iron Leaves\n|-damage|p2a: Iron Leaves|0 fnt\n|faint|p2a: Iron Leaves\n|-end|p2a: Iron Leaves|Quark Drive|[silent]\n|move|p1b: Metagross|Knock Off|p2b: Swampert\n|-damage|p2b: Swampert|24/298\n|-enditem|p2b: Swampert|Assault Vest|[from] move: Knock Off|[of] p1b: Metagross\n|move|p2b: Swampert|Muddy Water|p1b: Metagross|[spread] p1b\n|-miss|p2b: Swampert|p1a: Umbreon\n|-crit|p1b: Metagross\n|-damage|p1b: Metagross|39/259\n|\n|upkeep\n|inactive|kings11 has 90 seconds left.\n|\n|t:|1770881555\n|switch|p2a: Basculegion|Basculegion-F, L72, F|292/292\n|turn|14\n|inactive|gingerlike has 90 seconds left.\n|inactive|kings11 has 90 seconds left.\n|\n|t:|1770881571\n|move|p2a: Basculegion|Last Respects|p1a: Umbreon\n|-resisted|p1a: Umbreon\n|-damage|p1a: Umbreon|37/300\n|move|p1a: Umbreon|Foul Play|p2a: Basculegion\n|-supereffective|p2a: Basculegion\n|-damage|p2a: Basculegion|40/292\n|move|p1b: Metagross|Knock Off|p2b: Swampert\n|-damage|p2b: Swampert|0 fnt\n|faint|p2b: Swampert\n|\n|upkeep\n|turn|15\n|c|☆gingerlike|gg\n|\n|t:|1770881582\n|move|p2a: Basculegion|Last Respects|p1b: Metagross\n|-resisted|p1b: Metagross\n|-damage|p1b: Metagross|0 fnt\n|faint|p1b: Metagross\n|move|p1a: Umbreon|Foul Play|p2a: Basculegion\n|-supereffective|p2a: Basculegion\n|-damage|p2a: Basculegion|0 fnt\n|faint|p2a: Basculegion\n|\n|win|gingerlike\n|raw|gingerlike's rating: 1637 &rarr; <strong>1664</strong><br />(+27 for winning)\n|raw|kings11's rating: 1755 &rarr; <strong>1728</strong><br />(-27 for losing)\n", "inputlog": ">version ccdc32dd7cde25fd9e4bed64820e885f66e78a4e\n>start {\"formatid\":\"gen9randomdoublesbattle\",\"seed\":\"sodium,c519c7f26c7e5a26e3692bac3f178b6f\",\"rated\":\"Rated battle\"}\n>player p1 {\"name\":\"gingerlike\",\"avatar\":\"170\",\"rating\":1637,\"seed\":\"sodium,e1873351f43c95c99bd7ca23c7c7c2a1\"}\n>player p2 {\"name\":\"kings11\",\"avatar\":\"266\",\"rating\":1755,\"seed\":\"sodium,c5f293857e9e96cebf18c8d89e3195d7\"}\n>p1 move thunderwave +1, switch 4\n>p2 move bodyslam +2, move highhorsepower +2\n>p1 move helpinghand -2, move bleakwindstorm\n>p2 move knockoff +2, switch 6\n>p1 move helpinghand -2, move heatwave\n>p2 move bodyslam +2, move voltswitch +2\n>p2 pass, switch 3\n>p1 pass, switch 4\n>p1 move helpinghand -2, move muddywater\n>p2 move bodyslam +1, move lightscreen\n>p1 move thunderwave +2, move muddywater\n>p2 move bodyslam +1, move thunderwave +2\n>p1 move moonlight, move muddywater\n>p2 move bodyslam +2, move thunderwave +1\n>p1 move foulplay +1, move muddywater\n>p2 move bodyslam +2, switch 6\n>p2 switch 3, pass\n>p1 switch 5, move icywind\n>p2 move bugbuzz +1, move highhorsepower +1\n>p1 move hurricane +1, move sludgebomb +1\n>p2 switch 6, move muddywater\n>p1 move thunderbolt +1, move muddywater\n>p2 move reflect, move icywind\n>p1 pass, switch 6\n>p2 switch 6, pass\n>p1 move hurricane +1, move psychicfangs +1\n>p2 move thunder +2, move muddywater\n>p1 switch 3, pass\n>p2 switch 5, pass\n>p1 move nightslash +1, move knockoff +1 terastallize\n>p2 move leafblade +1, move highhorsepower +1\n>p1 switch 5, pass\n>chat ☆kings11|Imabouttodie\n>p1 move foulplay +1, move knockoff +2\n>p2 move closecombat +1 terastallize, move muddywater\n>p2 switch 4, pass\n>p1 move foulplay +1, move knockoff +2\n>p2 move lastrespects +1, move muddywater\n>chat ☆gingerlike|gg\n>p1 move foulplay +1, move knockoff +1\n>p2 move lastrespects +2, pass", "uploadtime": 1770881582, "views": 73, "formatid": "gen9randomdoublesbattle", "rating": 1664, "private": 0, "password": null}