{"id": "gen9randomdoublesbattle-2539799272", "format": "[Gen 9] Random Doubles Battle", "players": ["Lillikoal Nation", "improvguy"], "log": "|j|‽Lillikoal Nation\n|j|☆improvguy\n|t:|1771110428\n|gametype|doubles\n|player|p1|Lillikoal Nation|pokemonbreederf-gen4|1727\n|player|p2|improvguy|cameraman|1887\n|gen|9\n|tier|[Gen 9] Random Doubles Battle\n|rated|\n|rule|Species Clause: Limit one of each Pokémon\n|rule|HP Percentage Mod: HP is shown in percentages\n|rule|Illusion Level Mod: Illusion disguises the Pokémon's true level\n|rule|Sleep Clause Mod: Limit one foe put to sleep\n|\n|t:|1771110428\n|teamsize|p1|6\n|teamsize|p2|6\n|start\n|switch|p1a: Walking Wake|Walking Wake, L78|283/283\n|switch|p1b: Wo-Chien|Wo-Chien, L85|283/283\n|switch|p2a: Conkeldurr|Conkeldurr, L81, F|303/303\n|switch|p2b: Emboar|Emboar, L85, M|326/326\n|-ability|p1b: Wo-Chien|Tablets of Ruin\n|turn|1\n|inactive|Battle timer is ON: inactive players will automatically lose when time's up. (requested by improvguy)\n|\n|t:|1771110495\n|switch|p2b: Swanna|Swanna, L87, F|272/272\n|switch|p1b: Chandelure|Chandelure, L81, M|230/230\n|move|p1a: Walking Wake|Hydro Pump|p2a: Conkeldurr\n|-damage|p2a: Conkeldurr|104/303\n|-damage|p1a: Walking Wake|255/283|[from] item: Life Orb\n|move|p2a: Conkeldurr|Knock Off|p1a: Walking Wake\n|-damage|p1a: Walking Wake|161/283\n|-enditem|p1a: Walking Wake|Life Orb|[from] move: Knock Off|[of] p2a: Conkeldurr\n|\n|-status|p2a: Conkeldurr|brn|[from] item: Flame Orb\n|upkeep\n|turn|2\n|\n|t:|1771110519\n|move|p1b: Chandelure|Shadow Ball|p2b: Swanna\n|-damage|p2b: Swanna|136/272\n|-unboost|p2b: Swanna|spd|1\n|-enditem|p2b: Swanna|Sitrus Berry|[eat]\n|-heal|p2b: Swanna|204/272|[from] item: Sitrus Berry\n|move|p2b: Swanna|Tailwind|p2b: Swanna\n|-sidestart|p2: improvguy|move: Tailwind\n|move|p2a: Conkeldurr|Close Combat|p1a: Walking Wake\n|-damage|p1a: Walking Wake|0 fnt\n|-unboost|p2a: Conkeldurr|def|1\n|-unboost|p2a: Conkeldurr|spd|1\n|faint|p1a: Walking Wake\n|-end|p1a: Walking Wake|Protosynthesis|[silent]\n|\n|-damage|p2a: Conkeldurr|86/303 brn|[from] brn\n|upkeep\n|\n|t:|1771110532\n|switch|p1a: Tinkaton|Tinkaton, L82, F|274/274\n|-ability|p1a: Tinkaton|Mold Breaker\n|turn|3\n|\n|t:|1771110542\n|-terastallize|p1b: Chandelure|Grass\n|move|p2b: Swanna|Protect|p2b: Swanna\n|-singleturn|p2b: Swanna|Protect\n|move|p1a: Tinkaton|Fake Out|p2a: Conkeldurr\n|-damage|p2a: Conkeldurr|56/303 brn\n|move|p1b: Chandelure|Shadow Ball|p2b: Swanna\n|-activate|p2b: Swanna|move: Protect\n|cant|p2a: Conkeldurr|flinch\n|\n|-damage|p2a: Conkeldurr|38/303 brn|[from] brn\n|upkeep\n|turn|4\n|\n|t:|1771110558\n|switch|p1b: Banette|Banette, L94, M|273/273\n|-item|p2a: Conkeldurr|Flame Orb|[from] ability: Frisk|[of] p1b: Banette\n|move|p2b: Swanna|Brave Bird|p1b: Banette\n|-damage|p1b: Banette|123/273\n|-damage|p2b: Swanna|154/272|[from] Recoil\n|move|p2a: Conkeldurr|Close Combat|p1a: Tinkaton\n|-damage|p1a: Tinkaton|13/274\n|-unboost|p2a: Conkeldurr|def|1\n|-unboost|p2a: Conkeldurr|spd|1\n|-enditem|p1a: Tinkaton|Sitrus Berry|[eat]\n|-heal|p1a: Tinkaton|81/274|[from] item: Sitrus Berry\n|move|p1a: Tinkaton|Play Rough|p2a: Conkeldurr\n|-supereffective|p2a: Conkeldurr\n|-damage|p2a: Conkeldurr|0 fnt\n|faint|p2a: Conkeldurr\n|\n|upkeep\n|\n|t:|1771110576\n|switch|p2a: Oinkologne|Oinkologne-F, L92, F|361/361\n|turn|5\n|\n|t:|1771110591\n|move|p2b: Swanna|Hydro Pump|p1a: Tinkaton\n|-damage|p1a: Tinkaton|0 fnt\n|faint|p1a: Tinkaton\n|move|p2a: Oinkologne|Lash Out|p1b: Banette\n|-supereffective|p1b: Banette\n|-damage|p1b: Banette|0 fnt\n|faint|p1b: Banette\n|\n|-sideend|p2: improvguy|move: Tailwind\n|upkeep\n|\n|t:|1771110604\n|switch|p1a: Pyroar|Pyroar, L83, M|278/278\n|switch|p1b: Wo-Chien|Wo-Chien, L85|283/283\n|-ability|p1a: Pyroar|Unnerve\n|-ability|p1b: Wo-Chien|Tablets of Ruin\n|turn|6\n|\n|t:|1771110613\n|switch|p2b: Emboar|Emboar, L85, M|326/326\n|move|p1a: Pyroar|Hyper Voice|p2a: Oinkologne|[spread] p2a,p2b\n|-damage|p2a: Oinkologne|278/361\n|-damage|p2b: Emboar|213/326\n|-damage|p1a: Pyroar|251/278|[from] item: Life Orb\n|move|p2a: Oinkologne|Yawn|p1a: Pyroar\n|-start|p1a: Pyroar|move: Yawn|[of] p2a: Oinkologne\n|move|p1b: Wo-Chien|Knock Off|p2a: Oinkologne\n|-damage|p2a: Oinkologne|179/361\n|-enditem|p2a: Oinkologne|Aguav Berry|[from] move: Knock Off|[of] p1b: Wo-Chien\n|\n|upkeep\n|turn|7\n|\n|t:|1771110632\n|switch|p1b: Chandelure|Chandelure, L81, M, tera:Grass|230/230\n|move|p2b: Emboar|Flare Blitz|p1b: Chandelure\n|-start|p1b: Chandelure|ability: Flash Fire\n|move|p1a: Pyroar|Taunt|p2a: Oinkologne\n|-start|p2a: Oinkologne|move: Taunt\n|move|p2a: Oinkologne|Double-Edge|p1a: Pyroar\n|-damage|p1a: Pyroar|74/278\n|-damage|p2a: Oinkologne|121/361|[from] Recoil\n|\n|-end|p1a: Pyroar|move: Yawn|[silent]\n|-status|p1a: Pyroar|slp\n|upkeep\n|turn|8\n|\n|t:|1771110651\n|switch|p2b: Swanna|Swanna, L87, F|154/272\n|move|p1b: Chandelure|Heat Wave|p2b: Swanna|[spread] p2a,p2b\n|-resisted|p2b: Swanna\n|-damage|p2a: Oinkologne|1/361\n|-damage|p2b: Swanna|61/272\n|cant|p1a: Pyroar|slp\n|move|p2a: Oinkologne|Double-Edge|p1b: Chandelure\n|-damage|p1b: Chandelure|89/230\n|-damage|p2a: Oinkologne|0 fnt|[from] Recoil\n|faint|p2a: Oinkologne\n|\n|upkeep\n|\n|t:|1771110656\n|switch|p2a: Lanturn|Lanturn, L87, F|359/359\n|turn|9\n|\n|t:|1771110667\n|move|p2b: Swanna|Protect|p2b: Swanna\n|-singleturn|p2b: Swanna|Protect\n|move|p1b: Chandelure|Heat Wave|p2a: Lanturn|[spread] p2a\n|-activate|p2b: Swanna|move: Protect\n|-resisted|p2a: Lanturn\n|-damage|p2a: Lanturn|305/359\n|-curestatus|p1a: Pyroar|slp|[msg]\n|move|p1a: Pyroar|Hyper Voice|p2a: Lanturn|[spread] p2a\n|-activate|p2b: Swanna|move: Protect\n|-damage|p2a: Lanturn|235/359\n|-damage|p1a: Pyroar|47/278|[from] item: Life Orb\n|move|p2a: Lanturn|Electroweb|p1a: Pyroar|[spread] p1a,p1b\n|-resisted|p1b: Chandelure\n|-damage|p1a: Pyroar|0 fnt\n|-damage|p1b: Chandelure|70/230\n|-unboost|p1b: Chandelure|spe|1\n|faint|p1a: Pyroar\n|\n|upkeep\n|\n|t:|1771110670\n|switch|p1a: Wo-Chien|Wo-Chien, L85|283/283\n|-ability|p1a: Wo-Chien|Tablets of Ruin\n|turn|10\n|\n|t:|1771110692\n|move|p2b: Swanna|Brave Bird|p1b: Chandelure\n|-supereffective|p1b: Chandelure\n|-damage|p1b: Chandelure|0 fnt\n|faint|p1b: Chandelure\n|-damage|p2b: Swanna|38/272|[from] Recoil\n|move|p1a: Wo-Chien|Leech Seed|p2a: Lanturn\n|-start|p2a: Lanturn|move: Leech Seed\n|move|p2a: Lanturn|Electroweb|p1a: Wo-Chien\n|-resisted|p1a: Wo-Chien\n|-damage|p1a: Wo-Chien|265/283\n|-unboost|p1a: Wo-Chien|spe|1\n|\n|-damage|p2a: Lanturn|191/359|[from] Leech Seed|[of] p1a: Wo-Chien\n|-heal|p1a: Wo-Chien|283/283|[silent]\n|upkeep\n|turn|11\n|\n|t:|1771110717\n|move|p2b: Swanna|Brave Bird|p1a: Wo-Chien\n|-supereffective|p1a: Wo-Chien\n|-damage|p1a: Wo-Chien|115/283\n|-enditem|p1a: Wo-Chien|Sitrus Berry|[eat]\n|-heal|p1a: Wo-Chien|185/283|[from] item: Sitrus Berry\n|-damage|p2b: Swanna|0 fnt|[from] Recoil\n|faint|p2b: Swanna\n|move|p2a: Lanturn|Ice Beam|p1a: Wo-Chien\n|-supereffective|p1a: Wo-Chien\n|-damage|p1a: Wo-Chien|105/283\n|move|p1a: Wo-Chien|Knock Off|p2a: Lanturn\n|-damage|p2a: Lanturn|71/359\n|-enditem|p2a: Lanturn|Assault Vest|[from] move: Knock Off|[of] p1a: Wo-Chien\n|\n|-damage|p2a: Lanturn|27/359|[from] Leech Seed|[of] p1a: Wo-Chien\n|-heal|p1a: Wo-Chien|149/283|[silent]\n|upkeep\n|-message|Lillikoal Nation forfeited.\n|\n|win|improvguy\n|raw|Lillikoal Nation's rating: 1727 &rarr; <strong>1716</strong><br />(-11 for losing)\n|raw|improvguy's rating: 1887 &rarr; <strong>1898</strong><br />(+11 for winning)\n|l|‽Lillikoal Nation\n|player|p1|\n", "inputlog": ">version ccdc32dd7cde25fd9e4bed64820e885f66e78a4e\n>start {\"formatid\":\"gen9randomdoublesbattle\",\"seed\":\"sodium,228cfd249e19d973ba77b1d53caf5edb\",\"rated\":\"Rated battle\"}\n>player p1 {\"name\":\"Lillikoal Nation\",\"avatar\":\"pokemonbreederf-gen4\",\"rating\":1727,\"seed\":\"sodium,f03e184cbed1d49539d9f7e956f87b18\"}\n>player p2 {\"name\":\"improvguy\",\"avatar\":\"cameraman\",\"rating\":1887,\"seed\":\"sodium,464155e97f6ec38d833e6732fd1a20aa\"}\n>p1 move hydropump +1, switch 3\n>p2 move knockoff +1, switch 4\n>p1 move dracometeor +2, move shadowball +2\n>p2 move closecombat +1, move tailwind\n>p1 switch 5, pass\n>p1 move fakeout +1, move shadowball +2 terastallize\n>p2 move knockoff +2, move protect\n>p1 move playrough +1, switch 6\n>p2 move closecombat +1, move bravebird +2\n>p2 switch 3, pass\n>p1 move playrough +2, move gunkshot +2\n>p2 move lashout +2, move hydropump +1\n>p1 switch 4, switch 3\n>p1 move hypervoice, move knockoff +1\n>p2 move yawn +1, switch 4\n>p1 move taunt +1, switch 6\n>p2 move doubleedge +1, move flareblitz +2\n>p1 move hypervoice, move heatwave\n>p2 move doubleedge +2, switch 4\n>p2 switch 6, pass\n>p1 move hypervoice, move heatwave\n>p2 move electroweb, move protect\n>p1 switch 6, pass\n>p1 move leechseed +1, move heatwave\n>p2 move electroweb, move bravebird +2\n>p1 move knockoff +1, pass\n>p2 move icebeam +1, move bravebird +1\n>forcelose p1", "uploadtime": 1771110737, "views": 75, "formatid": "gen9randomdoublesbattle", "rating": 1716, "private": 0, "password": null}