{"id": "gen9randomdoublesbattle-2538264556", "format": "[Gen 9] Random Doubles Battle", "players": ["antonio_mg28", "lordjikji"], "log": "|j|☆antonio_mg28\n|j|☆lordjikji\n|t:|1770911820\n|gametype|doubles\n|player|p1|antonio_mg28|266|1588\n|player|p2|lordjikji|170|1603\n|gen|9\n|tier|[Gen 9] Random Doubles Battle\n|rated|\n|rule|Species Clause: Limit one of each Pokémon\n|rule|HP Percentage Mod: HP is shown in percentages\n|rule|Illusion Level Mod: Illusion disguises the Pokémon's true level\n|rule|Sleep Clause Mod: Limit one foe put to sleep\n|\n|t:|1770911820\n|teamsize|p1|6\n|teamsize|p2|6\n|start\n|switch|p1a: Sceptile|Sceptile, L88, F|266/266\n|switch|p1b: Decidueye|Decidueye, L89, M|284/284\n|switch|p2a: Pyroar|Pyroar, L83, F|278/278\n|switch|p2b: Banette|Banette, L94, M|273/273\n|-ability|p2a: Pyroar|Unnerve\n|-item|p1a: Sceptile|White Herb|[from] ability: Frisk|[of] p2b: Banette\n|-item|p1b: Decidueye|Sitrus Berry|[from] ability: Frisk|[of] p2b: Banette\n|turn|1\n|\n|t:|1770911849\n|move|p1a: Sceptile|Focus Blast|p2a: Pyroar\n|-supereffective|p2a: Pyroar\n|-damage|p2a: Pyroar|30/278\n|move|p2a: Pyroar|Fire Blast|p1b: Decidueye\n|-supereffective|p1b: Decidueye\n|-damage|p1b: Decidueye|1/284\n|-damage|p2a: Pyroar|3/278|[from] item: Life Orb\n|move|p2b: Banette|Poltergeist|p1a: Sceptile\n|-activate|p1a: Sceptile|move: Poltergeist|White Herb\n|-damage|p1a: Sceptile|0 fnt\n|faint|p1a: Sceptile\n|-damage|p2b: Banette|246/273|[from] item: Life Orb\n|move|p1b: Decidueye|Tailwind|p1b: Decidueye\n|-sidestart|p1: antonio_mg28|move: Tailwind\n|\n|upkeep\n|\n|t:|1770911881\n|switch|p1a: Krookodile|Krookodile, L80, F|283/283\n|-ability|p1a: Krookodile|Intimidate|boost\n|-unboost|p2a: Pyroar|atk|1\n|-unboost|p2b: Banette|atk|1\n|turn|2\n|\n|t:|1770911894\n|move|p1b: Decidueye|Protect|p1b: Decidueye\n|-singleturn|p1b: Decidueye|Protect\n|move|p2b: Banette|Shadow Sneak|p1b: Decidueye\n|-activate|p1b: Decidueye|move: Protect\n|move|p1a: Krookodile|Rock Slide|p2a: Pyroar|[spread] p2a\n|-miss|p1a: Krookodile|p2b: Banette\n|-supereffective|p2a: Pyroar\n|-damage|p2a: Pyroar|0 fnt\n|-enditem|p1b: Decidueye|Sitrus Berry|[eat]\n|-heal|p1b: Decidueye|72/284|[from] item: Sitrus Berry\n|faint|p2a: Pyroar\n|\n|upkeep\n|\n|t:|1770911904\n|switch|p2a: Toxicroak|Toxicroak, L85, M|280/280\n|turn|3\n|inactive|Battle timer is ON: inactive players will automatically lose when time's up. (requested by lordjikji)\n|\n|t:|1770911929\n|move|p2a: Toxicroak|Fake Out|p1a: Krookodile\n|-damage|p1a: Krookodile|248/283\n|move|p2b: Banette|Shadow Sneak|p1b: Decidueye\n|-supereffective|p1b: Decidueye\n|-damage|p1b: Decidueye|0 fnt\n|faint|p1b: Decidueye\n|-damage|p2b: Banette|219/273|[from] item: Life Orb\n|cant|p1a: Krookodile|flinch\n|\n|upkeep\n|\n|t:|1770911943\n|switch|p1b: Stonjourner|Stonjourner, L88, F|319/319\n|turn|4\n|\n|t:|1770911954\n|switch|p2a: Dondozo|Dondozo, L85, F|394/394\n|move|p2b: Banette|Protect|p2b: Banette\n|-singleturn|p2b: Banette|Protect\n|move|p1b: Stonjourner|High Horsepower|p2a: Dondozo\n|-damage|p2a: Dondozo|320/394\n|move|p1a: Krookodile|Rock Slide|p2a: Dondozo|[spread] p2a\n|-activate|p2b: Banette|move: Protect\n|-damage|p2a: Dondozo|256/394\n|\n|-sideend|p1: antonio_mg28|move: Tailwind\n|upkeep\n|turn|5\n|\n|t:|1770911974\n|switch|p1b: Greninja|Greninja, L83, M|255/255\n|switch|p1a: Electivire|Electivire, L86, F|269/269\n|switch|p2b: Toxicroak|Toxicroak, L85, M|280/280\n|move|p2a: Dondozo|Wave Crash|p1b: Greninja\n|-resisted|p1b: Greninja\n|-damage|p1b: Greninja|172/255\n|-damage|p2a: Dondozo|229/394|[from] Recoil\n|\n|upkeep\n|turn|6\n|\n|t:|1770911994\n|switch|p1b: Krookodile|Krookodile, L80, F|248/283\n|-ability|p1b: Krookodile|Intimidate|boost\n|-unboost|p2a: Dondozo|atk|1\n|-fail|p2b: Toxicroak|unboost|[from] item: Clear Amulet|[of] p2b: Toxicroak\n|move|p2b: Toxicroak|Fake Out|p1a: Electivire\n|-damage|p1a: Electivire|231/269\n|cant|p1a: Electivire|flinch\n|move|p2a: Dondozo|Wave Crash|p1a: Electivire\n|-damage|p1a: Electivire|116/269\n|-damage|p2a: Dondozo|191/394|[from] Recoil\n|\n|upkeep\n|turn|7\n|\n|t:|1770912019\n|switch|p2a: Banette|Banette, L94, M|219/273\n|-item|p1a: Electivire|Assault Vest|[from] ability: Frisk|[of] p2a: Banette\n|-item|p1b: Krookodile|Choice Band|[from] ability: Frisk|[of] p2a: Banette\n|move|p1a: Electivire|Wild Charge|p2a: Banette\n|-damage|p2a: Banette|92/273\n|-damage|p1a: Electivire|84/269|[from] Recoil\n|move|p2b: Toxicroak|Close Combat|p1b: Krookodile\n|-supereffective|p1b: Krookodile\n|-damage|p1b: Krookodile|0 fnt\n|-unboost|p2b: Toxicroak|def|1\n|-unboost|p2b: Toxicroak|spd|1\n|faint|p1b: Krookodile\n|\n|upkeep\n|\n|t:|1770912028\n|switch|p1b: Greninja|Greninja, L83, M|172/255\n|turn|8\n|\n|t:|1770912040\n|move|p2b: Toxicroak|Sucker Punch|p1a: Electivire\n|-damage|p1a: Electivire|19/269\n|move|p2a: Banette|Shadow Sneak|p1a: Electivire\n|-damage|p1a: Electivire|0 fnt\n|faint|p1a: Electivire\n|-damage|p2a: Banette|65/273|[from] item: Life Orb\n|move|p1b: Greninja|Dark Pulse|p2a: Banette\n|-supereffective|p2a: Banette\n|-damage|p2a: Banette|0 fnt\n|faint|p2a: Banette\n|-ability|p1b: Greninja|Battle Bond|boost\n|-boost|p1b: Greninja|atk|1\n|-boost|p1b: Greninja|spa|1\n|-boost|p1b: Greninja|spe|1\n|-activate|p1b: Greninja|ability: Battle Bond\n|-damage|p1b: Greninja|147/255|[from] item: Life Orb\n|\n|upkeep\n|\n|t:|1770912051\n|switch|p1a: Stonjourner|Stonjourner, L88, F|319/319\n|switch|p2a: Dondozo|Dondozo, L85, F|191/394\n|turn|9\n|\n|t:|1770912078\n|switch|p2b: Ogerpon|Ogerpon-Cornerstone, L75, F|244/244\n|move|p1b: Greninja|Dark Pulse|p2a: Dondozo\n|-damage|p2a: Dondozo|61/394\n|-damage|p1b: Greninja|122/255|[from] item: Life Orb\n|move|p1a: Stonjourner|High Horsepower|p2b: Ogerpon\n|-damage|p2b: Ogerpon|133/244\n|move|p2a: Dondozo|Body Press|p1b: Greninja\n|-supereffective|p1b: Greninja\n|-damage|p1b: Greninja|0 fnt\n|faint|p1b: Greninja\n|\n|upkeep\n|turn|10\n|l|☆antonio_mg28\n|inactive|antonio_mg28 disconnected and has a minute to reconnect!\n|player|p1|\n|c|☆lordjikji|Hahaha\n|inactive|lordjikji has 120 seconds left.\n|inactive|antonio_mg28 has 30 seconds to reconnect!\n|inactive|antonio_mg28 has 20 seconds to reconnect!\n|inactive|antonio_mg28 has 15 seconds to reconnect!\n|inactive|lordjikji has 90 seconds left.\n|inactive|antonio_mg28 has 10 seconds to reconnect!\n|inactive|antonio_mg28 has 5 seconds to reconnect!\n|-message|antonio_mg28 lost due to inactivity.\n|\n|win|lordjikji\n|raw|antonio_mg28's rating: 1588 &rarr; <strong>1569</strong><br />(-19 for losing)\n|raw|lordjikji's rating: 1603 &rarr; <strong>1622</strong><br />(+19 for winning)\n", "inputlog": ">version ccdc32dd7cde25fd9e4bed64820e885f66e78a4e\n>start {\"formatid\":\"gen9randomdoublesbattle\",\"seed\":\"sodium,7ac258b05a04e823daf48b6202f340ca\",\"rated\":\"Rated battle\"}\n>player p1 {\"name\":\"antonio_mg28\",\"avatar\":\"266\",\"rating\":1588,\"seed\":\"sodium,337f9381ca1453e420d81271b32c69f4\"}\n>player p2 {\"name\":\"lordjikji\",\"avatar\":\"170\",\"rating\":1603,\"seed\":\"sodium,d8fcd203ec592398a764c0be9a7a5c00\"}\n>p1 move focusblast +1, move tailwind\n>p2 move fireblast +2, move poltergeist +1\n>p1 switch 4, pass\n>p1 move rockslide, move protect\n>p2 move willowisp +1, move shadowsneak +2\n>p2 switch 4, pass\n>p1 move rockslide, move spiritshackle +2\n>p2 move fakeout +1, move shadowsneak +2\n>p1 pass, switch 6\n>p1 move rockslide, move highhorsepower +1\n>p2 switch 3, move protect\n>p1 switch 5, switch 3\n>p2 move wavecrash +2, switch 3\n>p1 move wildcharge +1, switch 5\n>p2 move wavecrash +1, move fakeout +1\n>p1 move wildcharge +1, move highhorsepower +2\n>p2 switch 3, move closecombat +2\n>p1 pass, switch 5\n>p1 move wildcharge +2, move darkpulse +1\n>p2 move shadowsneak +1, move suckerpunch +1\n>p1 switch 3, pass\n>p2 switch 3, pass\n>p1 move highhorsepower +2, move darkpulse +1\n>p2 move bodypress +2, switch 6\n>chat ☆lordjikji|Hahaha\n>forcelose p1", "uploadtime": 1770912163, "views": 72, "formatid": "gen9randomdoublesbattle", "rating": 1569, "private": 0, "password": null}