{"id": "gen9randomdoublesbattle-2538495174", "format": "[Gen 9] Random Doubles Battle", "players": ["MonkiFlamed", "kobester9009"], "log": "|j|☆MonkiFlamed\n|j|☆kobester9009\n|t:|1770933196\n|gametype|doubles\n|player|p1|MonkiFlamed|artist-gen4|1529\n|player|p2|kobester9009|1|1556\n|gen|9\n|tier|[Gen 9] Random Doubles Battle\n|rated|\n|rule|Species Clause: Limit one of each Pokémon\n|rule|HP Percentage Mod: HP is shown in percentages\n|rule|Illusion Level Mod: Illusion disguises the Pokémon's true level\n|rule|Sleep Clause Mod: Limit one foe put to sleep\n|\n|t:|1770933196\n|teamsize|p1|6\n|teamsize|p2|6\n|start\n|switch|p1a: Latias|Latias, L80, F|259/259\n|switch|p1b: Decidueye|Decidueye, L89, F|284/284\n|switch|p2a: Hydrapple|Hydrapple, L85, M|319/319\n|switch|p2b: Alomomola|Alomomola, L96, F|472/472\n|turn|1\n|\n|t:|1770933232\n|-terastallize|p2a: Hydrapple|Steel\n|move|p1a: Latias|Protect|p1a: Latias\n|-singleturn|p1a: Latias|Protect\n|move|p2b: Alomomola|Icy Wind|p1a: Latias|[spread] p1b\n|-activate|p1a: Latias|move: Protect\n|-supereffective|p1b: Decidueye\n|-damage|p1b: Decidueye|250/284\n|-unboost|p1b: Decidueye|spe|1\n|move|p2a: Hydrapple|Fickle Beam|p1a: Latias\n|-activate|p1a: Latias|move: Protect\n|move|p1b: Decidueye|Spirit Shackle|p2b: Alomomola\n|-damage|p2b: Alomomola|375/472\n|-activate|p2b: Alomomola|trapped\n|\n|upkeep\n|turn|2\n|\n|t:|1770933262\n|-terastallize|p1a: Latias|Steel\n|move|p1a: Latias|Mist Ball|p2a: Hydrapple\n|-resisted|p2a: Hydrapple\n|-damage|p2a: Hydrapple|256/319\n|-unboost|p2a: Hydrapple|spa|1\n|move|p2b: Alomomola|Flip Turn|p1a: Latias\n|-damage|p1a: Latias|186/259\n|\n|t:|1770933293\n|switch|p2b: Oricorio|Oricorio-Pom-Pom, L83, M|260/260|[from] Flip Turn\n|move|p2a: Hydrapple|Fickle Beam|p1a: Latias\n|-resisted|p1a: Latias\n|-damage|p1a: Latias|157/259\n|move|p1b: Decidueye|Leaf Storm|p2b: Oricorio\n|-resisted|p2b: Oricorio\n|-damage|p2b: Oricorio|168/260\n|-unboost|p1b: Decidueye|spa|2\n|\n|-heal|p2b: Oricorio|184/260|[from] item: Leftovers\n|upkeep\n|turn|3\n|\n|t:|1770933320\n|switch|p2a: Duraludon|Duraludon, L83, F|252/252\n|move|p1a: Latias|Mist Ball|p2b: Oricorio\n|-damage|p2b: Oricorio|33/260\n|-unboost|p2b: Oricorio|spa|1\n|move|p2b: Oricorio|Quiver Dance|p2b: Oricorio\n|-boost|p2b: Oricorio|spa|1\n|-boost|p2b: Oricorio|spd|1\n|-boost|p2b: Oricorio|spe|1\n|move|p1b: Decidueye|Tailwind|p1b: Decidueye\n|-sidestart|p1: MonkiFlamed|move: Tailwind\n|\n|-heal|p2b: Oricorio|49/260|[from] item: Leftovers\n|upkeep\n|turn|4\n|\n|t:|1770933340\n|move|p1a: Latias|Protect|p1a: Latias\n|-singleturn|p1a: Latias|Protect\n|move|p2b: Oricorio|Revelation Dance|p1a: Latias\n|-activate|p1a: Latias|move: Protect\n|move|p1b: Decidueye|Spirit Shackle|p2b: Oricorio\n|-damage|p2b: Oricorio|0 fnt\n|faint|p2b: Oricorio\n|move|p2a: Duraludon|Iron Defense|p2a: Duraludon\n|-boost|p2a: Duraludon|def|2\n|\n|upkeep\n|\n|t:|1770933352\n|switch|p2b: Metagross|Metagross, L80|259/259\n|turn|5\n|\n|t:|1770933396\n|switch|p1a: Gholdengo|Gholdengo, L78|264/264\n|move|p1b: Decidueye|Spirit Shackle|p2b: Metagross\n|-supereffective|p2b: Metagross\n|-damage|p2b: Metagross|97/259\n|-activate|p2b: Metagross|trapped\n|-enditem|p2b: Metagross|Weakness Policy\n|-boost|p2b: Metagross|atk|2|[from] item: Weakness Policy\n|-boost|p2b: Metagross|spa|2|[from] item: Weakness Policy\n|move|p2a: Duraludon|Body Press|p1a: Gholdengo\n|-immune|p1a: Gholdengo\n|move|p2b: Metagross|Heavy Slam|p1b: Decidueye\n|-damage|p1b: Decidueye|0 fnt\n|faint|p1b: Decidueye\n|\n|upkeep\n|\n|t:|1770933417\n|switch|p1b: Hippowdon|Hippowdon, L86, M|326/326\n|-weather|Sandstorm|[from] ability: Sand Stream|[of] p1b: Hippowdon\n|turn|6\n|\n|t:|1770933437\n|move|p2b: Metagross|Protect|p2b: Metagross\n|-singleturn|p2b: Metagross|Protect\n|move|p1a: Gholdengo|Trick|p2a: Duraludon\n|-activate|p1a: Gholdengo|move: Trick|[of] p2a: Duraludon\n|-item|p2a: Duraludon|Choice Scarf|[from] move: Trick\n|-item|p1a: Gholdengo|Eviolite|[from] move: Trick\n|move|p2a: Duraludon|Body Press|p1b: Hippowdon\n|-damage|p1b: Hippowdon|224/326\n|move|p1b: Hippowdon|High Horsepower|p2b: Metagross\n|-activate|p2b: Metagross|move: Protect\n|\n|-weather|Sandstorm|[upkeep]\n|-sideend|p1: MonkiFlamed|move: Tailwind\n|upkeep\n|turn|7\n|\n|t:|1770933468\n|move|p2a: Duraludon|Body Press|p1b: Hippowdon\n|-damage|p1b: Hippowdon|118/326\n|-enditem|p1b: Hippowdon|Sitrus Berry|[eat]\n|-heal|p1b: Hippowdon|199/326|[from] item: Sitrus Berry\n|move|p1a: Gholdengo|Shadow Ball|p2b: Metagross\n|-supereffective|p2b: Metagross\n|-damage|p2b: Metagross|0 fnt\n|faint|p2b: Metagross\n|move|p1b: Hippowdon|Whirlwind|p2a: Duraludon\n|drag|p2a: Alomomola|Alomomola, L96, F|472/472\n|\n|-weather|Sandstorm|[upkeep]\n|-damage|p2a: Alomomola|443/472|[from] Sandstorm\n|upkeep\n|\n|t:|1770933490\n|switch|p2b: Hydrapple|Hydrapple, L85, M, tera:Steel|319/319\n|turn|8\n|\n|t:|1770933510\n|move|p2a: Alomomola|Scald|p1a: Gholdengo\n|-damage|p1a: Gholdengo|197/264\n|-status|p1a: Gholdengo|brn\n|move|p1a: Gholdengo|Trick|p2b: Hydrapple\n|-activate|p1a: Gholdengo|move: Trick|[of] p2b: Hydrapple\n|-item|p2b: Hydrapple|Eviolite|[from] move: Trick\n|-item|p1a: Gholdengo|Sitrus Berry|[from] move: Trick\n|move|p1b: Hippowdon|Stealth Rock|p2a: Alomomola\n|-sidestart|p2: kobester9009|move: Stealth Rock\n|move|p2b: Hydrapple|Giga Drain|p1b: Hippowdon\n|-supereffective|p1b: Hippowdon\n|-damage|p1b: Hippowdon|0 fnt\n|faint|p1b: Hippowdon\n|\n|-weather|Sandstorm|[upkeep]\n|-damage|p2a: Alomomola|414/472|[from] Sandstorm\n|-damage|p1a: Gholdengo|181/264 brn|[from] brn\n|upkeep\n|\n|t:|1770933527\n|switch|p1b: Latias|Latias, L80, F, tera:Steel|157/259\n|turn|9\n|\n|t:|1770933572\n|move|p1b: Latias|Mist Ball|p2b: Hydrapple\n|-resisted|p2b: Hydrapple\n|-damage|p2b: Hydrapple|250/319\n|move|p2a: Alomomola|Scald|p1b: Latias\n|-damage|p1b: Latias|111/259\n|move|p1a: Gholdengo|Focus Blast|p2b: Hydrapple\n|-supereffective|p2b: Hydrapple\n|-damage|p2b: Hydrapple|56/319\n|move|p2b: Hydrapple|Fickle Beam|p1a: Gholdengo\n|-resisted|p1a: Gholdengo\n|-damage|p1a: Gholdengo|127/264 brn\n|-enditem|p1a: Gholdengo|Sitrus Berry|[eat]\n|-heal|p1a: Gholdengo|193/264 brn|[from] item: Sitrus Berry\n|\n|-weather|Sandstorm|[upkeep]\n|-damage|p2a: Alomomola|385/472|[from] Sandstorm\n|-damage|p1a: Gholdengo|177/264 brn|[from] brn\n|upkeep\n|turn|10\n|\n|t:|1770933623\n|move|p2b: Hydrapple|Protect|p2b: Hydrapple\n|-singleturn|p2b: Hydrapple|Protect\n|move|p1b: Latias|Mist Ball|p2b: Hydrapple\n|-activate|p2b: Hydrapple|move: Protect\n|move|p2a: Alomomola|Icy Wind|p1b: Latias|[spread] p1a,p1b\n|-resisted|p1a: Gholdengo\n|-resisted|p1b: Latias\n|-damage|p1a: Gholdengo|167/264 brn\n|-damage|p1b: Latias|104/259\n|-unboost|p1a: Gholdengo|spe|1\n|-unboost|p1b: Latias|spe|1\n|move|p1a: Gholdengo|Trick|p2a: Alomomola\n|-activate|p1a: Gholdengo|move: Trick|[of] p2a: Alomomola\n|-enditem|p2a: Alomomola|Sitrus Berry|[silent]|[from] move: Trick\n|-item|p1a: Gholdengo|Sitrus Berry|[from] move: Trick\n|\n|-weather|none\n|-damage|p1a: Gholdengo|151/264 brn|[from] brn\n|upkeep\n|turn|11\n|\n|t:|1770933665\n|move|p2a: Alomomola|Scald|p1b: Latias\n|-damage|p1b: Latias|58/259\n|-status|p1b: Latias|brn\n|move|p1b: Latias|Recover|p1b: Latias\n|-heal|p1b: Latias|188/259 brn\n|move|p2b: Hydrapple|Giga Drain|p1b: Latias\n|-resisted|p1b: Latias\n|-damage|p1b: Latias|151/259 brn\n|-heal|p2b: Hydrapple|75/319|[from] drain|[of] p1b: Latias\n|move|p1a: Gholdengo|Shadow Ball|p2b: Hydrapple\n|-damage|p2b: Hydrapple|0 fnt\n|faint|p2b: Hydrapple\n|\n|-damage|p1b: Latias|135/259 brn|[from] brn\n|-damage|p1a: Gholdengo|135/264 brn|[from] brn\n|upkeep\n|\n|t:|1770933690\n|switch|p2b: Duraludon|Duraludon, L83, F|252/252\n|-damage|p2b: Duraludon|237/252|[from] Stealth Rock\n|turn|12\n|\n|t:|1770933733\n|move|p1b: Latias|Protect|p1b: Latias\n|-singleturn|p1b: Latias|Protect\n|move|p2b: Duraludon|Body Press|p1b: Latias\n|-activate|p1b: Latias|move: Protect\n|move|p2a: Alomomola|Scald|p1b: Latias\n|-activate|p1b: Latias|move: Protect\n|move|p1a: Gholdengo|Shadow Ball|p2b: Duraludon\n|-damage|p2b: Duraludon|104/252\n|-unboost|p2b: Duraludon|spd|1\n|\n|-damage|p1b: Latias|119/259 brn|[from] brn\n|-damage|p1a: Gholdengo|119/264 brn|[from] brn\n|upkeep\n|-enditem|p1a: Gholdengo|Sitrus Berry|[eat]\n|-heal|p1a: Gholdengo|185/264 brn|[from] item: Sitrus Berry\n|turn|13\n|\n|t:|1770933755\n|move|p2b: Duraludon|Body Press|p1b: Latias\n|-supereffective|p1b: Latias\n|-damage|p1b: Latias|0 fnt\n|faint|p1b: Latias\n|move|p2a: Alomomola|Scald|p1a: Gholdengo\n|-damage|p1a: Gholdengo|127/264 brn\n|move|p1a: Gholdengo|Shadow Ball|p2b: Duraludon\n|-damage|p2b: Duraludon|0 fnt\n|faint|p2b: Duraludon\n|\n|-damage|p1a: Gholdengo|111/264 brn|[from] brn\n|upkeep\n|\n|t:|1770933760\n|switch|p1b: Terapagos|Terapagos, L73, M|252/252\n|switch|p2b: Palossand|Palossand, L90, F|299/299\n|-activate|p1b: Terapagos|ability: Tera Shift\n|detailschange|p1b: Terapagos|Terapagos-Terastal, L73, M\n|-heal|p1b: Terapagos|259/259|[silent]\n|-damage|p2b: Palossand|281/299|[from] Stealth Rock\n|turn|14\n|\n|t:|1770933773\n|move|p2a: Alomomola|Scald|p1b: Terapagos\n|-activate|p1b: Terapagos|ability: Tera Shell\n|-resisted|p1b: Terapagos\n|-damage|p1b: Terapagos|229/259\n|move|p1b: Terapagos|Calm Mind|p1b: Terapagos\n|-boost|p1b: Terapagos|spa|1\n|-boost|p1b: Terapagos|spd|1\n|move|p1a: Gholdengo|Trick|p2b: Palossand\n|-activate|p1a: Gholdengo|move: Trick|[of] p2b: Palossand\n|-enditem|p2b: Palossand|Leftovers|[silent]|[from] move: Trick\n|-item|p1a: Gholdengo|Leftovers|[from] move: Trick\n|move|p2b: Palossand|Earth Power|p1a: Gholdengo\n|-supereffective|p1a: Gholdengo\n|-damage|p1a: Gholdengo|0 fnt\n|faint|p1a: Gholdengo\n|\n|upkeep\n|\n|t:|1770933787\n|switch|p1a: Gouging Fire|Gouging Fire, L75|281/281\n|turn|15\n|inactive|Battle timer is ON: inactive players will automatically lose when time's up. (requested by MonkiFlamed)\n|\n|t:|1770933827\n|move|p1a: Gouging Fire|Dragon Dance|p1a: Gouging Fire\n|-boost|p1a: Gouging Fire|atk|1\n|-boost|p1a: Gouging Fire|spe|1\n|move|p2a: Alomomola|Icy Wind|p1b: Terapagos|[spread] p1a,p1b\n|-damage|p1a: Gouging Fire|257/281\n|-damage|p1b: Terapagos|215/259\n|-unboost|p1b: Terapagos|spe|1\n|move|p2b: Palossand|Earth Power|p1a: Gouging Fire\n|-supereffective|p1a: Gouging Fire\n|-damage|p1a: Gouging Fire|17/281\n|move|p1b: Terapagos|Calm Mind|p1b: Terapagos\n|-boost|p1b: Terapagos|spa|1\n|-boost|p1b: Terapagos|spd|1\n|\n|upkeep\n|turn|16\n|\n|t:|1770933851\n|move|p1a: Gouging Fire|Burning Bulwark|p1a: Gouging Fire\n|-singleturn|p1a: Gouging Fire|move: Protect\n|move|p2a: Alomomola|Icy Wind|p1a: Gouging Fire|[spread] \n|-activate|p1a: Gouging Fire|move: Protect\n|-miss|p2a: Alomomola|p1b: Terapagos\n|move|p2b: Palossand|Earth Power|p1b: Terapagos\n|-damage|p1b: Terapagos|164/259\n|move|p1b: Terapagos|Calm Mind|p1b: Terapagos\n|-boost|p1b: Terapagos|spa|1\n|-boost|p1b: Terapagos|spd|1\n|\n|upkeep\n|turn|17\n|\n|t:|1770933868\n|move|p1a: Gouging Fire|Dragon Claw|p2a: Alomomola\n|-damage|p2a: Alomomola|283/472\n|move|p2a: Alomomola|Icy Wind|p1a: Gouging Fire|[spread] p1a,p1b\n|-damage|p1a: Gouging Fire|0 fnt\n|-damage|p1b: Terapagos|155/259\n|-unboost|p1b: Terapagos|spe|1\n|faint|p1a: Gouging Fire\n|-end|p1a: Gouging Fire|Protosynthesis|[silent]\n|move|p2b: Palossand|Earth Power|p1b: Terapagos\n|-damage|p1b: Terapagos|109/259\n|-enditem|p1b: Terapagos|Sitrus Berry|[eat]\n|-heal|p1b: Terapagos|173/259|[from] item: Sitrus Berry\n|move|p1b: Terapagos|Tera Starstorm|p2a: Alomomola\n|-damage|p2a: Alomomola|0 fnt\n|faint|p2a: Alomomola\n|\n|upkeep\n|turn|18\n|\n|t:|1770933882\n|move|p2b: Palossand|Earth Power|p1b: Terapagos\n|-damage|p1b: Terapagos|130/259\n|move|p1b: Terapagos|Earth Power|p2b: Palossand\n|-damage|p2b: Palossand|155/299\n|\n|upkeep\n|turn|19\n|\n|t:|1770933889\n|move|p2b: Palossand|Earth Power|p1b: Terapagos\n|-damage|p1b: Terapagos|81/259\n|move|p1b: Terapagos|Earth Power|p2b: Palossand\n|-damage|p2b: Palossand|15/299\n|\n|upkeep\n|turn|20\n|\n|t:|1770933895\n|move|p2b: Palossand|Earth Power|p1b: Terapagos\n|-damage|p1b: Terapagos|38/259\n|move|p1b: Terapagos|Earth Power|p2b: Palossand\n|-damage|p2b: Palossand|0 fnt\n|faint|p2b: Palossand\n|\n|win|MonkiFlamed\n|raw|MonkiFlamed's rating: 1529 &rarr; <strong>1551</strong><br />(+22 for winning)\n|raw|kobester9009's rating: 1556 &rarr; <strong>1534</strong><br />(-22 for losing)\n|l|☆kobester9009\n|player|p2|\n|c|☆MonkiFlamed|gg\n", "inputlog": ">version ccdc32dd7cde25fd9e4bed64820e885f66e78a4e\n>start {\"formatid\":\"gen9randomdoublesbattle\",\"seed\":\"sodium,83c806b2e9e7f05de5f6492dee5e00b5\",\"rated\":\"Rated battle\"}\n>player p1 {\"name\":\"MonkiFlamed\",\"avatar\":\"artist-gen4\",\"rating\":1529,\"seed\":\"sodium,e7a459040eaaf51e9a184713b82d1d4b\"}\n>player p2 {\"name\":\"kobester9009\",\"avatar\":\"1\",\"rating\":1556,\"seed\":\"sodium,ad6e59f51e153f7f507c92a398b77704\"}\n>p1 move protect, move spiritshackle +2\n>p2 move ficklebeam +1 terastallize, move icywind\n>p1 move mistball +1 terastallize, move leafstorm +2\n>p2 move ficklebeam +1, move flipturn +1\n>p2 pass, switch 3\n>p1 move mistball +2, move tailwind\n>p2 switch 4, move quiverdance\n>p1 move protect, move spiritshackle +2\n>p2 move irondefense, move revelationdance +1\n>p2 pass, switch 6\n>p1 switch 4, move spiritshackle +2\n>p2 move bodypress +1, move heavyslam +2\n>p1 pass, switch 3\n>p1 move trick +1, move highhorsepower +2\n>p2 move bodypress +2, move protect\n>p1 move shadowball +2, move whirlwind +1\n>p2 move bodypress +2, move psychicfangs +1\n>p2 pass, switch 4\n>p1 move trick +2, move stealthrock\n>p2 move scald +1, move gigadrain +2\n>p1 pass, switch 4\n>p1 move focusblast +2, move mistball +2\n>p2 move scald +2, move ficklebeam +1\n>p1 move trick +1, move mistball +2\n>p2 move icywind, move protect\n>p1 move shadowball +2, move recover\n>p2 move scald +2, move gigadrain +2\n>p2 pass, switch 3\n>p1 move shadowball +2, move protect\n>p2 move scald +2, move bodypress +2\n>p1 move shadowball +2, move recover\n>p2 move scald +2, move bodypress +2\n>p1 pass, switch 6\n>p2 pass, switch 5\n>p1 move trick +2, move calmmind\n>p2 move scald +2, move earthpower +1\n>p1 switch 5, pass\n>p1 move dragondance, move calmmind\n>p2 move icywind, move earthpower +1\n>p1 move burningbulwark, move calmmind\n>p2 move icywind, move earthpower +2\n>p1 move dragonclaw +1, move terastarstorm +1\n>p2 move icywind, move earthpower +2\n>p1 pass, move earthpower +2\n>p2 pass, move earthpower +2\n>p1 pass, move earthpower +2\n>p2 pass, move earthpower +2\n>p1 pass, move earthpower +2\n>p2 pass, move earthpower +2", "uploadtime": 1770933907, "views": 69, "formatid": "gen9randomdoublesbattle", "rating": 1534, "private": 0, "password": null}