{"id": "gen9randomdoublesbattle-2540664263", "format": "[Gen 9] Random Doubles Battle", "players": ["kalsonofjor", "we all hate ursf"], "log": "|j|☆kalsonofjor\n|j|☆we all hate ursf\n|t:|1771236541\n|gametype|doubles\n|player|p1|kalsonofjor|265|1826\n|player|p2|we all hate ursf|shadowtriad|1877\n|gen|9\n|tier|[Gen 9] Random Doubles Battle\n|rated|\n|rule|Species Clause: Limit one of each Pokémon\n|rule|HP Percentage Mod: HP is shown in percentages\n|rule|Illusion Level Mod: Illusion disguises the Pokémon's true level\n|rule|Sleep Clause Mod: Limit one foe put to sleep\n|\n|t:|1771236541\n|teamsize|p1|6\n|teamsize|p2|6\n|start\n|switch|p1a: Goodra|Goodra, L86, M|295/295\n|switch|p1b: Slither Wing|Slither Wing, L83|277/277\n|switch|p2a: Rampardos|Rampardos, L87, F|311/311\n|switch|p2b: Ditto|Ditto, L97|250/250\n|-transform|p2b: Ditto|p1a: Goodra|[from] ability: Imposter\n|turn|1\n|inactive|Battle timer is ON: inactive players will automatically lose when time's up. (requested by we all hate ursf)\n|\n|t:|1771236572\n|switch|p1a: Hitmonchan|Hitmonchan, L90, M|236/236\n|-end|p1b: Slither Wing|Protosynthesis|[silent]\n|switch|p1b: Hippowdon|Hippowdon, L86, F|326/326\n|-weather|Sandstorm|[from] ability: Sand Stream|[of] p1b: Hippowdon\n|move|p2a: Rampardos|Rock Slide|p1b: Hippowdon|[spread] p1a,p1b\n|-resisted|p1a: Hitmonchan\n|-resisted|p1b: Hippowdon\n|-damage|p1a: Hitmonchan|173/236\n|-damage|p1b: Hippowdon|275/326\n|move|p2b: Ditto|Draco Meteor|p1a: Hitmonchan|[miss]\n|-miss|p2b: Ditto|p1a: Hitmonchan\n|\n|-weather|Sandstorm|[upkeep]\n|-damage|p1a: Hitmonchan|159/236|[from] Sandstorm\n|-damage|p2b: Ditto|235/250|[from] Sandstorm\n|upkeep\n|turn|2\n|\n|t:|1771236590\n|switch|p2a: Lurantis|Lurantis, L85, F|258/258\n|move|p1a: Hitmonchan|Fake Out|p2b: Ditto\n|-damage|p2b: Ditto|198/250\n|cant|p2b: Ditto|flinch\n|move|p1b: Hippowdon|Stealth Rock|p2a: Lurantis\n|-sidestart|p2: we all hate ursf|move: Stealth Rock\n|\n|-weather|Sandstorm|[upkeep]\n|-damage|p1a: Hitmonchan|145/236|[from] Sandstorm\n|-damage|p2b: Ditto|183/250|[from] Sandstorm\n|-damage|p2a: Lurantis|242/258|[from] Sandstorm\n|upkeep\n|turn|3\n|\n|t:|1771236607\n|switch|p1b: Slither Wing|Slither Wing, L83|277/277\n|move|p1a: Hitmonchan|Knock Off|p2a: Lurantis\n|-crit|p2a: Lurantis\n|-damage|p2a: Lurantis|127/258\n|-enditem|p2a: Lurantis|Assault Vest|[from] move: Knock Off|[of] p1a: Hitmonchan\n|move|p2b: Ditto|Breaking Swipe|p1a: Hitmonchan|[spread] p1a,p1b\n|-damage|p1a: Hitmonchan|82/236\n|-damage|p1b: Slither Wing|219/277\n|-unboost|p1a: Hitmonchan|atk|1\n|-unboost|p1b: Slither Wing|atk|1\n|-enditem|p1a: Hitmonchan|Sitrus Berry|[eat]\n|-heal|p1a: Hitmonchan|141/236|[from] item: Sitrus Berry\n|move|p2a: Lurantis|Leaf Storm|p1b: Slither Wing\n|-resisted|p1b: Slither Wing\n|-damage|p1b: Slither Wing|163/277\n|-boost|p2a: Lurantis|spa|2\n|\n|-weather|Sandstorm|[upkeep]\n|-damage|p1a: Hitmonchan|127/236|[from] Sandstorm\n|-damage|p2b: Ditto|168/250|[from] Sandstorm\n|-damage|p1b: Slither Wing|146/277|[from] Sandstorm\n|-damage|p2a: Lurantis|111/258|[from] Sandstorm\n|upkeep\n|turn|4\n|inactive|kalsonofjor has 120 seconds left.\n|\n|t:|1771236660\n|move|p1b: Slither Wing|First Impression|p2a: Lurantis\n|-supereffective|p2a: Lurantis\n|-crit|p2a: Lurantis\n|-damage|p2a: Lurantis|0 fnt\n|faint|p2a: Lurantis\n|-damage|p1b: Slither Wing|119/277|[from] item: Life Orb\n|move|p1a: Hitmonchan|Knock Off|p2b: Ditto\n|-damage|p2b: Ditto|103/250\n|-enditem|p2b: Ditto|Sitrus Berry|[from] move: Knock Off|[of] p1a: Hitmonchan\n|move|p2b: Ditto|Draco Meteor|p1b: Slither Wing\n|-damage|p1b: Slither Wing|0 fnt\n|-unboost|p2b: Ditto|spa|2\n|faint|p1b: Slither Wing\n|-end|p1b: Slither Wing|Protosynthesis|[silent]\n|\n|-weather|Sandstorm|[upkeep]\n|-damage|p1a: Hitmonchan|113/236|[from] Sandstorm\n|-damage|p2b: Ditto|88/250|[from] Sandstorm\n|upkeep\n|inactive|kalsonofjor has 90 seconds left.\n|\n|t:|1771236683\n|switch|p1b: Araquanid|Araquanid, L84, M|251/251\n|switch|p2a: Venusaur|Venusaur, L86, M|278/278\n|-damage|p2a: Venusaur|244/278|[from] Stealth Rock\n|turn|5\n|\n|t:|1771236697\n|move|p1a: Hitmonchan|Knock Off|p2a: Venusaur\n|-damage|p2a: Venusaur|189/278\n|-enditem|p2a: Venusaur|Life Orb|[from] move: Knock Off|[of] p1a: Hitmonchan\n|move|p2a: Venusaur|Giga Drain|p1b: Araquanid\n|-damage|p1b: Araquanid|187/251\n|-heal|p2a: Venusaur|221/278|[from] drain|[of] p1b: Araquanid\n|move|p2b: Ditto|Breaking Swipe|p1b: Araquanid|[spread] p1a,p1b\n|-damage|p1a: Hitmonchan|55/236\n|-damage|p1b: Araquanid|130/251\n|-unboost|p1a: Hitmonchan|atk|1\n|-unboost|p1b: Araquanid|atk|1\n|move|p1b: Araquanid|Sticky Web|p2a: Venusaur\n|-sidestart|p2: we all hate ursf|move: Sticky Web\n|\n|-weather|none\n|upkeep\n|turn|6\n|inactive|kalsonofjor has 120 seconds left.\n|\n|t:|1771236719\n|move|p1b: Araquanid|Protect|p1b: Araquanid\n|-singleturn|p1b: Araquanid|Protect\n|move|p1a: Hitmonchan|Close Combat|p2b: Ditto\n|-damage|p2b: Ditto|0 fnt\n|-unboost|p1a: Hitmonchan|def|1\n|-unboost|p1a: Hitmonchan|spd|1\n|faint|p2b: Ditto\n|move|p2a: Venusaur|Knock Off|p1b: Araquanid\n|-activate|p1b: Araquanid|move: Protect\n|\n|upkeep\n|\n|t:|1771236728\n|switch|p2b: Regirock|Regirock, L82|265/265\n|-damage|p2b: Regirock|232/265|[from] Stealth Rock\n|-activate|p2b: Regirock|move: Sticky Web\n|-fail|p2b: Regirock|unboost|[from] ability: Clear Body|[of] p2b: Regirock\n|turn|7\n|\n|t:|1771236747\n|switch|p1a: Dragalge|Dragalge, L88, M|258/258\n|-terastallize|p2b: Regirock|Fighting\n|move|p2a: Venusaur|Knock Off|p1b: Araquanid\n|-damage|p1b: Araquanid|70/251\n|-enditem|p1b: Araquanid|Sitrus Berry|[from] move: Knock Off|[of] p2a: Venusaur\n|move|p2b: Regirock|Curse|p2b: Regirock\n|-unboost|p2b: Regirock|spe|1\n|-boost|p2b: Regirock|atk|1\n|-boost|p2b: Regirock|def|1\n|move|p1b: Araquanid|Hydro Pump|p2b: Regirock\n|-damage|p2b: Regirock|106/265\n|\n|upkeep\n|turn|8\n|\n|t:|1771236771\n|move|p2a: Venusaur|Knock Off|p1a: Dragalge\n|-damage|p1a: Dragalge|193/258\n|-enditem|p1a: Dragalge|Life Orb|[from] move: Knock Off|[of] p2a: Venusaur\n|move|p1a: Dragalge|Sludge Bomb|p2b: Regirock\n|-damage|p2b: Regirock|0 fnt\n|faint|p2b: Regirock\n|move|p1b: Araquanid|Hydro Pump|p2a: Venusaur\n|-resisted|p2a: Venusaur\n|-damage|p2a: Venusaur|153/278\n|\n|upkeep\n|-message|we all hate ursf forfeited.\n|\n|win|kalsonofjor\n|raw|kalsonofjor's rating: 1826 &rarr; <strong>1849</strong><br />(+23 for winning)\n|raw|we all hate ursf's rating: 1877 &rarr; <strong>1854</strong><br />(-23 for losing)\n|l|☆we all hate ursf\n|player|p2|\n", "inputlog": ">version 686819e5e19f8a7fd2345cfc5a08a5085efa2cc3\n>start {\"formatid\":\"gen9randomdoublesbattle\",\"seed\":\"sodium,40c633a8b4553827afc9cee957ed2723\",\"rated\":\"Rated battle\"}\n>player p1 {\"name\":\"kalsonofjor\",\"avatar\":\"265\",\"rating\":1826,\"seed\":\"sodium,db9e68ecc84ef7489373fa5fa4c24caa\"}\n>player p2 {\"name\":\"we all hate ursf\",\"avatar\":\"shadowtriad\",\"rating\":1877,\"seed\":\"sodium,2de48f25c24e422b9dea4a308bebeae3\"}\n>p1 switch 3, switch 4\n>p2 move rockslide, move dracometeor +1\n>p1 move fakeout +2, move stealthrock\n>p2 switch 6, move breakingswipe\n>p1 move knockoff +1, switch 4\n>p2 move leafstorm +2, move breakingswipe\n>p1 move knockoff +2, move firstimpression +1\n>p2 move superpower +1, move dracometeor +2\n>p1 pass, switch 6\n>p2 switch 3, pass\n>p1 move knockoff +1, move stickyweb\n>p2 move gigadrain +2, move breakingswipe\n>p1 move closecombat +2, move protect\n>p2 move knockoff +2, move breakingswipe\n>p2 pass, switch 5\n>p1 switch 5, move hydropump +2\n>p2 move knockoff +2, move curse terastallize\n>p1 move sludgebomb +2, move hydropump +2\n>p2 move knockoff +1, move rest\n>forcelose p2", "uploadtime": 1771236799, "views": 21, "formatid": "gen9randomdoublesbattle", "rating": 1849, "private": 0, "password": null}