{"id": "gen9randomdoublesbattle-2540659064", "format": "[Gen 9] Random Doubles Battle", "players": ["Maltyy", "StumpedSloth"], "log": "|j|☆Maltyy\n|j|☆StumpedSloth\n|t:|1771235647\n|gametype|doubles\n|player|p1|Maltyy|266|1617\n|player|p2|StumpedSloth|gardenia|1540\n|gen|9\n|tier|[Gen 9] Random Doubles Battle\n|rated|\n|rule|Species Clause: Limit one of each Pokémon\n|rule|HP Percentage Mod: HP is shown in percentages\n|rule|Illusion Level Mod: Illusion disguises the Pokémon's true level\n|rule|Sleep Clause Mod: Limit one foe put to sleep\n|\n|t:|1771235647\n|teamsize|p1|6\n|teamsize|p2|6\n|start\n|switch|p1a: Granbull|Granbull, L88, F|302/302\n|switch|p1b: Salamence|Salamence, L80, M|283/283\n|switch|p2a: Ambipom|Ambipom, L87, F|272/272\n|switch|p2b: Infernape|Infernape, L82, F|259/259\n|-ability|p1b: Salamence|Intimidate|boost\n|-unboost|p2a: Ambipom|atk|1\n|-unboost|p2b: Infernape|atk|1\n|-ability|p1a: Granbull|Intimidate|boost\n|-unboost|p2a: Ambipom|atk|1\n|-unboost|p2b: Infernape|atk|1\n|turn|1\n|inactive|Battle timer is ON: inactive players will automatically lose when time's up. (requested by StumpedSloth)\n|inactive|Maltyy has 120 seconds left.\n|inactive|StumpedSloth has 120 seconds left.\n|\n|t:|1771235691\n|switch|p2b: Overqwil|Overqwil, L82, M|274/274\n|-ability|p2b: Overqwil|Intimidate|boost\n|-unboost|p1a: Granbull|atk|1\n|-unboost|p1b: Salamence|atk|1\n|move|p1b: Salamence|Protect|p1b: Salamence\n|-singleturn|p1b: Salamence|Protect\n|move|p2a: Ambipom|Fake Out|p1b: Salamence\n|-activate|p1b: Salamence|move: Protect\n|move|p1a: Granbull|Close Combat|p2a: Ambipom\n|-supereffective|p2a: Ambipom\n|-damage|p2a: Ambipom|92/272\n|-unboost|p1a: Granbull|def|1\n|-unboost|p1a: Granbull|spd|1\n|\n|upkeep\n|turn|2\n|inactive|Maltyy has 120 seconds left.\n|\n|t:|1771235742\n|switch|p2a: Dachsbun|Dachsbun, L90, M|249/249\n|move|p1b: Salamence|Draco Meteor|p2b: Overqwil\n|-damage|p2b: Overqwil|54/274\n|-unboost|p1b: Salamence|spa|2\n|-damage|p1b: Salamence|255/283|[from] item: Life Orb\n|move|p2b: Overqwil|Gunk Shot|p1a: Granbull\n|-supereffective|p1a: Granbull\n|-damage|p1a: Granbull|0 fnt\n|faint|p1a: Granbull\n|-damage|p2b: Overqwil|27/274|[from] item: Life Orb\n|\n|upkeep\n|inactive|Maltyy has 90 seconds left.\n|\n|t:|1771235776\n|switch|p1a: Infernape|Infernape, L82, F|259/259\n|turn|3\n|\n|t:|1771235798\n|switch|p1b: Volcanion|Volcanion, L75|244/244\n|switch|p2b: Reuniclus|Reuniclus, L84, F|322/322\n|move|p1a: Infernape|Fake Out|p2b: Reuniclus\n|-damage|p2b: Reuniclus|288/322\n|move|p2a: Dachsbun|Play Rough|p1a: Infernape\n|-damage|p1a: Infernape|148/259\n|\n|upkeep\n|turn|4\n|\n|t:|1771235831\n|switch|p1a: Dachsbun|Dachsbun, L90, M|249/249\n|move|p2b: Reuniclus|Protect|p2b: Reuniclus\n|-singleturn|p2b: Reuniclus|Protect\n|move|p2a: Dachsbun|Snarl|p1a: Dachsbun|[spread] p1b\n|-miss|p2a: Dachsbun|p1a: Dachsbun\n|-crit|p1b: Volcanion\n|-damage|p1b: Volcanion|221/244\n|-unboost|p1b: Volcanion|spa|1\n|move|p1b: Volcanion|Steam Eruption|p2a: Dachsbun\n|-damage|p2a: Dachsbun|171/249\n|-status|p2a: Dachsbun|brn\n|\n|-damage|p2a: Dachsbun|156/249 brn|[from] brn\n|upkeep\n|turn|5\n|\n|t:|1771235858\n|move|p2a: Dachsbun|Helping Hand|p2b: Reuniclus\n|-singleturn|p2b: Reuniclus|Helping Hand|[of] p2a: Dachsbun\n|move|p1a: Dachsbun|Yawn|p2b: Reuniclus\n|-start|p2b: Reuniclus|move: Yawn|[of] p1a: Dachsbun\n|move|p1b: Volcanion|Sludge Bomb|p2a: Dachsbun\n|-supereffective|p2a: Dachsbun\n|-damage|p2a: Dachsbun|62/249 brn\n|-enditem|p2a: Dachsbun|Sitrus Berry|[eat]\n|-heal|p2a: Dachsbun|124/249 brn|[from] item: Sitrus Berry\n|move|p2b: Reuniclus|Psychic|p1a: Dachsbun\n|-damage|p1a: Dachsbun|14/249\n|-enditem|p1a: Dachsbun|Sitrus Berry|[eat]\n|-heal|p1a: Dachsbun|76/249|[from] item: Sitrus Berry\n|\n|-damage|p2a: Dachsbun|109/249 brn|[from] brn\n|upkeep\n|turn|6\n|inactive|Maltyy has 120 seconds left.\n|\n|t:|1771235881\n|switch|p2b: Infernape|Infernape, L82, F|259/259\n|move|p2a: Dachsbun|Yawn|p1a: Dachsbun\n|-start|p1a: Dachsbun|move: Yawn|[of] p2a: Dachsbun\n|move|p1a: Dachsbun|Body Press|p2b: Infernape\n|-damage|p2b: Infernape|175/259\n|move|p1b: Volcanion|Sludge Bomb|p2a: Dachsbun\n|-supereffective|p2a: Dachsbun\n|-damage|p2a: Dachsbun|21/249 brn\n|\n|-damage|p2a: Dachsbun|6/249 brn|[from] brn\n|upkeep\n|turn|7\n|inactive|Maltyy has 120 seconds left.\n|\n|t:|1771235911\n|switch|p1b: Salamence|Salamence, L80, M|255/283\n|-ability|p1b: Salamence|Intimidate|boost\n|-unboost|p2a: Dachsbun|atk|1\n|-unboost|p2b: Infernape|atk|1\n|move|p2b: Infernape|Fake Out|p1b: Salamence\n|-damage|p1b: Salamence|231/283\n|move|p1a: Dachsbun|Play Rough|p2b: Infernape\n|-damage|p2b: Infernape|69/259\n|move|p2a: Dachsbun|Yawn||[still]\n|-fail|p2a: Dachsbun\n|\n|-damage|p2a: Dachsbun|0 fnt|[from] brn\n|faint|p2a: Dachsbun\n|-end|p1a: Dachsbun|move: Yawn|[silent]\n|-status|p1a: Dachsbun|slp\n|upkeep\n|\n|t:|1771235929\n|switch|p2a: Ambipom|Ambipom, L87, F|92/272\n|turn|8\n|\n|t:|1771235956\n|switch|p1a: Infernape|Infernape, L82, F|148/259\n|move|p1b: Salamence|Protect|p1b: Salamence\n|-singleturn|p1b: Salamence|Protect\n|move|p2a: Ambipom|Double-Edge|p1b: Salamence\n|-activate|p1b: Salamence|move: Protect\n|move|p2b: Infernape|Knock Off|p1b: Salamence\n|-activate|p1b: Salamence|move: Protect\n|\n|upkeep\n|turn|9\n|\n|t:|1771235971\n|switch|p2b: Overqwil|Overqwil, L82, M|27/274\n|-ability|p2b: Overqwil|Intimidate|boost\n|-fail|p1a: Infernape|unboost|[from] item: Clear Amulet|[of] p1a: Infernape\n|-unboost|p1b: Salamence|atk|1\n|move|p2a: Ambipom|Protect|p2a: Ambipom\n|-singleturn|p2a: Ambipom|Protect\n|move|p1a: Infernape|Fake Out|p2a: Ambipom\n|-activate|p2a: Ambipom|move: Protect\n|move|p1b: Salamence|Dual Wingbeat|p2b: Overqwil\n|-damage|p2b: Overqwil|0 fnt\n|faint|p2b: Overqwil\n|-hitcount|p2: Overqwil|1\n|-damage|p1b: Salamence|203/283|[from] item: Life Orb\n|\n|upkeep\n|\n|t:|1771235990\n|switch|p2b: Deoxys|Deoxys-Attack, L79|209/209\n|-ability|p2b: Deoxys|Pressure\n|turn|10\n|inactive|Maltyy has 120 seconds left.\n|\n|t:|1771236021\n|-terastallize|p2a: Ambipom|Normal\n|move|p1a: Infernape|Protect|p1a: Infernape\n|-singleturn|p1a: Infernape|Protect\n|move|p1b: Salamence|Protect|p1b: Salamence\n|-singleturn|p1b: Salamence|Protect\n|move|p2b: Deoxys|Psycho Boost|p1a: Infernape\n|-activate|p1a: Infernape|move: Protect\n|move|p2a: Ambipom|Double-Edge|p1b: Salamence\n|-activate|p1b: Salamence|move: Protect\n|\n|upkeep\n|turn|11\n|\n|t:|1771236044\n|switch|p1a: Dachsbun|Dachsbun, L90, M|76/249 slp\n|switch|p1b: Volcanion|Volcanion, L75|221/244\n|move|p2b: Deoxys|Psycho Boost|p1a: Dachsbun\n|-damage|p1a: Dachsbun|0 fnt\n|-unboost|p2b: Deoxys|spa|2\n|faint|p1a: Dachsbun\n|-damage|p2b: Deoxys|189/209|[from] item: Life Orb\n|move|p2a: Ambipom|Double-Edge|p1b: Volcanion\n|-damage|p1b: Volcanion|35/244\n|-damage|p2a: Ambipom|31/272|[from] Recoil\n|\n|upkeep\n|\n|t:|1771236052\n|switch|p1a: Infernape|Infernape, L82, F|148/259\n|turn|12\n|\n|t:|1771236064\n|switch|p2a: Infernape|Infernape, L82, F|69/259\n|move|p1a: Infernape|Fake Out|p2b: Deoxys\n|-damage|p2b: Deoxys|121/209\n|cant|p2b: Deoxys|flinch\n|move|p1b: Volcanion|Heat Wave|p2b: Deoxys|[spread] p2a,p2b\n|-resisted|p2a: Infernape\n|-crit|p2a: Infernape\n|-damage|p2a: Infernape|0 fnt\n|-damage|p2b: Deoxys|0 fnt\n|faint|p2a: Infernape\n|faint|p2b: Deoxys\n|\n|upkeep\n|\n|t:|1771236071\n|switch|p2b: Reuniclus|Reuniclus, L84, F|288/322\n|switch|p2a: Ambipom|Ambipom, L87, F, tera:Normal|31/272\n|turn|13\n|\n|t:|1771236096\n|switch|p1a: Salamence|Salamence, L80, M|203/283\n|-ability|p1a: Salamence|Intimidate|boost\n|-unboost|p2a: Ambipom|atk|1\n|-unboost|p2b: Reuniclus|atk|1\n|move|p2a: Ambipom|Fake Out|p1a: Salamence\n|-damage|p1a: Salamence|119/283\n|move|p1b: Volcanion|Heat Wave|p2b: Reuniclus|[spread] p2a,p2b\n|-damage|p2a: Ambipom|0 fnt\n|-damage|p2b: Reuniclus|210/322\n|-status|p2b: Reuniclus|brn\n|faint|p2a: Ambipom\n|move|p2b: Reuniclus|Trick Room|p2b: Reuniclus\n|-fieldstart|move: Trick Room|[of] p2b: Reuniclus\n|\n|upkeep\n|turn|14\n|-message|StumpedSloth forfeited.\n|\n|win|Maltyy\n|raw|Maltyy's rating: 1617 &rarr; <strong>1633</strong><br />(+16 for winning)\n|raw|StumpedSloth's rating: 1540 &rarr; <strong>1524</strong><br />(-16 for losing)\n|l|☆StumpedSloth\n|player|p2|\n|c|☆Maltyy|gg\n", "inputlog": ">version 686819e5e19f8a7fd2345cfc5a08a5085efa2cc3\n>start {\"formatid\":\"gen9randomdoublesbattle\",\"seed\":\"sodium,53634e28c1e9375a63b26d4d7ba970eb\",\"rated\":\"Rated battle\"}\n>player p1 {\"name\":\"Maltyy\",\"avatar\":\"266\",\"rating\":1617,\"seed\":\"sodium,7290d04601638a91a4117523e38c85d7\"}\n>player p2 {\"name\":\"StumpedSloth\",\"avatar\":\"gardenia\",\"rating\":1540,\"seed\":\"sodium,31ded2f36fb807efdb3b6b4afa0a5d2b\"}\n>p1 move closecombat +1, move protect\n>p2 move fakeout +2, switch 5\n>p1 move stompingtantrum +2, move dracometeor +2\n>p2 switch 3, move gunkshot +1\n>p1 switch 5, pass\n>p1 move fakeout +2, switch 4\n>p2 move playrough +1, switch 6\n>p1 switch 3, move steameruption +1\n>p2 move snarl, move protect\n>p1 move yawn +2, move sludgebomb +1\n>p2 move helpinghand -2, move psychic +1\n>p1 move bodypress +2, move sludgebomb +1\n>p2 move yawn +1, switch 5\n>p1 move playrough +2, switch 4\n>p2 move yawn +1, move fakeout +2\n>p2 switch 3, pass\n>p1 switch 3, move protect\n>p2 move doubleedge +2, move knockoff +2\n>p1 move fakeout +1, move dualwingbeat +2\n>p2 move protect, switch 6\n>p2 pass, switch 4\n>p1 move protect, move protect\n>p2 move doubleedge +2 terastallize, move psychoboost +1\n>p1 switch 3, switch 4\n>p2 move doubleedge +2, move psychoboost +1\n>p1 switch 3, pass\n>p1 move fakeout +2, move heatwave\n>p2 switch 6, move psychoboost +1\n>p2 switch 6, switch 5\n>p1 switch 4, move heatwave\n>p2 move fakeout +1, move trickroom\n>forcelose p2", "uploadtime": 1771236115, "views": 22, "formatid": "gen9randomdoublesbattle", "rating": 1524, "private": 0, "password": null}