{"id": "gen9randomdoublesbattle-2540636612", "format": "[Gen 9] Random Doubles Battle", "players": ["HeartXVII", "LazzarinoCominazzo"], "log": "|j|‽HeartXVII\n|j|☆LazzarinoCominazzo\n|t:|1771231720\n|gametype|doubles\n|player|p1|HeartXVII|palmer|1608\n|player|p2|LazzarinoCominazzo|101|1631\n|gen|9\n|tier|[Gen 9] Random Doubles Battle\n|rated|\n|rule|Species Clause: Limit one of each Pokémon\n|rule|HP Percentage Mod: HP is shown in percentages\n|rule|Illusion Level Mod: Illusion disguises the Pokémon's true level\n|rule|Sleep Clause Mod: Limit one foe put to sleep\n|\n|t:|1771231720\n|teamsize|p1|6\n|teamsize|p2|6\n|start\n|switch|p1a: Hitmonchan|Hitmonchan, L90, M|236/236\n|switch|p1b: Necrozma|Necrozma-Dusk-Mane, L70|252/252\n|switch|p2a: Volbeat|Volbeat, L82, M|241/241\n|switch|p2b: Falinks|Falinks, L87|255/255\n|turn|1\n|inactive|Battle timer is ON: inactive players will automatically lose when time's up. (requested by HeartXVII)\n|\n|t:|1771231743\n|move|p2b: Falinks|Protect|p2b: Falinks\n|-singleturn|p2b: Falinks|Protect\n|move|p1a: Hitmonchan|Fake Out|p2b: Falinks\n|-activate|p2b: Falinks|move: Protect\n|move|p2a: Volbeat|Thunder Wave|p1b: Necrozma\n|-status|p1b: Necrozma|par\n|move|p1b: Necrozma|Trick Room|p1b: Necrozma\n|-fieldstart|move: Trick Room|[of] p1b: Necrozma\n|\n|upkeep\n|turn|2\n|inactive|HeartXVII has 120 seconds left.\n|\n|t:|1771231775\n|move|p2a: Volbeat|Encore|p1b: Necrozma\n|-start|p1b: Necrozma|Encore\n|move|p1b: Necrozma|Trick Room|p1b: Necrozma\n|-fieldend|move: Trick Room\n|move|p1a: Hitmonchan|Close Combat|p2b: Falinks\n|-damage|p2b: Falinks|128/255\n|-unboost|p1a: Hitmonchan|def|1\n|-unboost|p1a: Hitmonchan|spd|1\n|move|p2b: Falinks|No Retreat|p2b: Falinks\n|-boost|p2b: Falinks|atk|1\n|-boost|p2b: Falinks|def|1\n|-boost|p2b: Falinks|spa|1\n|-boost|p2b: Falinks|spd|1\n|-boost|p2b: Falinks|spe|1\n|-start|p2b: Falinks|move: No Retreat\n|\n|upkeep\n|turn|3\n|\n|t:|1771231791\n|move|p2b: Falinks|Knock Off|p1b: Necrozma\n|-supereffective|p1b: Necrozma\n|-damage|p1b: Necrozma|71/252 par\n|-enditem|p1b: Necrozma|Weakness Policy\n|-boost|p1b: Necrozma|atk|2|[from] item: Weakness Policy\n|-boost|p1b: Necrozma|spa|2|[from] item: Weakness Policy\n|-damage|p2b: Falinks|103/255|[from] item: Life Orb\n|move|p1a: Hitmonchan|Close Combat|p2b: Falinks\n|-damage|p2b: Falinks|10/255\n|-unboost|p1a: Hitmonchan|def|1\n|-unboost|p1a: Hitmonchan|spd|1\n|move|p2a: Volbeat|Lunge|p1a: Hitmonchan\n|-resisted|p1a: Hitmonchan\n|-damage|p1a: Hitmonchan|168/236\n|-unboost|p1a: Hitmonchan|atk|1\n|cant|p1b: Necrozma|par\n|\n|upkeep\n|turn|4\n|\n|t:|1771231817\n|move|p2b: Falinks|Close Combat|p1a: Hitmonchan\n|-damage|p1a: Hitmonchan|0 fnt\n|-unboost|p2b: Falinks|def|1\n|-unboost|p2b: Falinks|spd|1\n|faint|p1a: Hitmonchan\n|-damage|p2b: Falinks|0 fnt|[from] item: Life Orb\n|faint|p2b: Falinks\n|move|p2a: Volbeat|Lunge|p1b: Necrozma\n|-damage|p1b: Necrozma|13/252 par\n|-unboost|p1b: Necrozma|atk|1\n|move|p1b: Necrozma|Trick Room|p1b: Necrozma\n|-fieldstart|move: Trick Room|[of] p1b: Necrozma\n|\n|-end|p1b: Necrozma|Encore\n|upkeep\n|inactive|LazzarinoCominazzo has 120 seconds left.\n|inactive|HeartXVII has 120 seconds left.\n|\n|t:|1771231839\n|switch|p2b: Clodsire|Clodsire, L87, M|368/368\n|switch|p1a: Espathra|Espathra, L83, F|293/293\n|turn|5\n|inactive|HeartXVII has 120 seconds left.\n|\n|t:|1771231862\n|move|p1a: Espathra|Protect|p1a: Espathra\n|-singleturn|p1a: Espathra|Protect\n|move|p2a: Volbeat|Encore|p1b: Necrozma\n|-start|p1b: Necrozma|Encore\n|move|p1b: Necrozma|Trick Room|p1b: Necrozma\n|-fieldend|move: Trick Room\n|move|p2b: Clodsire|Gunk Shot|p1a: Espathra\n|-activate|p1a: Espathra|move: Protect\n|\n|-ability|p1a: Espathra|Speed Boost|boost\n|-boost|p1a: Espathra|spe|1\n|upkeep\n|turn|6\n|inactive|HeartXVII has 120 seconds left.\n|\n|t:|1771231888\n|switch|p1b: Oinkologne|Oinkologne-F, L92, F|361/361\n|move|p2a: Volbeat|Encore|p1a: Espathra\n|-start|p1a: Espathra|Encore\n|move|p1a: Espathra|Protect||[still]\n|-fail|p1a: Espathra\n|move|p2b: Clodsire|Toxic Spikes|p1a: Espathra\n|-sidestart|p1: HeartXVII|move: Toxic Spikes\n|\n|-ability|p1a: Espathra|Speed Boost|boost\n|-boost|p1a: Espathra|spe|1\n|upkeep\n|turn|7\n|\n|t:|1771231903\n|-terastallize|p1b: Oinkologne|Normal\n|move|p1a: Espathra|Protect|p1a: Espathra\n|-singleturn|p1a: Espathra|Protect\n|move|p2a: Volbeat|Thunder Wave|p1b: Oinkologne\n|-status|p1b: Oinkologne|par\n|move|p1b: Oinkologne|Double-Edge|p2a: Volbeat\n|-damage|p2a: Volbeat|15/241\n|-enditem|p2a: Volbeat|Sitrus Berry|[eat]\n|-heal|p2a: Volbeat|75/241|[from] item: Sitrus Berry\n|-damage|p1b: Oinkologne|286/361 par|[from] Recoil\n|move|p2b: Clodsire|Toxic Spikes|p1a: Espathra\n|-sidestart|p1: HeartXVII|move: Toxic Spikes\n|\n|-ability|p1a: Espathra|Speed Boost|boost\n|-boost|p1a: Espathra|spe|1\n|upkeep\n|turn|8\n|\n|t:|1771231924\n|switch|p2a: Golurk|Golurk, L86|293/293\n|move|p1a: Espathra|Protect||[still]\n|-fail|p1a: Espathra\n|move|p1b: Oinkologne|Double-Edge|p2a: Golurk\n|-immune|p2a: Golurk\n|move|p2b: Clodsire|Gunk Shot|p1a: Espathra\n|-damage|p1a: Espathra|155/293\n|\n|-end|p1a: Espathra|Encore\n|-ability|p1a: Espathra|Speed Boost|boost\n|-boost|p1a: Espathra|spe|1\n|upkeep\n|turn|9\n|\n|t:|1771231947\n|move|p1a: Espathra|Baton Pass|p1a: Espathra\n|\n|t:|1771231957\n|switch|p1a: Cetitan|Cetitan, L83, M|418/418|[from] Baton Pass\n|-status|p1a: Cetitan|tox\n|move|p2a: Golurk|Poltergeist|p1a: Cetitan\n|-activate|p1a: Cetitan|move: Poltergeist|Life Orb\n|-damage|p1a: Cetitan|192/418 tox\n|-damage|p2a: Golurk|264/293|[from] item: Life Orb\n|move|p1b: Oinkologne|Lash Out|p2a: Golurk\n|-supereffective|p2a: Golurk\n|-damage|p2a: Golurk|150/293\n|move|p2b: Clodsire|Gunk Shot|p1b: Oinkologne\n|-damage|p1b: Oinkologne|163/361 par\n|-enditem|p1b: Oinkologne|Mago Berry|[eat]\n|-heal|p1b: Oinkologne|283/361 par|[from] item: Mago Berry\n|\n|-damage|p1a: Cetitan|166/418 tox|[from] psn\n|upkeep\n|turn|10\n|inactive|LazzarinoCominazzo has 120 seconds left.\n|\n|t:|1771231992\n|-terastallize|p2a: Golurk|Fighting\n|move|p1a: Cetitan|Icicle Crash|p2a: Golurk\n|-damage|p2a: Golurk|0 fnt\n|faint|p2a: Golurk\n|move|p1b: Oinkologne|Double-Edge|p2b: Clodsire\n|-damage|p2b: Clodsire|120/368\n|-damage|p1b: Oinkologne|201/361 par|[from] Recoil\n|move|p2b: Clodsire|Recover|p2b: Clodsire\n|-heal|p2b: Clodsire|304/368\n|\n|-heal|p2b: Clodsire|327/368|[from] item: Leftovers\n|-damage|p1a: Cetitan|114/418 tox|[from] psn\n|upkeep\n|\n|t:|1771232008\n|switch|p2a: Zangoose|Zangoose, L87, F|269/269\n|turn|11\n|inactive|LazzarinoCominazzo has 120 seconds left.\n|\n|t:|1771232031\n|move|p2a: Zangoose|Protect|p2a: Zangoose\n|-singleturn|p2a: Zangoose|Protect\n|move|p1a: Cetitan|Icicle Crash|p2b: Clodsire\n|-supereffective|p2b: Clodsire\n|-damage|p2b: Clodsire|0 fnt\n|faint|p2b: Clodsire\n|cant|p1b: Oinkologne|par\n|\n|-damage|p1a: Cetitan|36/418 tox|[from] psn\n|-status|p2a: Zangoose|tox|[from] item: Toxic Orb\n|upkeep\n|\n|t:|1771232042\n|switch|p2b: Galvantula|Galvantula, L85, F|258/258\n|turn|12\n|\n|t:|1771232054\n|move|p2a: Zangoose|Feint|p1a: Cetitan\n|-crit|p1a: Cetitan\n|-damage|p1a: Cetitan|0 fnt\n|faint|p1a: Cetitan\n|move|p2b: Galvantula|Thunder|p1b: Oinkologne\n|-damage|p1b: Oinkologne|95/361 par\n|move|p1b: Oinkologne|Yawn|p2b: Galvantula\n|-start|p2b: Galvantula|move: Yawn|[of] p1b: Oinkologne\n|\n|-damage|p2a: Zangoose|253/269 tox|[from] psn\n|upkeep\n|\n|t:|1771232068\n|switch|p1a: Necrozma|Necrozma-Dusk-Mane, L70|13/252 par\n|turn|13\n|\n|t:|1771232083\n|switch|p2b: Volbeat|Volbeat, L82, M|75/241\n|move|p2a: Zangoose|Facade|p1b: Oinkologne\n|-damage|p1b: Oinkologne|0 fnt\n|faint|p1b: Oinkologne\n|move|p1a: Necrozma|Photon Geyser|p2a: Zangoose\n|-damage|p2a: Zangoose|120/269 tox\n|\n|-damage|p2a: Zangoose|88/269 tox|[from] psn\n|upkeep\n|\n|t:|1771232103\n|switch|p1b: Giratina|Giratina, L76|353/353\n|-status|p1b: Giratina|tox\n|-ability|p1b: Giratina|Pressure\n|turn|14\n|\n|t:|1771232125\n|switch|p2a: Galvantula|Galvantula, L85, F|258/258\n|move|p1b: Giratina|Protect|p1b: Giratina\n|-singleturn|p1b: Giratina|Protect\n|move|p2b: Volbeat|Thunder Wave|p1b: Giratina\n|-activate|p1b: Giratina|move: Protect\n|move|p1a: Necrozma|Earthquake|p2b: Volbeat|[spread] p2a,p2b\n|-activate|p1b: Giratina|move: Protect\n|-resisted|p2b: Volbeat\n|-damage|p2a: Galvantula|190/258\n|-damage|p2b: Volbeat|42/241\n|\n|-damage|p1b: Giratina|331/353 tox|[from] psn\n|upkeep\n|turn|15\n|\n|t:|1771232142\n|move|p2b: Volbeat|Encore|p1b: Giratina\n|-start|p1b: Giratina|Encore\n|move|p2a: Galvantula|Bug Buzz|p1a: Necrozma\n|-damage|p1a: Necrozma|0 fnt\n|faint|p1a: Necrozma\n|move|p1b: Giratina|Protect|p1b: Giratina\n|-singleturn|p1b: Giratina|Protect\n|\n|-heal|p1b: Giratina|353/353 tox|[from] item: Leftovers\n|-damage|p1b: Giratina|309/353 tox|[from] psn\n|upkeep\n|\n|t:|1771232146\n|switch|p1a: Espathra|Espathra, L83, F|155/293\n|-status|p1a: Espathra|tox\n|turn|16\n|\n|t:|1771232161\n|move|p1b: Giratina|Protect||[still]\n|-fail|p1b: Giratina\n|move|p2b: Volbeat|Tailwind|p2b: Volbeat\n|-sidestart|p2: LazzarinoCominazzo|move: Tailwind\n|move|p2a: Galvantula|Bug Buzz|p1a: Espathra\n|-supereffective|p1a: Espathra\n|-damage|p1a: Espathra|0 fnt\n|faint|p1a: Espathra\n|\n|-heal|p1b: Giratina|331/353 tox|[from] item: Leftovers\n|-damage|p1b: Giratina|265/353 tox|[from] psn\n|upkeep\n|turn|17\n|-message|HeartXVII forfeited.\n|\n|win|LazzarinoCominazzo\n|raw|HeartXVII's rating: 1608 &rarr; <strong>1589</strong><br />(-19 for losing)\n|raw|LazzarinoCominazzo's rating: 1631 &rarr; <strong>1650</strong><br />(+19 for winning)\n|l|‽HeartXVII\n|player|p1|\n", "inputlog": ">version 686819e5e19f8a7fd2345cfc5a08a5085efa2cc3\n>start {\"formatid\":\"gen9randomdoublesbattle\",\"seed\":\"sodium,548e92ef42f30f28ecf44c486afecf4f\",\"rated\":\"Rated battle\"}\n>player p1 {\"name\":\"HeartXVII\",\"avatar\":\"palmer\",\"rating\":1608,\"seed\":\"sodium,ed6dcb809146f88b53e5e17c8c30d196\"}\n>player p2 {\"name\":\"LazzarinoCominazzo\",\"avatar\":\"101\",\"rating\":1631,\"seed\":\"sodium,7270707f896377360d12a554645a275e\"}\n>p1 move fakeout +2, move trickroom\n>p2 move thunderwave +2, move protect\n>p1 move closecombat +2, move photongeyser +2\n>p2 move encore +2, move noretreat\n>p1 move closecombat +2, move trickroom\n>p2 move lunge +1, move knockoff +2\n>p1 move knockoff +1, move trickroom\n>p2 move lunge +2, move closecombat +1\n>p1 switch 4, pass\n>p2 pass, switch 3\n>p1 move protect, move earthquake\n>p2 move encore +2, move gunkshot +1\n>p1 move luminacrash +2, switch 5\n>p2 move encore +1, move toxicspikes\n>p1 move protect, move doubleedge +1 terastallize\n>p2 move thunderwave +2, move toxicspikes\n>p1 move protect, move doubleedge +1\n>p2 switch 5, move gunkshot +1\n>p1 move batonpass, move lashout +1\n>p2 move poltergeist +1, move gunkshot +2\n>p1 switch 6, pass\n>p1 move iciclecrash +1, move doubleedge +2\n>p2 move dynamicpunch +1 terastallize, move recover\n>p2 switch 6, pass\n>p1 move iciclecrash +2, move yawn +1\n>p2 move protect, move recover\n>p2 pass, switch 4\n>p1 move iciclecrash +1, move yawn +2\n>p2 move feint +1, move thunder +2\n>p1 switch 5, pass\n>p1 move photongeyser +1, move doubleedge +2\n>p2 move facade +2, switch 5\n>p1 pass, switch 3\n>p1 move earthquake, move protect\n>p2 switch 5, move thunderwave +2\n>p1 move photongeyser +1, move shadowball +2\n>p2 move bugbuzz +1, move encore +2\n>p1 switch 6, pass\n>p1 move luminacrash +2, move protect\n>p2 move bugbuzz +1, move tailwind\n>forcelose p1", "uploadtime": 1771232176, "views": 34, "formatid": "gen9randomdoublesbattle", "rating": 1589, "private": 0, "password": null}