{"id": "gen9randomdoublesbattle-2539663022", "format": "[Gen 9] Random Doubles Battle", "players": ["pejelegante", "marco365"], "log": "|j|☆pejelegante\n|j|☆marco365\n|t:|1771093735\n|gametype|doubles\n|player|p1|pejelegante|hugh|1816\n|player|p2|marco365|lucian|1795\n|gen|9\n|tier|[Gen 9] Random Doubles Battle\n|rated|\n|rule|Species Clause: Limit one of each Pokémon\n|rule|HP Percentage Mod: HP is shown in percentages\n|rule|Illusion Level Mod: Illusion disguises the Pokémon's true level\n|rule|Sleep Clause Mod: Limit one foe put to sleep\n|\n|t:|1771093735\n|teamsize|p1|6\n|teamsize|p2|6\n|start\n|switch|p1a: Rotom|Rotom-Wash, L83|219/219\n|switch|p1b: Chien-Pao|Chien-Pao, L75|244/244\n|switch|p2a: Flamigo|Flamigo, L84, F|275/275\n|switch|p2b: Krookodile|Krookodile, L80, M|283/283\n|-ability|p1b: Chien-Pao|Sword of Ruin\n|-ability|p2b: Krookodile|Intimidate|boost\n|-unboost|p1a: Rotom|atk|1\n|-unboost|p1b: Chien-Pao|atk|1\n|turn|1\n|inactive|Battle timer is ON: inactive players will automatically lose when time's up. (requested by pejelegante)\n|\n|t:|1771093764\n|switch|p1b: Carbink|Carbink, L88|231/231\n|switch|p2b: Alomomola|Alomomola, L96, M|472/472\n|move|p2a: Flamigo|Close Combat|p1b: Carbink\n|-damage|p1b: Carbink|135/231\n|-unboost|p2a: Flamigo|def|1\n|-unboost|p2a: Flamigo|spd|1\n|move|p1a: Rotom|Thunderbolt|p2a: Flamigo\n|-supereffective|p2a: Flamigo\n|-damage|p2a: Flamigo|0 fnt\n|faint|p2a: Flamigo\n|\n|-heal|p1b: Carbink|149/231|[from] item: Leftovers\n|upkeep\n|\n|t:|1771093784\n|switch|p2a: Conkeldurr|Conkeldurr, L81, M|303/303\n|turn|2\n|\n|t:|1771093797\n|move|p1a: Rotom|Electroweb|p2b: Alomomola|[spread] p2a,p2b\n|-supereffective|p2b: Alomomola\n|-damage|p2a: Conkeldurr|243/303\n|-damage|p2b: Alomomola|356/472\n|-unboost|p2a: Conkeldurr|spe|1\n|-unboost|p2b: Alomomola|spe|1\n|move|p2b: Alomomola|Scald|p1b: Carbink\n|-supereffective|p1b: Carbink\n|-damage|p1b: Carbink|75/231\n|move|p1b: Carbink|Moonblast|p2a: Conkeldurr\n|-supereffective|p2a: Conkeldurr\n|-damage|p2a: Conkeldurr|73/303\n|-unboost|p2a: Conkeldurr|spa|1\n|move|p2a: Conkeldurr|Close Combat|p1a: Rotom\n|-crit|p1a: Rotom\n|-damage|p1a: Rotom|18/219\n|-unboost|p2a: Conkeldurr|def|1\n|-unboost|p2a: Conkeldurr|spd|1\n|-enditem|p1a: Rotom|Sitrus Berry|[eat]\n|-heal|p1a: Rotom|72/219|[from] item: Sitrus Berry\n|\n|-heal|p1b: Carbink|89/231|[from] item: Leftovers\n|-status|p2a: Conkeldurr|brn|[from] item: Flame Orb\n|upkeep\n|turn|3\n|\n|t:|1771093826\n|move|p2a: Conkeldurr|Mach Punch|p1a: Rotom\n|-damage|p1a: Rotom|3/219\n|move|p1a: Rotom|Electroweb|p2a: Conkeldurr|[spread] p2a,p2b\n|-supereffective|p2b: Alomomola\n|-damage|p2a: Conkeldurr|0 fnt\n|-damage|p2b: Alomomola|218/472\n|-unboost|p2b: Alomomola|spe|1\n|-enditem|p2b: Alomomola|Sitrus Berry|[eat]\n|-heal|p2b: Alomomola|336/472|[from] item: Sitrus Berry\n|faint|p2a: Conkeldurr\n|move|p1b: Carbink|Body Press|p2b: Alomomola\n|-damage|p2b: Alomomola|257/472\n|move|p2b: Alomomola|Scald|p1b: Carbink\n|-supereffective|p1b: Carbink\n|-damage|p1b: Carbink|9/231\n|-status|p1b: Carbink|brn\n|\n|-heal|p1b: Carbink|23/231 brn|[from] item: Leftovers\n|-damage|p1b: Carbink|9/231 brn|[from] brn\n|upkeep\n|inactive|marco365 has 120 seconds left.\n|\n|t:|1771093849\n|switch|p2a: Krookodile|Krookodile, L80, M|283/283\n|-ability|p2a: Krookodile|Intimidate|boost\n|-unboost|p1a: Rotom|atk|1\n|-fail|p1b: Carbink|unboost|[from] ability: Clear Body|[of] p1b: Carbink\n|turn|4\n|\n|t:|1771093863\n|move|p2a: Krookodile|Protect|p2a: Krookodile\n|-singleturn|p2a: Krookodile|Protect\n|move|p1a: Rotom|Thunderbolt|p2b: Alomomola\n|-supereffective|p2b: Alomomola\n|-damage|p2b: Alomomola|3/472\n|move|p1b: Carbink|Body Press|p2a: Krookodile\n|-activate|p2a: Krookodile|move: Protect\n|move|p2b: Alomomola|Icy Wind|p1b: Carbink|[spread] p1a,p1b\n|-resisted|p1a: Rotom\n|-damage|p1a: Rotom|0 fnt\n|-damage|p1b: Carbink|0 fnt\n|faint|p1a: Rotom\n|faint|p1b: Carbink\n|\n|upkeep\n|\n|t:|1771093891\n|switch|p1a: Iron Hands|Iron Hands, L77|364/364\n|switch|p1b: Golduck|Golduck, L91, F|293/293\n|-ability|p1b: Golduck|Cloud Nine\n|turn|5\n|\n|t:|1771093902\n|switch|p2b: Espathra|Espathra, L83, M|293/293\n|move|p2a: Krookodile|Protect||[still]\n|-fail|p2a: Krookodile\n|move|p1a: Iron Hands|Fake Out|p2a: Krookodile\n|-damage|p2a: Krookodile|245/283\n|move|p1b: Golduck|Ice Beam|p2b: Espathra\n|-damage|p2b: Espathra|163/293\n|-damage|p1b: Golduck|264/293|[from] item: Life Orb\n|\n|upkeep\n|turn|6\n|\n|t:|1771093929\n|move|p2b: Espathra|Lumina Crash|p1b: Golduck\n|-damage|p1b: Golduck|157/293\n|-unboost|p1b: Golduck|spd|2\n|-damage|p2b: Espathra|134/293|[from] item: Life Orb\n|move|p1b: Golduck|Encore|p2a: Krookodile\n|-start|p2a: Krookodile|Encore\n|move|p2a: Krookodile|Protect|p2a: Krookodile\n|-singleturn|p2a: Krookodile|Protect\n|move|p1a: Iron Hands|Wild Charge|p2b: Espathra\n|-damage|p2b: Espathra|0 fnt\n|faint|p2b: Espathra\n|-damage|p1a: Iron Hands|330/364|[from] Recoil\n|\n|upkeep\n|inactive|marco365 has 120 seconds left.\n|\n|t:|1771093945\n|switch|p2b: Alomomola|Alomomola, L96, M|160/472\n|turn|7\n|\n|t:|1771093958\n|switch|p2a: Stonjourner|Stonjourner, L88, M|319/319\n|move|p1b: Golduck|Hydro Pump|p2a: Stonjourner\n|-supereffective|p2a: Stonjourner\n|-damage|p2a: Stonjourner|0 fnt\n|faint|p2a: Stonjourner\n|-damage|p1b: Golduck|128/293|[from] item: Life Orb\n|move|p2b: Alomomola|Icy Wind|p1a: Iron Hands|[spread] p1a,p1b\n|-resisted|p1b: Golduck\n|-damage|p1a: Iron Hands|313/364\n|-damage|p1b: Golduck|108/293\n|-unboost|p1a: Iron Hands|spe|1\n|-unboost|p1b: Golduck|spe|1\n|move|p1a: Iron Hands|Volt Switch|p2b: Alomomola\n|-supereffective|p2b: Alomomola\n|-damage|p2b: Alomomola|52/472\n|\n|t:|1771093967\n|-end|p1a: Iron Hands|Quark Drive|[silent]\n|switch|p1a: Blissey|Blissey, L96, F|645/645|[from] Volt Switch\n|\n|upkeep\n|\n|t:|1771093976\n|switch|p2a: Krookodile|Krookodile, L80, M|245/283\n|-ability|p2a: Krookodile|Intimidate|boost\n|-unboost|p1a: Blissey|atk|1\n|-unboost|p1b: Golduck|atk|1\n|turn|8\n|\n|t:|1771094002\n|-terastallize|p2a: Krookodile|Dark\n|move|p2b: Alomomola|Helping Hand|p2a: Krookodile\n|-singleturn|p2a: Krookodile|Helping Hand|[of] p2b: Alomomola\n|move|p2a: Krookodile|Knock Off|p1a: Blissey\n|-damage|p1a: Blissey|0 fnt\n|-enditem|p1a: Blissey|Sitrus Berry|[from] move: Knock Off|[of] p2a: Krookodile\n|faint|p1a: Blissey\n|-damage|p2a: Krookodile|217/283|[from] item: Life Orb\n|move|p1b: Golduck|Ice Beam|p2a: Krookodile\n|-damage|p2a: Krookodile|95/283\n|-damage|p1b: Golduck|79/293|[from] item: Life Orb\n|\n|upkeep\n|inactive|pejelegante has 120 seconds left.\n|\n|t:|1771094013\n|switch|p1a: Iron Hands|Iron Hands, L77|313/364\n|turn|9\n|\n|t:|1771094026\n|move|p2a: Krookodile|Protect|p2a: Krookodile\n|-singleturn|p2a: Krookodile|Protect\n|move|p2b: Alomomola|Scald|p1a: Iron Hands\n|-damage|p1a: Iron Hands|255/364\n|move|p1b: Golduck|Ice Beam|p2a: Krookodile\n|-activate|p2a: Krookodile|move: Protect\n|move|p1a: Iron Hands|Volt Switch|p2b: Alomomola\n|-supereffective|p2b: Alomomola\n|-damage|p2b: Alomomola|0 fnt\n|faint|p2b: Alomomola\n|\n|t:|1771094030\n|-end|p1a: Iron Hands|Quark Drive|[silent]\n|switch|p1a: Chien-Pao|Chien-Pao, L75|244/244|[from] Volt Switch\n|-ability|p1a: Chien-Pao|Sword of Ruin\n|\n|upkeep\n|turn|10\n|c|☆pejelegante|Gg\n|\n|t:|1771094042\n|switch|p1b: Iron Hands|Iron Hands, L77|255/364\n|move|p1a: Chien-Pao|Sacred Sword|p2a: Krookodile\n|-supereffective|p2a: Krookodile\n|-damage|p2a: Krookodile|0 fnt\n|faint|p2a: Krookodile\n|-damage|p1a: Chien-Pao|220/244|[from] item: Life Orb\n|\n|win|pejelegante\n|raw|pejelegante's rating: 1816 &rarr; <strong>1835</strong><br />(+19 for winning)\n|raw|marco365's rating: 1795 &rarr; <strong>1776</strong><br />(-19 for losing)\n", "inputlog": ">version ccdc32dd7cde25fd9e4bed64820e885f66e78a4e\n>start {\"formatid\":\"gen9randomdoublesbattle\",\"seed\":\"sodium,870f0bb8ab8d5dc87e4e26a8158c0889\",\"rated\":\"Rated battle\"}\n>player p1 {\"name\":\"pejelegante\",\"avatar\":\"hugh\",\"rating\":1816,\"seed\":\"sodium,409e14eabe992f9bc21ebe364a7a0fce\"}\n>player p2 {\"name\":\"marco365\",\"avatar\":\"lucian\",\"rating\":1795,\"seed\":\"sodium,fa3a2f5eb32e84f75e1a252e4e148f49\"}\n>p1 move thunderbolt +1, switch 5\n>p2 move closecombat +2, switch 3\n>p2 switch 6, pass\n>p1 move electroweb, move moonblast +1\n>p2 move closecombat +1, move scald +2\n>p1 move electroweb, move bodypress +2\n>p2 move machpunch +1, move scald +2\n>p2 switch 3, pass\n>p1 move thunderbolt +2, move bodypress +1\n>p2 move protect, move icywind\n>p1 switch 3, switch 6\n>p1 move fakeout +1, move icebeam +2\n>p2 move protect, switch 5\n>p1 move wildcharge +2, move encore +1\n>p2 move stoneedge +1, move luminacrash +2\n>p2 pass, switch 5\n>p1 move voltswitch +2, move hydropump +1\n>p2 switch 4, move icywind\n>p1 switch 4, pass\n>p2 switch 4, pass\n>p1 move hypervoice, move icebeam +1\n>p2 move knockoff +1 terastallize, move helpinghand -1\n>p1 switch 4, pass\n>p1 move voltswitch +2, move icebeam +1\n>p2 move protect, move scald +1\n>p1 switch 5, pass\n>chat ☆pejelegante|Gg\n>p1 move sacredsword +1, switch 5\n>p2 move knockoff +2, pass", "uploadtime": 1771094046, "views": 69, "formatid": "gen9randomdoublesbattle", "rating": 1776, "private": 0, "password": null}