{"id": "gen9randomdoublesbattle-2539807340", "format": "[Gen 9] Random Doubles Battle", "players": ["PokeChupon4", "improvguy"], "log": "|j|☆PokeChupon4\n|j|☆improvguy\n|t:|1771111500\n|gametype|doubles\n|player|p1|PokeChupon4|102|1759\n|player|p2|improvguy|cameraman|1913\n|gen|9\n|tier|[Gen 9] Random Doubles Battle\n|rated|\n|rule|Species Clause: Limit one of each Pokémon\n|rule|HP Percentage Mod: HP is shown in percentages\n|rule|Illusion Level Mod: Illusion disguises the Pokémon's true level\n|rule|Sleep Clause Mod: Limit one foe put to sleep\n|\n|t:|1771111500\n|teamsize|p1|6\n|teamsize|p2|6\n|start\n|switch|p1a: Gardevoir|Gardevoir, L83, F|249/249\n|switch|p1b: Glaceon|Glaceon, L86, F|252/252\n|switch|p2a: Veluza|Veluza, L88, F|302/302\n|switch|p2b: Slowbro|Slowbro, L88, F|310/310\n|-ability|p1a: Gardevoir|Sharpness|Trace|[from] ability: Trace|[of] p2a: Veluza\n|turn|1\n|inactive|Battle timer is ON: inactive players will automatically lose when time's up. (requested by PokeChupon4)\n|inactive|improvguy has 120 seconds left.\n|inactive|improvguy has 90 seconds left.\n|\n|t:|1771111622\n|switch|p1a: Clefairy|Clefairy, L98, F|296/296\n|move|p2a: Veluza|Aqua Cutter|p1a: Clefairy\n|-crit|p1a: Clefairy\n|-damage|p1a: Clefairy|58/296\n|move|p1b: Glaceon|Freeze-Dry|p2a: Veluza\n|-supereffective|p2a: Veluza\n|-damage|p2a: Veluza|74/302\n|move|p2b: Slowbro|Trick Room|p2b: Slowbro\n|-fieldstart|move: Trick Room|[of] p2b: Slowbro\n|\n|upkeep\n|turn|2\n|inactive|PokeChupon4 has 120 seconds left.\n|\n|t:|1771111658\n|switch|p2a: Magearna|Magearna-Original, L71|231/231\n|move|p1a: Clefairy|Helping Hand|p1b: Glaceon\n|-singleturn|p1b: Glaceon|Helping Hand|[of] p1a: Clefairy\n|move|p2b: Slowbro|Hydro Pump|p1a: Clefairy\n|-damage|p1a: Clefairy|0 fnt\n|faint|p1a: Clefairy\n|-ability|p2a: Magearna|Soul-Heart|boost\n|-boost|p2a: Magearna|spa|1\n|-damage|p2b: Slowbro|279/310|[from] item: Life Orb\n|move|p1b: Glaceon|Freeze-Dry|p2b: Slowbro\n|-supereffective|p2b: Slowbro\n|-damage|p2b: Slowbro|0 fnt\n|faint|p2b: Slowbro\n|-ability|p2a: Magearna|Soul-Heart|boost\n|-boost|p2a: Magearna|spa|1\n|\n|upkeep\n|j| FishingForAngels\n|\n|t:|1771111676\n|switch|p2b: Dragalge|Dragalge, L88, M|258/258\n|switch|p1a: Hitmontop|Hitmontop, L88, M|231/231\n|-ability|p1a: Hitmontop|Intimidate|boost\n|-unboost|p2a: Magearna|atk|1\n|-unboost|p2b: Dragalge|atk|1\n|turn|3\n|inactive|PokeChupon4 has 120 seconds left.\n|\n|t:|1771111698\n|move|p2b: Dragalge|Protect|p2b: Dragalge\n|-singleturn|p2b: Dragalge|Protect\n|move|p1a: Hitmontop|Fake Out|p2a: Magearna\n|-resisted|p2a: Magearna\n|-damage|p2a: Magearna|215/231\n|cant|p2a: Magearna|flinch\n|move|p1b: Glaceon|Mud Shot|p2a: Magearna\n|-supereffective|p2a: Magearna\n|-damage|p2a: Magearna|153/231\n|-unboost|p2a: Magearna|spe|1\n|\n|upkeep\n|turn|4\n|inactive|PokeChupon4 has 120 seconds left.\n|\n|t:|1771111718\n|-terastallize|p1a: Hitmontop|Steel\n|move|p1b: Glaceon|Protect|p1b: Glaceon\n|-singleturn|p1b: Glaceon|Protect\n|move|p2a: Magearna|Flash Cannon|p1b: Glaceon\n|-activate|p1b: Glaceon|move: Protect\n|move|p2b: Dragalge|Sludge Bomb|p1b: Glaceon\n|-activate|p1b: Glaceon|move: Protect\n|move|p1a: Hitmontop|Close Combat|p2a: Magearna\n|-damage|p2a: Magearna|32/231\n|-unboost|p1a: Hitmontop|def|1\n|-unboost|p1a: Hitmontop|spd|1\n|\n|upkeep\n|turn|5\n|inactive|PokeChupon4 has 120 seconds left.\n|\n|t:|1771111745\n|switch|p1b: Pincurchin|Pincurchin, L97, F|250/250\n|-fieldstart|move: Electric Terrain|[from] ability: Electric Surge|[of] p1b: Pincurchin\n|move|p1a: Hitmontop|Sucker Punch|p2a: Magearna\n|-resisted|p2a: Magearna\n|-damage|p2a: Magearna|6/231\n|move|p2a: Magearna|Flash Cannon|p1b: Pincurchin\n|-resisted|p1b: Pincurchin\n|-damage|p1b: Pincurchin|178/250\n|move|p2b: Dragalge|Sludge Bomb|p1b: Pincurchin\n|-damage|p1b: Pincurchin|9/250\n|-enditem|p1b: Pincurchin|Sitrus Berry|[eat]\n|-heal|p1b: Pincurchin|71/250|[from] item: Sitrus Berry\n|-damage|p2b: Dragalge|233/258|[from] item: Life Orb\n|\n|-fieldend|move: Trick Room\n|upkeep\n|turn|6\n|\n|t:|1771111760\n|switch|p1a: Glaceon|Glaceon, L86, F|252/252\n|move|p2b: Dragalge|Sludge Bomb|p1b: Pincurchin\n|-damage|p1b: Pincurchin|0 fnt\n|faint|p1b: Pincurchin\n|-ability|p2a: Magearna|Soul-Heart|boost\n|-boost|p2a: Magearna|spa|1\n|-damage|p2b: Dragalge|208/258|[from] item: Life Orb\n|move|p2a: Magearna|Dazzling Gleam|p1a: Glaceon\n|-damage|p1a: Glaceon|87/252\n|\n|upkeep\n|\n|t:|1771111763\n|switch|p1b: Hitmontop|Hitmontop, L88, M, tera:Steel|231/231\n|-ability|p1b: Hitmontop|Intimidate|boost\n|-unboost|p2a: Magearna|atk|1\n|-unboost|p2b: Dragalge|atk|1\n|turn|7\n|\n|t:|1771111777\n|move|p2b: Dragalge|Protect|p2b: Dragalge\n|-singleturn|p2b: Dragalge|Protect\n|move|p1b: Hitmontop|Fake Out|p2a: Magearna\n|-resisted|p2a: Magearna\n|-damage|p2a: Magearna|0 fnt\n|faint|p2a: Magearna\n|move|p1a: Glaceon|Freeze-Dry|p2b: Dragalge\n|-activate|p2b: Dragalge|move: Protect\n|\n|upkeep\n|\n|t:|1771111790\n|switch|p2a: Veluza|Veluza, L88, F|74/302\n|turn|8\n|inactive|PokeChupon4 has 120 seconds left.\n|inactive|PokeChupon4 has 90 seconds left.\n|\n|t:|1771111858\n|move|p1b: Hitmontop|Sucker Punch|p2a: Veluza\n|-supereffective|p2a: Veluza\n|-damage|p2a: Veluza|0 fnt\n|faint|p2a: Veluza\n|move|p1a: Glaceon|Freeze-Dry|p2b: Dragalge\n|-supereffective|p2b: Dragalge\n|-damage|p2b: Dragalge|58/258\n|move|p2b: Dragalge|Hydro Pump|p1b: Hitmontop|[miss]\n|-miss|p2b: Dragalge|p1b: Hitmontop\n|\n|upkeep\n|\n|t:|1771111867\n|switch|p2a: Venusaur|Venusaur, L86, F|278/278\n|turn|9\n|\n|t:|1771111883\n|move|p1b: Hitmontop|Helping Hand|p1a: Glaceon\n|-singleturn|p1a: Glaceon|Helping Hand|[of] p1b: Hitmontop\n|move|p2a: Venusaur|Sludge Bomb|p1a: Glaceon\n|-damage|p1a: Glaceon|0 fnt\n|faint|p1a: Glaceon\n|-damage|p2a: Venusaur|251/278|[from] item: Life Orb\n|move|p2b: Dragalge|Hydro Pump|p1b: Hitmontop|[miss]\n|-miss|p2b: Dragalge|p1b: Hitmontop\n|\n|-fieldend|move: Electric Terrain\n|upkeep\n|\n|t:|1771111890\n|switch|p1a: Gardevoir|Gardevoir, L83, F|249/249\n|-ability|p1a: Gardevoir|Adaptability|Trace|[from] ability: Trace|[of] p2b: Dragalge\n|turn|10\n|inactive|PokeChupon4 has 120 seconds left.\n|\n|t:|1771111899\n|move|p2a: Venusaur|Protect|p2a: Venusaur\n|-singleturn|p2a: Venusaur|Protect\n|move|p1b: Hitmontop|Sucker Punch|p2b: Dragalge\n|-damage|p2b: Dragalge|9/258\n|move|p1a: Gardevoir|Psychic|p2a: Venusaur\n|-activate|p2a: Venusaur|move: Protect\n|move|p2b: Dragalge|Sludge Bomb|p1a: Gardevoir\n|-supereffective|p1a: Gardevoir\n|-damage|p1a: Gardevoir|0 fnt\n|faint|p1a: Gardevoir\n|-damage|p2b: Dragalge|0 fnt|[from] item: Life Orb\n|faint|p2b: Dragalge\n|\n|upkeep\n|inactive|PokeChupon4 has 120 seconds left.\n|\n|t:|1771111909\n|switch|p1a: Spectrier|Spectrier, L77|281/281\n|switch|p2b: Banette|Banette, L94, F|273/273\n|-item|p1a: Spectrier|Life Orb|[from] ability: Frisk|[of] p2b: Banette\n|-item|p1b: Hitmontop|Sitrus Berry|[from] ability: Frisk|[of] p2b: Banette\n|turn|11\n|\n|t:|1771111923\n|move|p1a: Spectrier|Protect|p1a: Spectrier\n|-singleturn|p1a: Spectrier|Protect\n|move|p2b: Banette|Protect|p2b: Banette\n|-singleturn|p2b: Banette|Protect\n|move|p1b: Hitmontop|Sucker Punch||[still]\n|-fail|p1b: Hitmontop\n|move|p2a: Venusaur|Knock Off|p1b: Hitmontop\n|-damage|p1b: Hitmontop|153/231\n|-enditem|p1b: Hitmontop|Sitrus Berry|[from] move: Knock Off|[of] p2a: Venusaur\n|-damage|p2a: Venusaur|224/278|[from] item: Life Orb\n|\n|upkeep\n|turn|12\n|inactive|PokeChupon4 has 120 seconds left.\n|\n|t:|1771111963\n|-terastallize|p2b: Banette|Ghost\n|move|p1b: Hitmontop|Helping Hand|p1a: Spectrier\n|-singleturn|p1a: Spectrier|Helping Hand|[of] p1b: Hitmontop\n|move|p2b: Banette|Shadow Sneak|p1a: Spectrier\n|-supereffective|p1a: Spectrier\n|-damage|p1a: Spectrier|0 fnt\n|faint|p1a: Spectrier\n|-damage|p2b: Banette|246/273|[from] item: Life Orb\n|move|p2a: Venusaur|Knock Off|p1b: Hitmontop\n|-damage|p1b: Hitmontop|106/231\n|-damage|p2a: Venusaur|197/278|[from] item: Life Orb\n|\n|upkeep\n|turn|13\n|inactive|PokeChupon4 has 120 seconds left.\n|c|☆improvguy|gg\n|inactive|PokeChupon4 has 90 seconds left.\n|inactive|PokeChupon4 has 60 seconds left.\n|inactive|PokeChupon4 has 30 seconds left.\n|inactive|PokeChupon4 has 20 seconds left.\n|inactive|PokeChupon4 has 15 seconds left.\n|inactive|PokeChupon4 has 10 seconds left.\n|inactive|PokeChupon4 has 5 seconds left.\n|-message|PokeChupon4 lost due to inactivity.\n|\n|win|improvguy\n|raw|PokeChupon4's rating: 1759 &rarr; <strong>1747</strong><br />(-12 for losing)\n|raw|improvguy's rating: 1913 &rarr; <strong>1925</strong><br />(+12 for winning)\n|l| FishingForAngels\n", "inputlog": ">version ccdc32dd7cde25fd9e4bed64820e885f66e78a4e\n>start {\"formatid\":\"gen9randomdoublesbattle\",\"seed\":\"sodium,19b876417811a9dc60efc670adc94697\",\"rated\":\"Rated battle\"}\n>player p1 {\"name\":\"PokeChupon4\",\"avatar\":\"102\",\"rating\":1759,\"seed\":\"sodium,522adfd9750ed21c74caabefe9d962e0\"}\n>player p2 {\"name\":\"improvguy\",\"avatar\":\"cameraman\",\"rating\":1913,\"seed\":\"sodium,2b03628587bce747ef35ec62457fcf78\"}\n>p1 switch 4, move freezedry +1\n>p2 move aquacutter +1, move trickroom\n>p1 move helpinghand -2, move freezedry +2\n>p2 switch 4, move hydropump +1\n>p1 switch 3, pass\n>p2 pass, switch 6\n>p1 move fakeout +1, move mudshot +1\n>p2 move flashcannon +2, move protect\n>p1 move closecombat +1 terastallize, move protect\n>p2 move flashcannon +2, move sludgebomb +2\n>p1 move suckerpunch +1, switch 5\n>p2 move flashcannon +2, move sludgebomb +2\n>p1 switch 5, move electroweb\n>p2 move dazzlinggleam, move sludgebomb +2\n>p1 pass, switch 5\n>p1 move freezedry +2, move fakeout +1\n>p2 move aurasphere +2, move protect\n>p2 switch 4, pass\n>p1 move freezedry +2, move suckerpunch +1\n>p2 move aquajet +1, move hydropump +2\n>p2 switch 5, pass\n>p1 move blizzard, move helpinghand -1\n>p2 move sludgebomb +1, move hydropump +2\n>p1 switch 4, pass\n>p1 move psychic +1, move suckerpunch +2\n>p2 move protect, move sludgebomb +1\n>p1 switch 6, pass\n>p2 pass, switch 3\n>p1 move protect, move suckerpunch +2\n>p2 move knockoff +2, move protect\n>p1 move shadowball +2, move helpinghand -1\n>p2 move knockoff +1, move shadowsneak +1 terastallize\n>chat ☆improvguy|gg\n>forcelose p1", "uploadtime": 1771112169, "views": 70, "formatid": "gen9randomdoublesbattle", "rating": 1747, "private": 0, "password": null}