{"id": "gen9randomdoublesbattle-2539865061", "format": "[Gen 9] Random Doubles Battle", "players": ["kamarugeen", "FaraFellow"], "log": "|j|☆kamarugeen\n|j|☆FaraFellow\n|t:|1771119421\n|gametype|doubles\n|player|p1|kamarugeen|1|1612\n|player|p2|FaraFellow|plasmagruntf-gen5bw|1538\n|gen|9\n|tier|[Gen 9] Random Doubles Battle\n|rated|\n|rule|Species Clause: Limit one of each Pokémon\n|rule|HP Percentage Mod: HP is shown in percentages\n|rule|Illusion Level Mod: Illusion disguises the Pokémon's true level\n|rule|Sleep Clause Mod: Limit one foe put to sleep\n|\n|t:|1771119421\n|teamsize|p1|6\n|teamsize|p2|6\n|start\n|switch|p1a: Eelektross|Eelektross, L86, F|286/286\n|switch|p1b: Ambipom|Ambipom, L87, M|272/272\n|switch|p2a: Hitmonchan|Hitmonchan, L90, M|236/236\n|switch|p2b: Stonjourner|Stonjourner, L88, M|319/319\n|turn|1\n|inactive|Battle timer is ON: inactive players will automatically lose when time's up. (requested by kamarugeen)\n|\n|t:|1771119450\n|move|p2b: Stonjourner|Protect|p2b: Stonjourner\n|-singleturn|p2b: Stonjourner|Protect\n|move|p1b: Ambipom|Fake Out|p2a: Hitmonchan\n|-damage|p2a: Hitmonchan|152/236\n|move|p2a: Hitmonchan|Close Combat|p1b: Ambipom\n|-supereffective|p1b: Ambipom\n|-damage|p1b: Ambipom|0 fnt\n|-unboost|p2a: Hitmonchan|def|1\n|-unboost|p2a: Hitmonchan|spd|1\n|faint|p1b: Ambipom\n|move|p1a: Eelektross|Giga Drain|p2b: Stonjourner\n|-activate|p2b: Stonjourner|move: Protect\n|\n|upkeep\n|c|☆FaraFellow|inner focus pog\n|\n|t:|1771119472\n|switch|p1b: Necrozma|Necrozma, L80|286/286\n|turn|2\n|\n|t:|1771119497\n|switch|p2a: Eelektross|Eelektross, L86, F|286/286\n|move|p2b: Stonjourner|Heat Crash|p1a: Eelektross\n|-damage|p1a: Eelektross|127/286\n|-damage|p2b: Stonjourner|288/319|[from] item: Life Orb\n|move|p1b: Necrozma|Calm Mind|p1b: Necrozma\n|-boost|p1b: Necrozma|spa|1\n|-boost|p1b: Necrozma|spd|1\n|move|p1a: Eelektross|Giga Drain|p2b: Stonjourner\n|-supereffective|p2b: Stonjourner\n|-damage|p2b: Stonjourner|20/319\n|-heal|p1a: Eelektross|261/286|[from] drain|[of] p2b: Stonjourner\n|\n|upkeep\n|turn|3\n|\n|t:|1771119518\n|move|p2b: Stonjourner|Protect|p2b: Stonjourner\n|-singleturn|p2b: Stonjourner|Protect\n|move|p1b: Necrozma|Calm Mind|p1b: Necrozma\n|-boost|p1b: Necrozma|spa|1\n|-boost|p1b: Necrozma|spd|1\n|move|p1a: Eelektross|Giga Drain|p2b: Stonjourner\n|-activate|p2b: Stonjourner|move: Protect\n|move|p2a: Eelektross|Knock Off|p1b: Necrozma\n|-supereffective|p1b: Necrozma\n|-damage|p1b: Necrozma|130/286\n|-enditem|p1b: Necrozma|Leftovers|[from] move: Knock Off|[of] p2a: Eelektross\n|\n|upkeep\n|turn|4\n|\n|t:|1771119539\n|move|p1b: Necrozma|Protect|p1b: Necrozma\n|-singleturn|p1b: Necrozma|Protect\n|move|p2b: Stonjourner|Stone Edge|p1b: Necrozma\n|-activate|p1b: Necrozma|move: Protect\n|move|p1a: Eelektross|Giga Drain|p2b: Stonjourner\n|-supereffective|p2b: Stonjourner\n|-damage|p2b: Stonjourner|0 fnt\n|-heal|p1a: Eelektross|271/286|[from] drain|[of] p2b: Stonjourner\n|faint|p2b: Stonjourner\n|move|p2a: Eelektross|Knock Off|p1b: Necrozma\n|-activate|p1b: Necrozma|move: Protect\n|\n|upkeep\n|\n|t:|1771119552\n|switch|p2b: Hitmonchan|Hitmonchan, L90, M|152/236\n|turn|5\n|\n|t:|1771119565\n|move|p2b: Hitmonchan|Fake Out|p1b: Necrozma\n|-damage|p1b: Necrozma|96/286\n|cant|p1b: Necrozma|flinch\n|move|p1a: Eelektross|Thunderbolt|p2b: Hitmonchan\n|-damage|p2b: Hitmonchan|64/236\n|-enditem|p2b: Hitmonchan|Sitrus Berry|[eat]\n|-heal|p2b: Hitmonchan|123/236|[from] item: Sitrus Berry\n|move|p2a: Eelektross|Knock Off|p1a: Eelektross\n|-damage|p1a: Eelektross|186/286\n|-enditem|p1a: Eelektross|Assault Vest|[from] move: Knock Off|[of] p2a: Eelektross\n|\n|upkeep\n|turn|6\n|inactive|FaraFellow has 120 seconds left.\n|\n|t:|1771119609\n|move|p2b: Hitmonchan|Close Combat|p1a: Eelektross\n|-damage|p1a: Eelektross|8/286\n|-unboost|p2b: Hitmonchan|def|1\n|-unboost|p2b: Hitmonchan|spd|1\n|move|p1b: Necrozma|Photon Geyser|p2b: Hitmonchan\n|-supereffective|p2b: Hitmonchan\n|-damage|p2b: Hitmonchan|0 fnt\n|faint|p2b: Hitmonchan\n|move|p2a: Eelektross|Knock Off|p1b: Necrozma\n|-supereffective|p1b: Necrozma\n|-damage|p1b: Necrozma|21/286\n|move|p1a: Eelektross|Knock Off|p2a: Eelektross\n|-damage|p2a: Eelektross|198/286\n|-enditem|p2a: Eelektross|Assault Vest|[from] move: Knock Off|[of] p1a: Eelektross\n|\n|upkeep\n|inactive|FaraFellow has 90 seconds left.\n|\n|t:|1771119638\n|switch|p2b: Iron Thorns|Iron Thorns, L82|298/298\n|turn|7\n|\n|t:|1771119652\n|move|p1b: Necrozma|Earth Power|p2b: Iron Thorns\n|-supereffective|p2b: Iron Thorns\n|-damage|p2b: Iron Thorns|0 fnt\n|faint|p2b: Iron Thorns\n|-end|p2b: Iron Thorns|Quark Drive|[silent]\n|move|p1a: Eelektross|Giga Drain|p2a: Eelektross\n|-damage|p2a: Eelektross|133/286\n|-heal|p1a: Eelektross|41/286|[from] drain|[of] p2a: Eelektross\n|move|p2a: Eelektross|Electroweb|p1a: Eelektross|[spread] p1b\n|-miss|p2a: Eelektross|p1a: Eelektross\n|-damage|p1b: Necrozma|0 fnt\n|faint|p1b: Necrozma\n|\n|upkeep\n|\n|t:|1771119668\n|switch|p1b: Hatterene|Hatterene, L84, F|233/233\n|switch|p2b: Cetitan|Cetitan, L83, M|418/418\n|turn|8\n|inactive|FaraFellow has 120 seconds left.\n|\n|t:|1771119685\n|move|p2b: Cetitan|Icicle Crash|p1b: Hatterene\n|-damage|p1b: Hatterene|76/233\n|move|p1a: Eelektross|Flamethrower|p2b: Cetitan\n|-supereffective|p2b: Cetitan\n|-damage|p2b: Cetitan|208/418\n|move|p2a: Eelektross|Knock Off|p1b: Hatterene\n|-damage|p1b: Hatterene|3/233\n|-enditem|p1b: Hatterene|Life Orb|[from] move: Knock Off|[of] p2a: Eelektross\n|move|p1b: Hatterene|Psychic|p2a: Eelektross\n|-damage|p2a: Eelektross|13/286\n|\n|upkeep\n|turn|9\n|inactive|FaraFellow has 120 seconds left.\n|\n|t:|1771119708\n|move|p1b: Hatterene|Protect|p1b: Hatterene\n|-singleturn|p1b: Hatterene|Protect\n|move|p2b: Cetitan|Ice Shard|p1a: Eelektross\n|-damage|p1a: Eelektross|0 fnt\n|faint|p1a: Eelektross\n|-damage|p2b: Cetitan|167/418|[from] item: Life Orb\n|move|p2a: Eelektross|Thunderbolt|p1b: Hatterene\n|-activate|p1b: Hatterene|move: Protect\n|\n|upkeep\n|\n|t:|1771119715\n|switch|p1a: Cetitan|Cetitan, L83, M|418/418\n|turn|10\n|\n|t:|1771119739\n|move|p2b: Cetitan|Ice Shard|p1b: Hatterene\n|-damage|p1b: Hatterene|0 fnt\n|faint|p1b: Hatterene\n|-damage|p2b: Cetitan|126/418|[from] item: Life Orb\n|move|p1a: Cetitan|Ice Shard|p2a: Eelektross\n|-damage|p2a: Eelektross|0 fnt\n|faint|p2a: Eelektross\n|-damage|p1a: Cetitan|377/418|[from] item: Life Orb\n|\n|upkeep\n|\n|t:|1771119748\n|switch|p2a: Braviary|Braviary, L82, M|298/298\n|switch|p1b: Gengar|Gengar, L84, F|238/238\n|turn|11\n|\n|t:|1771119767\n|-terastallize|p2a: Braviary|Fighting\n|move|p1b: Gengar|Sludge Bomb|p2b: Cetitan\n|-damage|p2b: Cetitan|0 fnt\n|faint|p2b: Cetitan\n|-damage|p1b: Gengar|215/238|[from] item: Life Orb\n|move|p2a: Braviary|Close Combat|p1a: Cetitan\n|-supereffective|p1a: Cetitan\n|-damage|p1a: Cetitan|0 fnt\n|-unboost|p2a: Braviary|def|1\n|-unboost|p2a: Braviary|spd|1\n|faint|p1a: Cetitan\n|-damage|p2a: Braviary|269/298|[from] item: Life Orb\n|\n|upkeep\n|turn|12\n|\n|t:|1771119781\n|move|p1b: Gengar|Shadow Ball|p2a: Braviary\n|-damage|p2a: Braviary|43/298\n|-damage|p1b: Gengar|192/238|[from] item: Life Orb\n|move|p2a: Braviary|Brave Bird|p1b: Gengar\n|-damage|p1b: Gengar|0 fnt\n|-start|p2a: Braviary|Disable|Brave Bird|[from] ability: Cursed Body|[of] p1b: Gengar\n|faint|p1b: Gengar\n|-damage|p2a: Braviary|0 fnt|[from] Recoil\n|faint|p2a: Braviary\n|\n|win|FaraFellow\n|raw|kamarugeen's rating: 1612 &rarr; <strong>1588</strong><br />(-24 for losing)\n|raw|FaraFellow's rating: 1538 &rarr; <strong>1562</strong><br />(+24 for winning)\n|l|☆kamarugeen\n|player|p1|\n", "inputlog": ">version ccdc32dd7cde25fd9e4bed64820e885f66e78a4e\n>start {\"formatid\":\"gen9randomdoublesbattle\",\"seed\":\"sodium,4185e73e1eb91e7f0f3a1b1cf5b780a9\",\"rated\":\"Rated battle\"}\n>player p1 {\"name\":\"kamarugeen\",\"avatar\":\"1\",\"rating\":1612,\"seed\":\"sodium,68689f04b2858e2b662c0fbdc8b6f316\"}\n>player p2 {\"name\":\"FaraFellow\",\"avatar\":\"plasmagruntf-gen5bw\",\"rating\":1538,\"seed\":\"sodium,1f497cebeb5a89fc5f3cfbb7b8d0865c\"}\n>p1 move gigadrain +2, move fakeout +1\n>p2 move closecombat +2, move protect\n>chat ☆FaraFellow|inner focus pog\n>p1 pass, switch 4\n>p1 move gigadrain +2, move calmmind\n>p2 switch 5, move heatcrash +1\n>p1 move gigadrain +2, move calmmind\n>p2 move knockoff +2, move protect\n>p1 move gigadrain +2, move protect\n>p2 move knockoff +2, move stoneedge +2\n>p2 pass, switch 5\n>p1 move thunderbolt +2, move photongeyser +1\n>p2 move knockoff +1, move fakeout +2\n>p1 move knockoff +1, move photongeyser +2\n>p2 move knockoff +2, move closecombat +1\n>p2 pass, switch 4\n>p1 move gigadrain +2, move earthpower +2\n>p2 move electroweb, move dragondance\n>p1 pass, switch 6\n>p2 pass, switch 3\n>p1 move flamethrower +2, move psychic +1\n>p2 move knockoff +2, move iciclecrash +2\n>p1 move flamethrower +2, move protect\n>p2 move thunderbolt +2, move iceshard +1\n>p1 switch 5, pass\n>p1 move iceshard +1, move psychic +2\n>p2 move closecombat +1, move iceshard +2\n>p1 pass, switch 3\n>p2 switch 6, pass\n>p1 move iciclecrash +1, move sludgebomb +2\n>p2 move closecombat +1 terastallize, move highhorsepower +2\n>p1 pass, move shadowball +1\n>p2 move bravebird +2, pass", "uploadtime": 1771119801, "views": 66, "formatid": "gen9randomdoublesbattle", "rating": 1562, "private": 0, "password": null}