{"id": "gen9randomdoublesbattle-2539380490", "format": "[Gen 9] Random Doubles Battle", "players": ["gingerlike", "Awesomeest01"], "log": "|j|☆gingerlike\n|j|☆Awesomeest01\n|t:|1771047141\n|gametype|doubles\n|player|p1|gingerlike|1|1688\n|player|p2|Awesomeest01|102|1758\n|gen|9\n|tier|[Gen 9] Random Doubles Battle\n|rated|\n|rule|Species Clause: Limit one of each Pokémon\n|rule|HP Percentage Mod: HP is shown in percentages\n|rule|Illusion Level Mod: Illusion disguises the Pokémon's true level\n|rule|Sleep Clause Mod: Limit one foe put to sleep\n|\n|t:|1771047141\n|teamsize|p1|6\n|teamsize|p2|6\n|start\n|switch|p1a: Flamigo|Flamigo, L84, M|275/275\n|switch|p1b: Poliwrath|Poliwrath, L90, M|308/308\n|switch|p2a: Revavroom|Revavroom, L84, F|272/272\n|switch|p2b: Volcanion|Volcanion, L75|244/244\n|turn|1\n|inactive|Battle timer is ON: inactive players will automatically lose when time's up. (requested by gingerlike)\n|inactive|gingerlike has 120 seconds left.\n|\n|t:|1771047200\n|move|p1a: Flamigo|U-turn|p2a: Revavroom\n|-resisted|p2a: Revavroom\n|-damage|p2a: Revavroom|252/272\n|\n|t:|1771047207\n|switch|p1a: Snorlax|Snorlax, L84, F|406/406|[from] U-turn\n|move|p2a: Revavroom|Shift Gear|p2a: Revavroom\n|-boost|p2a: Revavroom|spe|2\n|-boost|p2a: Revavroom|atk|1\n|move|p1b: Poliwrath|Coaching|p1a: Snorlax\n|-boost|p1a: Snorlax|atk|1\n|-boost|p1a: Snorlax|def|1\n|move|p2b: Volcanion|Heat Wave|p1b: Poliwrath|[spread] p1a,p1b\n|-resisted|p1b: Poliwrath\n|-damage|p1a: Snorlax|342/406\n|-damage|p1b: Poliwrath|274/308\n|\n|upkeep\n|turn|2\n|\n|t:|1771047230\n|move|p2a: Revavroom|Gunk Shot|p1a: Snorlax\n|-damage|p1a: Snorlax|122/406\n|-enditem|p1a: Snorlax|Figy Berry|[eat]\n|-heal|p1a: Snorlax|257/406|[from] item: Figy Berry\n|-damage|p2a: Revavroom|225/272|[from] item: Life Orb\n|move|p1b: Poliwrath|Coaching|p1a: Snorlax\n|-boost|p1a: Snorlax|atk|1\n|-boost|p1a: Snorlax|def|1\n|move|p2b: Volcanion|Heat Wave|p1b: Poliwrath|[spread] p1a,p1b\n|-resisted|p1b: Poliwrath\n|-damage|p1a: Snorlax|190/406\n|-damage|p1b: Poliwrath|238/308\n|move|p1a: Snorlax|High Horsepower|p2a: Revavroom\n|-supereffective|p2a: Revavroom\n|-damage|p2a: Revavroom|0 fnt\n|faint|p2a: Revavroom\n|\n|upkeep\n|inactive|Awesomeest01 has 120 seconds left.\n|\n|t:|1771047257\n|switch|p2a: Lilligant|Lilligant-Hisui, L84, F|255/255\n|turn|3\n|inactive|gingerlike has 120 seconds left.\n|\n|t:|1771047291\n|-terastallize|p1a: Snorlax|Ghost\n|move|p2a: Lilligant|Close Combat|p1a: Snorlax\n|-immune|p1a: Snorlax\n|move|p1b: Poliwrath|Icy Wind|p2b: Volcanion|[spread] p2b\n|-miss|p1b: Poliwrath|p2a: Lilligant\n|-resisted|p2b: Volcanion\n|-damage|p2b: Volcanion|239/244\n|-unboost|p2b: Volcanion|spe|1\n|move|p2b: Volcanion|Sludge Bomb|p1a: Snorlax\n|-resisted|p1a: Snorlax\n|-damage|p1a: Snorlax|163/406\n|move|p1a: Snorlax|Recycle|p1a: Snorlax\n|-item|p1a: Snorlax|Figy Berry|[from] move: Recycle\n|-enditem|p1a: Snorlax|Figy Berry|[eat]\n|-heal|p1a: Snorlax|298/406|[from] item: Figy Berry\n|\n|upkeep\n|turn|4\n|inactive|gingerlike has 120 seconds left.\n|inactive|Awesomeest01 has 120 seconds left.\n|\n|t:|1771047332\n|switch|p1b: Flamigo|Flamigo, L84, M|275/275\n|move|p2a: Lilligant|Leaf Blade|p1b: Flamigo|[miss]\n|-miss|p2a: Lilligant|p1b: Flamigo\n|move|p1a: Snorlax|Body Slam|p2b: Volcanion\n|-damage|p2b: Volcanion|74/244\n|move|p2b: Volcanion|Steam Eruption|p1a: Snorlax\n|-damage|p1a: Snorlax|192/406\n|\n|upkeep\n|turn|5\n|inactive|Awesomeest01 has 120 seconds left.\n|inactive|gingerlike has 120 seconds left.\n|\n|t:|1771047359\n|switch|p2a: Stonjourner|Stonjourner, L88, F|319/319\n|move|p1b: Flamigo|Brave Bird|p2a: Stonjourner\n|-resisted|p2a: Stonjourner\n|-damage|p2a: Stonjourner|241/319\n|-damage|p1b: Flamigo|249/275|[from] Recoil\n|move|p1a: Snorlax|Body Slam|p2b: Volcanion\n|-damage|p2b: Volcanion|0 fnt\n|faint|p2b: Volcanion\n|\n|upkeep\n|inactive|Awesomeest01 has 120 seconds left.\n|\n|t:|1771047370\n|switch|p2b: Dugtrio|Dugtrio, L91, M|212/212\n|turn|6\n|\n|t:|1771047388\n|move|p2b: Dugtrio|Rock Slide|p1b: Flamigo|[spread] p1a,p1b\n|-damage|p1a: Snorlax|141/406\n|-damage|p1b: Flamigo|158/275\n|-damage|p2b: Dugtrio|191/212|[from] item: Life Orb\n|move|p1b: Flamigo|Brave Bird|p2b: Dugtrio\n|-damage|p2b: Dugtrio|0 fnt\n|faint|p2b: Dugtrio\n|-damage|p1b: Flamigo|95/275|[from] Recoil\n|move|p2a: Stonjourner|Stone Edge|p1b: Flamigo\n|-crit|p1b: Flamigo\n|-damage|p1b: Flamigo|0 fnt\n|faint|p1b: Flamigo\n|-damage|p2a: Stonjourner|210/319|[from] item: Life Orb\n|move|p1a: Snorlax|Recycle|p1a: Snorlax\n|-item|p1a: Snorlax|Figy Berry|[from] move: Recycle\n|-enditem|p1a: Snorlax|Figy Berry|[eat]\n|-heal|p1a: Snorlax|276/406|[from] item: Figy Berry\n|\n|upkeep\n|inactive|gingerlike has 120 seconds left.\n|inactive|Awesomeest01 has 120 seconds left.\n|-message|Awesomeest01 forfeited.\n|\n|win|gingerlike\n|raw|gingerlike's rating: 1688 &rarr; <strong>1712</strong><br />(+24 for winning)\n|raw|Awesomeest01's rating: 1758 &rarr; <strong>1734</strong><br />(-24 for losing)\n", "inputlog": ">version ccdc32dd7cde25fd9e4bed64820e885f66e78a4e\n>start {\"formatid\":\"gen9randomdoublesbattle\",\"seed\":\"sodium,ac0f7bba0d03dea5a3bbc4ae7554e568\",\"rated\":\"Rated battle\"}\n>player p1 {\"name\":\"gingerlike\",\"avatar\":\"1\",\"rating\":1688,\"seed\":\"sodium,96605ac5eca409f59ae67ed716077c6b\"}\n>player p2 {\"name\":\"Awesomeest01\",\"avatar\":\"102\",\"rating\":1758,\"seed\":\"sodium,74a5d896dec00c64b890cac485a2e556\"}\n>p1 move uturn +1, move coaching -1\n>p2 move shiftgear, move heatwave\n>p1 switch 6, pass\n>p1 move highhorsepower +1, move coaching -1\n>p2 move gunkshot +1, move heatwave\n>p2 switch 5, pass\n>p1 move recycle terastallize, move icywind\n>p2 move closecombat +1, move sludgebomb +1\n>p1 move bodyslam +2, switch 6\n>p2 move leafblade +2, move steameruption +1\n>p1 move bodyslam +2, move bravebird +1\n>p2 switch 6, move steameruption +1\n>p2 pass, switch 3\n>p1 move recycle, move bravebird +2\n>p2 move stoneedge +2, move rockslide\n>forcelose p2", "uploadtime": 1771047412, "views": 78, "formatid": "gen9randomdoublesbattle", "rating": 1712, "private": 0, "password": null}