{"id": "gen9randomdoublesbattle-2540306384", "format": "[Gen 9] Random Doubles Battle", "players": ["pikarsh", "Dunsparceismyhomie"], "log": "|j|☆pikarsh\n|j|☆Dunsparceismyhomie\n|t:|1771186874\n|gametype|doubles\n|player|p1|pikarsh|266|1643\n|player|p2|Dunsparceismyhomie|265|1709\n|gen|9\n|tier|[Gen 9] Random Doubles Battle\n|rated|\n|rule|Species Clause: Limit one of each Pokémon\n|rule|HP Percentage Mod: HP is shown in percentages\n|rule|Illusion Level Mod: Illusion disguises the Pokémon's true level\n|rule|Sleep Clause Mod: Limit one foe put to sleep\n|\n|t:|1771186874\n|teamsize|p1|6\n|teamsize|p2|6\n|start\n|switch|p1a: Leafeon|Leafeon, L90, M|263/263\n|switch|p1b: Glalie|Glalie, L94, M|303/303\n|switch|p2a: Ampharos|Ampharos, L86, M|295/295\n|switch|p2b: Mandibuzz|Mandibuzz, L85, F|326/326\n|turn|1\n|inactive|Battle timer is ON: inactive players will automatically lose when time's up. (requested by pikarsh)\n|\n|t:|1771186895\n|move|p1a: Leafeon|Swords Dance|p1a: Leafeon\n|-boost|p1a: Leafeon|atk|2\n|move|p1b: Glalie|Freeze-Dry|p2b: Mandibuzz\n|-supereffective|p2b: Mandibuzz\n|-damage|p2b: Mandibuzz|164/326\n|move|p2b: Mandibuzz|Tailwind|p2b: Mandibuzz\n|-sidestart|p2: Dunsparceismyhomie|move: Tailwind\n|move|p2a: Ampharos|Thunder Wave|p1b: Glalie\n|-status|p1b: Glalie|par\n|\n|upkeep\n|turn|2\n|\n|t:|1771186921\n|move|p2b: Mandibuzz|Foul Play|p1a: Leafeon\n|-damage|p1a: Leafeon|82/263\n|move|p2a: Ampharos|Thunder Wave|p1a: Leafeon\n|-status|p1a: Leafeon|par\n|move|p1a: Leafeon|Double-Edge|p2b: Mandibuzz\n|-damage|p2b: Mandibuzz|0 fnt\n|faint|p2b: Mandibuzz\n|-damage|p1a: Leafeon|28/263 par|[from] Recoil\n|-damage|p1a: Leafeon|2/263 par|[from] item: Life Orb\n|move|p1b: Glalie|Icy Wind|p2a: Ampharos\n|-damage|p2a: Ampharos|232/295\n|-unboost|p2a: Ampharos|spe|1\n|\n|upkeep\n|\n|t:|1771186935\n|switch|p2b: Torkoal|Torkoal, L86, M|261/261\n|-weather|SunnyDay|[from] ability: Drought|[of] p2b: Torkoal\n|turn|3\n|inactive|pikarsh has 120 seconds left.\n|\n|t:|1771186992\n|move|p1a: Leafeon|Leaf Blade|p2a: Ampharos\n|-damage|p2a: Ampharos|0 fnt\n|faint|p2a: Ampharos\n|-damage|p1a: Leafeon|0 fnt|[from] item: Life Orb\n|faint|p1a: Leafeon\n|move|p2b: Torkoal|Heat Wave|p1b: Glalie\n|-supereffective|p1b: Glalie\n|-damage|p1b: Glalie|37/303 par\n|-enditem|p1b: Glalie|Sitrus Berry|[eat]\n|-heal|p1b: Glalie|112/303 par|[from] item: Sitrus Berry\n|move|p1b: Glalie|Icy Wind|p2b: Torkoal\n|-resisted|p2b: Torkoal\n|-damage|p2b: Torkoal|223/261\n|-unboost|p2b: Torkoal|spe|1\n|\n|-weather|SunnyDay|[upkeep]\n|upkeep\n|inactive|pikarsh has 90 seconds left.\n|\n|t:|1771187029\n|switch|p1a: Toucannon|Toucannon, L87, F|281/281\n|switch|p2a: Magnezone|Magnezone, L84|255/255\n|turn|4\n|\n|t:|1771187041\n|move|p1a: Toucannon|Protect|p1a: Toucannon\n|-singleturn|p1a: Toucannon|Protect\n|move|p2a: Magnezone|Flash Cannon|p1b: Glalie\n|-supereffective|p1b: Glalie\n|-damage|p1b: Glalie|0 fnt\n|faint|p1b: Glalie\n|move|p2b: Torkoal|Will-O-Wisp|p1a: Toucannon\n|-activate|p1a: Toucannon|move: Protect\n|\n|-weather|SunnyDay|[upkeep]\n|-sideend|p2: Dunsparceismyhomie|move: Tailwind\n|upkeep\n|\n|t:|1771187063\n|switch|p1b: Rampardos|Rampardos, L87, F|311/311\n|turn|5\n|\n|t:|1771187083\n|-terastallize|p2a: Magnezone|Flying\n|move|p1b: Rampardos|Stomping Tantrum|p2a: Magnezone\n|-immune|p2a: Magnezone\n|move|p1a: Toucannon|Brave Bird|p2b: Torkoal\n|-damage|p2b: Torkoal|77/261\n|-enditem|p2b: Torkoal|Sitrus Berry|[eat]\n|-heal|p2b: Torkoal|142/261|[from] item: Sitrus Berry\n|-damage|p1a: Toucannon|233/281|[from] Recoil\n|-damage|p1a: Toucannon|205/281|[from] item: Life Orb\n|move|p2a: Magnezone|Thunderbolt|p1a: Toucannon\n|-supereffective|p1a: Toucannon\n|-damage|p1a: Toucannon|0 fnt\n|faint|p1a: Toucannon\n|move|p2b: Torkoal|Solar Beam||[still]\n|-prepare|p2b: Torkoal|Solar Beam\n|-anim|p2b: Torkoal|Solar Beam|p1b: Rampardos\n|-supereffective|p1b: Rampardos\n|-damage|p1b: Rampardos|63/311\n|\n|-weather|SunnyDay|[upkeep]\n|upkeep\n|\n|t:|1771187089\n|switch|p1a: Appletun|Appletun, L92, F|352/352\n|turn|6\n|inactive|pikarsh has 90 seconds left.\n|\n|t:|1771187118\n|move|p1b: Rampardos|Stomping Tantrum|p2b: Torkoal\n|-supereffective|p2b: Torkoal\n|-damage|p2b: Torkoal|0 fnt\n|faint|p2b: Torkoal\n|move|p2a: Magnezone|Flash Cannon|p1b: Rampardos\n|-supereffective|p1b: Rampardos\n|-damage|p1b: Rampardos|0 fnt\n|faint|p1b: Rampardos\n|move|p1a: Appletun|Leech Seed|p2a: Magnezone\n|-start|p2a: Magnezone|move: Leech Seed\n|\n|-weather|SunnyDay|[upkeep]\n|-damage|p2a: Magnezone|224/255|[from] Leech Seed|[of] p1a: Appletun\n|upkeep\n|\n|t:|1771187124\n|switch|p1b: Regirock|Regirock, L82|265/265\n|switch|p2b: Wyrdeer|Wyrdeer, L85, M|314/314\n|-ability|p2b: Wyrdeer|Intimidate|boost\n|-unboost|p1a: Appletun|atk|1\n|-fail|p1b: Regirock|unboost|[from] ability: Clear Body|[of] p1b: Regirock\n|turn|7\n|inactive|pikarsh has 90 seconds left.\n|\n|t:|1771187155\n|move|p2b: Wyrdeer|Thunder Wave|p1a: Appletun\n|-status|p1a: Appletun|par\n|move|p2a: Magnezone|Flash Cannon|p1b: Regirock\n|-supereffective|p1b: Regirock\n|-damage|p1b: Regirock|49/265\n|move|p1b: Regirock|Rock Slide|p2a: Magnezone|[spread] p2a,p2b\n|-supereffective|p2a: Magnezone\n|-damage|p2a: Magnezone|140/255\n|-damage|p2b: Wyrdeer|251/314\n|cant|p1a: Appletun|par\n|\n|-weather|none\n|-heal|p1b: Regirock|65/265|[from] item: Leftovers\n|-damage|p2a: Magnezone|109/255|[from] Leech Seed|[of] p1a: Appletun\n|upkeep\n|turn|8\n|inactive|pikarsh has 90 seconds left.\n|\n|t:|1771187187\n|move|p2b: Wyrdeer|Psychic|p1a: Appletun\n|-damage|p1a: Appletun|244/352 par\n|move|p2a: Magnezone|Flash Cannon|p1b: Regirock\n|-supereffective|p1b: Regirock\n|-damage|p1b: Regirock|0 fnt\n|faint|p1b: Regirock\n|move|p1a: Appletun|Leech Seed|p2b: Wyrdeer\n|-start|p2b: Wyrdeer|move: Leech Seed\n|\n|-damage|p2b: Wyrdeer|212/314|[from] Leech Seed|[of] p1a: Appletun\n|-heal|p1a: Appletun|283/352 par|[silent]\n|-damage|p2a: Magnezone|78/255|[from] Leech Seed|[of] p1a: Appletun\n|-heal|p1a: Appletun|314/352 par|[silent]\n|upkeep\n|turn|9\n|inactive|pikarsh has 90 seconds left.\n|\n|t:|1771187200\n|switch|p2a: Hoopa|Hoopa-Unbound, L80|259/259\n|move|p1a: Appletun|Protect|p1a: Appletun\n|-singleturn|p1a: Appletun|Protect\n|move|p2b: Wyrdeer|Psychic|p1a: Appletun\n|-activate|p1a: Appletun|move: Protect\n|\n|-damage|p2b: Wyrdeer|173/314|[from] Leech Seed|[of] p1a: Appletun\n|-heal|p1a: Appletun|352/352 par|[silent]\n|upkeep\n|turn|10\n|\n|t:|1771187211\n|switch|p2b: Magnezone|Magnezone, L84, tera:Flying|78/255\n|-terastallize|p1a: Appletun|Steel\n|move|p2a: Hoopa|Trick|p1a: Appletun\n|-activate|p2a: Hoopa|move: Trick|[of] p1a: Appletun\n|-item|p1a: Appletun|Choice Scarf|[from] move: Trick\n|-item|p2a: Hoopa|Sitrus Berry|[from] move: Trick\n|cant|p1a: Appletun|par\n|\n|upkeep\n|turn|11\n|c|☆Dunsparceismyhomie|Gg\n|-message|pikarsh forfeited.\n|\n|win|Dunsparceismyhomie\n|raw|pikarsh's rating: 1643 &rarr; <strong>1627</strong><br />(-16 for losing)\n|raw|Dunsparceismyhomie's rating: 1709 &rarr; <strong>1725</strong><br />(+16 for winning)\n|l|☆pikarsh\n|player|p1|\n", "inputlog": ">version 686819e5e19f8a7fd2345cfc5a08a5085efa2cc3\n>start {\"formatid\":\"gen9randomdoublesbattle\",\"seed\":\"sodium,2ee04b672556b0164ba64b6c27200afb\",\"rated\":\"Rated battle\"}\n>player p1 {\"name\":\"pikarsh\",\"avatar\":\"266\",\"rating\":1643,\"seed\":\"sodium,02d1f7eff480c53bb90f29f253e6c07a\"}\n>player p2 {\"name\":\"Dunsparceismyhomie\",\"avatar\":\"265\",\"rating\":1709,\"seed\":\"sodium,811497897dceb6961d60bfec93d48dff\"}\n>p1 move swordsdance, move freezedry +2\n>p2 move thunderwave +2, move tailwind\n>p1 move doubleedge +2, move icywind\n>p2 move thunderwave +1, move foulplay +1\n>p2 pass, switch 3\n>p1 move leafblade +1, move icywind\n>p2 move thunderbolt +2, move heatwave\n>p1 switch 5, pass\n>p2 switch 4, pass\n>p1 move protect, move disable +2\n>p2 move flashcannon +2, move willowisp +1\n>p1 pass, switch 3\n>p1 move bravebird +2, move stompingtantrum +1\n>p2 move thunderbolt +1 terastallize, move solarbeam +2\n>p1 switch 4, pass\n>p1 move leechseed +1, move stompingtantrum +2\n>p2 move flashcannon +2, move heatwave\n>p1 pass, switch 6\n>p2 pass, switch 6\n>p1 move leechseed +2, move rockslide\n>p2 move flashcannon +2, move thunderwave +1\n>p1 move leechseed +2, move rockslide\n>p2 move flashcannon +2, move psychic +1\n>p1 move protect, pass\n>p2 switch 5, move psychic +1\n>p1 move leechseed +1 terastallize, pass\n>p2 move trick +1, switch 5\n>chat ☆Dunsparceismyhomie|Gg\n>forcelose p1", "uploadtime": 1771187233, "views": 65, "formatid": "gen9randomdoublesbattle", "rating": 1627, "private": 0, "password": null}