{"id": "gen9randomdoublesbattle-2539705279", "format": "[Gen 9] Random Doubles Battle", "players": ["super-jobard", "ninjaboilung"], "log": "|j|☆super-jobard\n|j|☆ninjaboilung\n|t:|1771098773\n|gametype|doubles\n|player|p1|super-jobard|101|1652\n|player|p2|ninjaboilung|koga|1669\n|gen|9\n|tier|[Gen 9] Random Doubles Battle\n|rated|\n|rule|Species Clause: Limit one of each Pokémon\n|rule|HP Percentage Mod: HP is shown in percentages\n|rule|Illusion Level Mod: Illusion disguises the Pokémon's true level\n|rule|Sleep Clause Mod: Limit one foe put to sleep\n|\n|t:|1771098773\n|teamsize|p1|6\n|teamsize|p2|6\n|start\n|switch|p1a: Magmar|Magmar, L84, F|246/246\n|switch|p1b: Rhydon|Rhydon, L86, F|321/321\n|switch|p2a: Magearna|Magearna-Original, L71|231/231\n|switch|p2b: Samurott|Samurott-Hisui, L83, M|285/285\n|turn|1\n|inactive|Battle timer is ON: inactive players will automatically lose when time's up. (requested by super-jobard)\n|\n|t:|1771098793\n|switch|p2a: Politoed|Politoed, L82, M|282/282\n|-weather|RainDance|[from] ability: Drizzle|[of] p2a: Politoed\n|switch|p1b: Toxapex|Toxapex, L92, M|241/241\n|move|p1a: Magmar|Heat Wave|p2b: Samurott|[spread] p2a,p2b\n|-resisted|p2a: Politoed\n|-resisted|p2b: Samurott\n|-damage|p2a: Politoed|266/282\n|-damage|p2b: Samurott|262/285\n|-status|p2a: Politoed|brn\n|move|p2b: Samurott|Razor Shell|p1b: Toxapex\n|-resisted|p1b: Toxapex\n|-damage|p1b: Toxapex|170/241\n|-damage|p2b: Samurott|234/285|[from] item: Life Orb\n|\n|-weather|RainDance|[upkeep]\n|-heal|p1b: Toxapex|185/241|[from] item: Leftovers\n|-damage|p2a: Politoed|249/282 brn|[from] brn\n|upkeep\n|turn|2\n|inactive|ninjaboilung has 120 seconds left.\n|\n|t:|1771098827\n|move|p1a: Magmar|Protect|p1a: Magmar\n|-singleturn|p1a: Magmar|Protect\n|move|p2b: Samurott|Ceaseless Edge|p1b: Toxapex\n|-damage|p1b: Toxapex|99/241\n|-sidestart|p1: super-jobard|Spikes\n|-damage|p2b: Samurott|206/285|[from] item: Life Orb\n|move|p2a: Politoed|Muddy Water|p1a: Magmar|[spread] p1b\n|-activate|p1a: Magmar|move: Protect\n|-resisted|p1b: Toxapex\n|-damage|p1b: Toxapex|70/241\n|move|p1b: Toxapex|Toxic|p2b: Samurott\n|-status|p2b: Samurott|tox\n|\n|-weather|RainDance|[upkeep]\n|-heal|p1b: Toxapex|85/241|[from] item: Leftovers\n|-damage|p2b: Samurott|189/285 tox|[from] psn\n|-damage|p2a: Politoed|232/282 brn|[from] brn\n|upkeep\n|turn|3\n|\n|t:|1771098851\n|switch|p1a: Mismagius|Mismagius, L88, F|249/249\n|move|p1b: Toxapex|Baneful Bunker|p1b: Toxapex\n|-singleturn|p1b: Toxapex|move: Protect\n|move|p2b: Samurott|Ceaseless Edge|p1b: Toxapex\n|-activate|p1b: Toxapex|move: Protect\n|move|p2a: Politoed|Muddy Water|p1a: Mismagius|[spread] p1a\n|-activate|p1b: Toxapex|move: Protect\n|-damage|p1a: Mismagius|164/249\n|-unboost|p1a: Mismagius|accuracy|1\n|\n|-weather|RainDance|[upkeep]\n|-heal|p1b: Toxapex|100/241|[from] item: Leftovers\n|-damage|p2b: Samurott|155/285 tox|[from] psn\n|-damage|p2a: Politoed|215/282 brn|[from] brn\n|upkeep\n|turn|4\n|inactive|super-jobard has 120 seconds left.\n|\n|t:|1771098884\n|switch|p1b: Rhydon|Rhydon, L86, F|321/321\n|-damage|p1b: Rhydon|281/321|[from] Spikes\n|move|p2a: Politoed|Helping Hand|p2b: Samurott\n|-singleturn|p2b: Samurott|Helping Hand|[of] p2a: Politoed\n|move|p1a: Mismagius|Dazzling Gleam|p2a: Politoed|[spread] p2a,p2b\n|-crit|p2a: Politoed\n|-supereffective|p2b: Samurott\n|-crit|p2b: Samurott\n|-damage|p2a: Politoed|111/282 brn\n|-damage|p2b: Samurott|0 fnt\n|-enditem|p2a: Politoed|Sitrus Berry|[eat]\n|-heal|p2a: Politoed|181/282 brn|[from] item: Sitrus Berry\n|faint|p2b: Samurott\n|\n|-weather|RainDance|[upkeep]\n|-damage|p2a: Politoed|164/282 brn|[from] brn\n|upkeep\n|inactive|ninjaboilung has 120 seconds left.\n|\n|t:|1771098901\n|switch|p2b: Forretress|Forretress, L90, M|281/281\n|turn|5\n|\n|t:|1771098909\n|switch|p1a: Toxapex|Toxapex, L92, M|180/241\n|-damage|p1a: Toxapex|150/241|[from] Spikes\n|move|p1b: Rhydon|Protect|p1b: Rhydon\n|-singleturn|p1b: Rhydon|Protect\n|move|p2a: Politoed|Muddy Water|p1a: Toxapex|[spread] p1a\n|-activate|p1b: Rhydon|move: Protect\n|-resisted|p1a: Toxapex\n|-damage|p1a: Toxapex|122/241\n|-unboost|p1a: Toxapex|accuracy|1\n|move|p2b: Forretress|Iron Defense|p2b: Forretress\n|-boost|p2b: Forretress|def|2\n|\n|-weather|none\n|-heal|p1a: Toxapex|137/241|[from] item: Leftovers\n|-damage|p2a: Politoed|147/282 brn|[from] brn\n|upkeep\n|turn|6\n|\n|t:|1771098938\n|switch|p1a: Mismagius|Mismagius, L88, F|164/249\n|move|p2a: Politoed|Helping Hand|p2b: Forretress\n|-singleturn|p2b: Forretress|Helping Hand|[of] p2a: Politoed\n|move|p2b: Forretress|Iron Head|p1b: Rhydon\n|-supereffective|p1b: Rhydon\n|-damage|p1b: Rhydon|135/321\n|cant|p1b: Rhydon|flinch\n|\n|-damage|p2a: Politoed|130/282 brn|[from] brn\n|upkeep\n|turn|7\n|\n|t:|1771098961\n|switch|p2a: Magearna|Magearna-Original, L71|231/231\n|move|p1a: Mismagius|Mystical Fire|p2b: Forretress\n|-supereffective|p2b: Forretress\n|-ability|p2b: Forretress|Sturdy\n|-damage|p2b: Forretress|1/281\n|-unboost|p2b: Forretress|spa|1\n|move|p2b: Forretress|Iron Head|p1a: Mismagius\n|-damage|p1a: Mismagius|50/249\n|move|p1b: Rhydon|Rock Slide|p2a: Magearna|[spread] p2a,p2b\n|-resisted|p2a: Magearna\n|-damage|p2a: Magearna|192/231\n|-damage|p2b: Forretress|0 fnt\n|faint|p2b: Forretress\n|-ability|p2a: Magearna|Soul-Heart|boost\n|-boost|p2a: Magearna|spa|1\n|\n|upkeep\n|\n|t:|1771098976\n|switch|p2b: Politoed|Politoed, L82, M|130/282 brn\n|-weather|RainDance|[from] ability: Drizzle|[of] p2b: Politoed\n|turn|8\n|\n|t:|1771098985\n|move|p1a: Mismagius|Mystical Fire|p2a: Magearna\n|-supereffective|p2a: Magearna\n|-damage|p2a: Magearna|130/231\n|-unboost|p2a: Magearna|spa|1\n|move|p2b: Politoed|Muddy Water|p1b: Rhydon|[spread] p1a,p1b\n|-supereffective|p1b: Rhydon\n|-damage|p1a: Mismagius|0 fnt\n|-damage|p1b: Rhydon|0 fnt\n|faint|p1a: Mismagius\n|-ability|p2a: Magearna|Soul-Heart|boost\n|-boost|p2a: Magearna|spa|1\n|faint|p1b: Rhydon\n|-ability|p2a: Magearna|Soul-Heart|boost\n|-boost|p2a: Magearna|spa|1\n|move|p2a: Magearna|Dazzling Gleam|p1: Mismagius|[notarget]\n|-fail|p2a: Magearna\n|\n|-weather|RainDance|[upkeep]\n|-damage|p2b: Politoed|113/282 brn|[from] brn\n|upkeep\n|\n|t:|1771099013\n|switch|p1a: Magmar|Magmar, L84, F|238/238\n|switch|p1b: Toxapex|Toxapex, L92, M|217/241\n|-damage|p1a: Magmar|209/238|[from] Spikes\n|-damage|p1b: Toxapex|187/241|[from] Spikes\n|turn|9\n|inactive|ninjaboilung has 120 seconds left.\n|\n|t:|1771099050\n|-terastallize|p2a: Magearna|Water\n|move|p1a: Magmar|Protect|p1a: Magmar\n|-singleturn|p1a: Magmar|Protect\n|move|p2b: Politoed|Muddy Water|p1b: Toxapex|[spread] p1b\n|-activate|p1a: Magmar|move: Protect\n|-resisted|p1b: Toxapex\n|-damage|p1b: Toxapex|159/241\n|move|p2a: Magearna|Aura Sphere|p1a: Magmar\n|-activate|p1a: Magmar|move: Protect\n|move|p1b: Toxapex|Infestation|p2b: Politoed\n|-damage|p2b: Politoed|102/282 brn\n|-activate|p2b: Politoed|move: Infestation|[of] p1b: Toxapex\n|\n|-weather|RainDance|[upkeep]\n|-heal|p1b: Toxapex|174/241|[from] item: Leftovers\n|-damage|p2b: Politoed|85/282 brn|[from] brn\n|-damage|p2b: Politoed|50/282 brn|[from] move: Infestation|[partiallytrapped]\n|upkeep\n|turn|10\n|inactive|ninjaboilung has 120 seconds left.\n|\n|t:|1771099078\n|move|p2b: Politoed|Helping Hand|p2a: Magearna\n|-singleturn|p2a: Magearna|Helping Hand|[of] p2b: Politoed\n|move|p1a: Magmar|Sludge Bomb|p2a: Magearna\n|-damage|p2a: Magearna|66/231\n|-damage|p1a: Magmar|186/238|[from] item: Life Orb\n|move|p2a: Magearna|Dazzling Gleam|p1a: Magmar|[spread] p1a,p1b\n|-supereffective|p1a: Magmar\n|-crit|p1a: Magmar\n|-resisted|p1b: Toxapex\n|-damage|p1a: Magmar|0 fnt\n|-damage|p1b: Toxapex|124/241\n|replace|p1a: Zoroark|Zoroark, L84, F\n|-end|p1a: Zoroark|Illusion\n|-hint|Illusion Level Mod is active, so this Pokémon's true level was hidden.\n|faint|p1a: Zoroark\n|-ability|p2a: Magearna|Soul-Heart|boost\n|-boost|p2a: Magearna|spa|1\n|move|p1b: Toxapex|Infestation|p2a: Magearna\n|-damage|p2a: Magearna|58/231\n|-activate|p2a: Magearna|move: Infestation|[of] p1b: Toxapex\n|\n|-weather|RainDance|[upkeep]\n|-heal|p1b: Toxapex|139/241|[from] item: Leftovers\n|-damage|p2b: Politoed|33/282 brn|[from] brn\n|-damage|p2b: Politoed|0 fnt|[from] move: Infestation|[partiallytrapped]\n|faint|p2b: Politoed\n|-ability|p2a: Magearna|Soul-Heart|boost\n|-boost|p2a: Magearna|spa|1\n|-damage|p2a: Magearna|30/231|[from] move: Infestation|[partiallytrapped]\n|upkeep\n|inactive|super-jobard has 120 seconds left.\n|\n|t:|1771099102\n|switch|p1a: Magmar|Magmar, L84, F|246/246\n|switch|p2b: Raichu|Raichu, L87, F|246/246\n|-damage|p1a: Magmar|216/246|[from] Spikes\n|turn|11\n|inactive|ninjaboilung has 120 seconds left.\n|\n|t:|1771099113\n|move|p1a: Magmar|Protect|p1a: Magmar\n|-singleturn|p1a: Magmar|Protect\n|move|p1b: Toxapex|Baneful Bunker|p1b: Toxapex\n|-singleturn|p1b: Toxapex|move: Protect\n|move|p2b: Raichu|Fake Out|p1a: Magmar\n|-activate|p1a: Magmar|move: Protect\n|move|p2a: Magearna|Fleur Cannon|p1b: Toxapex\n|-activate|p1b: Toxapex|move: Protect\n|\n|-weather|RainDance|[upkeep]\n|-heal|p1b: Toxapex|154/241|[from] item: Leftovers\n|-damage|p2a: Magearna|2/231|[from] move: Infestation|[partiallytrapped]\n|upkeep\n|turn|12\n|inactive|ninjaboilung has 120 seconds left.\n|\n|t:|1771099134\n|-terastallize|p1b: Toxapex|Grass\n|move|p2b: Raichu|Nuzzle|p1a: Magmar\n|-damage|p1a: Magmar|195/246\n|-status|p1a: Magmar|par\n|move|p2a: Magearna|Fleur Cannon|p1b: Toxapex\n|-damage|p1b: Toxapex|0 fnt\n|-unboost|p2a: Magearna|spa|2\n|faint|p1b: Toxapex\n|-ability|p2a: Magearna|Soul-Heart|boost\n|-boost|p2a: Magearna|spa|1\n|move|p1a: Magmar|Heat Wave|p2a: Magearna|[spread] p2b\n|-miss|p1a: Magmar|p2a: Magearna\n|-crit|p2b: Raichu\n|-damage|p2b: Raichu|189/246\n|\n|-weather|none\n|-end|p2a: Magearna|Infestation|[partiallytrapped]|[silent]\n|upkeep\n|\n|t:|1771099151\n|switch|p1b: Houndstone|Houndstone, L73, M|226/226\n|-damage|p1b: Houndstone|198/226|[from] Spikes\n|turn|13\n|\n|t:|1771099160\n|move|p2b: Raichu|Nuzzle|p1b: Houndstone\n|-damage|p1b: Houndstone|186/226\n|-status|p1b: Houndstone|par\n|move|p2a: Magearna|Fleur Cannon|p1b: Houndstone\n|-damage|p1b: Houndstone|0 fnt\n|-unboost|p2a: Magearna|spa|2\n|faint|p1b: Houndstone\n|-ability|p2a: Magearna|Soul-Heart|boost\n|-boost|p2a: Magearna|spa|1\n|move|p1a: Magmar|Heat Wave|p2a: Magearna|[spread] p2a,p2b\n|-resisted|p2a: Magearna\n|-damage|p2a: Magearna|0 fnt\n|-damage|p2b: Raichu|104/246\n|-status|p2b: Raichu|brn\n|-enditem|p2b: Raichu|Sitrus Berry|[eat]\n|-heal|p2b: Raichu|165/246 brn|[from] item: Sitrus Berry\n|faint|p2a: Magearna\n|\n|-damage|p2b: Raichu|150/246 brn|[from] brn\n|upkeep\n|\n|t:|1771099177\n|switch|p2a: Morpeko|Morpeko, L88, F|245/245\n|turn|14\n|\n|t:|1771099186\n|move|p2b: Raichu|Thunderbolt|p1a: Magmar\n|-damage|p1a: Magmar|129/246 par\n|move|p2a: Morpeko|Knock Off|p1a: Magmar\n|-damage|p1a: Magmar|32/246 par\n|-enditem|p1a: Magmar|Eviolite|[from] move: Knock Off|[of] p2a: Morpeko\n|move|p1a: Magmar|Heat Wave|p2a: Morpeko|[spread] p2a,p2b\n|-damage|p2a: Morpeko|140/245\n|-damage|p2b: Raichu|69/246 brn\n|\n|-damage|p2b: Raichu|54/246 brn|[from] brn\n|-formechange|p2a: Morpeko|Morpeko-Hangry||[from] ability: Hunger Switch\n|upkeep\n|turn|15\n|c|☆ninjaboilung|gg\n|\n|t:|1771099200\n|move|p2b: Raichu|Thunderbolt|p1a: Magmar\n|-damage|p1a: Magmar|0 fnt\n|faint|p1a: Magmar\n|\n|win|ninjaboilung\n|raw|super-jobard's rating: 1652 &rarr; <strong>1633</strong><br />(-19 for losing)\n|raw|ninjaboilung's rating: 1669 &rarr; <strong>1688</strong><br />(+19 for winning)\n|l|☆super-jobard\n|player|p1|\n", "inputlog": ">version ccdc32dd7cde25fd9e4bed64820e885f66e78a4e\n>start {\"formatid\":\"gen9randomdoublesbattle\",\"seed\":\"sodium,5365f7d03ddc64e4f88efdc508ab8ea8\",\"rated\":\"Rated battle\"}\n>player p1 {\"name\":\"super-jobard\",\"avatar\":\"101\",\"rating\":1652,\"seed\":\"sodium,217cd529df8cb29ae4057c64644e18df\"}\n>player p2 {\"name\":\"ninjaboilung\",\"avatar\":\"koga\",\"rating\":1669,\"seed\":\"sodium,a134c8b130967bf86cf622ae21505680\"}\n>p1 move heatwave, switch 3\n>p2 switch 3, move razorshell +2\n>p1 move protect, move toxic +2\n>p2 move muddywater, move ceaselessedge +2\n>p1 switch 6, move banefulbunker\n>p2 move muddywater, move ceaselessedge +2\n>p1 move dazzlinggleam, switch 3\n>p2 move helpinghand -2, move ceaselessedge +2\n>p2 pass, switch 6\n>p1 switch 3, move protect\n>p2 move muddywater, move irondefense\n>p1 switch 3, move rockslide\n>p2 move helpinghand -2, move ironhead +2\n>p1 move mysticalfire +2, move rockslide\n>p2 switch 3, move ironhead +1\n>p2 pass, switch 3\n>p1 move mysticalfire +1, move highhorsepower +1\n>p2 move dazzlinggleam, move muddywater\n>p1 switch 5, switch 3\n>p1 move protect, move infestation +2\n>p2 move aurasphere +1 terastallize, move muddywater\n>p1 move sludgebomb +1, move infestation +1\n>p2 move dazzlinggleam, move helpinghand -1\n>p1 switch 6, pass\n>p2 pass, switch 4\n>p1 move protect, move banefulbunker\n>p2 move fleurcannon +2, move fakeout +1\n>p1 move heatwave, move toxic +2 terastallize\n>p2 move fleurcannon +2, move nuzzle +1\n>p1 pass, switch 4\n>p1 move heatwave, move lastrespects +1\n>p2 move fleurcannon +2, move nuzzle +2\n>p2 switch 5, pass\n>p1 move heatwave, pass\n>p2 move knockoff +1, move thunderbolt +1\n>chat ☆ninjaboilung|gg\n>p1 move heatwave, pass\n>p2 move aurawheel +1, move thunderbolt +1", "uploadtime": 1771099211, "views": 66, "formatid": "gen9randomdoublesbattle", "rating": 1633, "private": 0, "password": null}