{"id": "gen9randomdoublesbattle-2538005185", "format": "[Gen 9] Random Doubles Battle", "players": ["Xgon-givvit2ya", "Poppy chulo"], "log": "|j|‽Xgon-givvit2ya\n|j|☆Poppy chulo\n|t:|1770876260\n|gametype|doubles\n|player|p1|Xgon-givvit2ya|2|1466\n|player|p2|Poppy chulo|blaine|1587\n|gen|9\n|tier|[Gen 9] Random Doubles Battle\n|rated|\n|rule|Species Clause: Limit one of each Pokémon\n|rule|HP Percentage Mod: HP is shown in percentages\n|rule|Illusion Level Mod: Illusion disguises the Pokémon's true level\n|rule|Sleep Clause Mod: Limit one foe put to sleep\n|\n|t:|1770876260\n|teamsize|p1|6\n|teamsize|p2|6\n|start\n|switch|p1a: Tauros|Tauros-Paldea-Blaze, L79, M|248/248\n|switch|p1b: Tropius|Tropius, L94, F|339/339\n|switch|p2a: Quagsire|Quagsire, L91, F|321/321\n|switch|p2b: Wigglytuff|Wigglytuff, L91, F|403/403\n|-ability|p1a: Tauros|Intimidate|boost\n|-unboost|p2a: Quagsire|atk|1\n|-unboost|p2b: Wigglytuff|atk|1\n|-ability|p2b: Wigglytuff|Competitive|boost\n|-boost|p2b: Wigglytuff|spa|2\n|turn|1\n|inactive|Battle timer is ON: inactive players will automatically lose when time's up. (requested by Poppy chulo)\n|\n|t:|1770876273\n|move|p1b: Tropius|Wide Guard|p1b: Tropius\n|-singleturn|p1b: Tropius|Wide Guard\n|move|p1a: Tauros|Will-O-Wisp|p2a: Quagsire\n|-status|p2a: Quagsire|brn\n|move|p2b: Wigglytuff|Dazzling Gleam|p1a: Tauros|[spread] \n|-activate|p1a: Tauros|move: Wide Guard\n|-activate|p1b: Tropius|move: Wide Guard\n|move|p2a: Quagsire|Icy Wind|p1b: Tropius|[spread] \n|-activate|p1a: Tauros|move: Wide Guard\n|-activate|p1b: Tropius|move: Wide Guard\n|\n|-damage|p2a: Quagsire|301/321 brn|[from] brn\n|upkeep\n|turn|2\n|\n|t:|1770876288\n|move|p1b: Tropius|Wide Guard|p1b: Tropius\n|-singleturn|p1b: Tropius|Wide Guard\n|move|p1a: Tauros|Bulk Up|p1a: Tauros\n|-boost|p1a: Tauros|atk|1\n|-boost|p1a: Tauros|def|1\n|move|p2b: Wigglytuff|Icy Wind|p1b: Tropius|[spread] \n|-activate|p1a: Tauros|move: Wide Guard\n|-activate|p1b: Tropius|move: Wide Guard\n|move|p2a: Quagsire|Icy Wind|p1b: Tropius|[spread] \n|-activate|p1a: Tauros|move: Wide Guard\n|-activate|p1b: Tropius|move: Wide Guard\n|\n|-damage|p2a: Quagsire|281/321 brn|[from] brn\n|upkeep\n|turn|3\n|\n|t:|1770876303\n|move|p2a: Quagsire|Helping Hand|p2b: Wigglytuff\n|-singleturn|p2b: Wigglytuff|Helping Hand|[of] p2a: Quagsire\n|move|p1b: Tropius|Wide Guard|p1b: Tropius\n|-singleturn|p1b: Tropius|Wide Guard\n|move|p1a: Tauros|Bulk Up|p1a: Tauros\n|-boost|p1a: Tauros|atk|1\n|-boost|p1a: Tauros|def|1\n|move|p2b: Wigglytuff|Dazzling Gleam|p1b: Tropius|[spread] \n|-activate|p1a: Tauros|move: Wide Guard\n|-activate|p1b: Tropius|move: Wide Guard\n|\n|-damage|p2a: Quagsire|261/321 brn|[from] brn\n|upkeep\n|turn|4\n|\n|t:|1770876326\n|-terastallize|p1a: Tauros|Water\n|move|p2a: Quagsire|Helping Hand|p2b: Wigglytuff\n|-singleturn|p2b: Wigglytuff|Helping Hand|[of] p2a: Quagsire\n|move|p1b: Tropius|Wide Guard|p1b: Tropius\n|-singleturn|p1b: Tropius|Wide Guard\n|move|p1a: Tauros|Bulk Up|p1a: Tauros\n|-boost|p1a: Tauros|atk|1\n|-boost|p1a: Tauros|def|1\n|move|p2b: Wigglytuff|Fire Blast|p1a: Tauros\n|-resisted|p1a: Tauros\n|-damage|p1a: Tauros|87/248\n|-enditem|p1a: Tauros|Sitrus Berry|[eat]\n|-heal|p1a: Tauros|149/248|[from] item: Sitrus Berry\n|\n|-damage|p2a: Quagsire|241/321 brn|[from] brn\n|upkeep\n|turn|5\n|\n|t:|1770876349\n|move|p2a: Quagsire|Helping Hand|p2b: Wigglytuff\n|-singleturn|p2b: Wigglytuff|Helping Hand|[of] p2a: Quagsire\n|move|p1a: Tauros|Close Combat|p2b: Wigglytuff\n|-damage|p2b: Wigglytuff|0 fnt\n|-unboost|p1a: Tauros|def|1\n|-unboost|p1a: Tauros|spd|1\n|faint|p2b: Wigglytuff\n|move|p1b: Tropius|Energy Ball|p2a: Quagsire\n|-supereffective|p2a: Quagsire\n|-damage|p2a: Quagsire|0 fnt\n|faint|p2a: Quagsire\n|\n|upkeep\n|\n|t:|1770876364\n|switch|p2b: Garganacl|Garganacl, L81, F|295/295\n|switch|p2a: Dedenne|Dedenne, L85, M|253/253\n|turn|6\n|\n|t:|1770876377\n|move|p2a: Dedenne|Thunderbolt|p1a: Tauros\n|-supereffective|p1a: Tauros\n|-damage|p1a: Tauros|0 fnt\n|faint|p1a: Tauros\n|move|p1b: Tropius|Tailwind|p1b: Tropius\n|-sidestart|p1: Xgon-givvit2ya|move: Tailwind\n|move|p2b: Garganacl|Salt Cure|p1b: Tropius\n|-supereffective|p1b: Tropius\n|-damage|p1b: Tropius|267/339\n|-start|p1b: Tropius|Salt Cure\n|\n|-damage|p1b: Tropius|225/339|[from] Salt Cure\n|upkeep\n|\n|t:|1770876383\n|switch|p1a: Whiscash|Whiscash, L88, F|337/337\n|turn|7\n|inactive|Poppy chulo has 120 seconds left.\n|\n|t:|1770876426\n|move|p1a: Whiscash|Muddy Water|p2b: Garganacl|[spread] p2a,p2b\n|-supereffective|p2b: Garganacl\n|-damage|p2a: Dedenne|180/253\n|-damage|p2b: Garganacl|167/295\n|-unboost|p2b: Garganacl|accuracy|1\n|move|p1b: Tropius|Energy Ball|p2b: Garganacl\n|-supereffective|p2b: Garganacl\n|-crit|p2b: Garganacl\n|-damage|p2b: Garganacl|0 fnt\n|faint|p2b: Garganacl\n|move|p2a: Dedenne|Thunderbolt|p1b: Tropius\n|-damage|p1b: Tropius|146/339\n|-enditem|p1b: Tropius|Sitrus Berry|[eat]\n|-heal|p1b: Tropius|230/339|[from] item: Sitrus Berry\n|\n|-damage|p1b: Tropius|188/339|[from] Salt Cure\n|upkeep\n|-message|Poppy chulo forfeited.\n|\n|win|Xgon-givvit2ya\n|raw|Xgon-givvit2ya's rating: 1492 &rarr; <strong>1517</strong><br />(+25 for winning)\n|raw|Poppy chulo's rating: 1587 &rarr; <strong>1562</strong><br />(-25 for losing)\n|l|☆Poppy chulo\n|player|p2|\n", "inputlog": ">version ccdc32dd7cde25fd9e4bed64820e885f66e78a4e\n>start {\"formatid\":\"gen9randomdoublesbattle\",\"seed\":\"sodium,0c0395d3b6f428f1fc343948429f74e6\",\"rated\":\"Rated battle\"}\n>player p1 {\"name\":\"Xgon-givvit2ya\",\"avatar\":\"2\",\"rating\":1466,\"seed\":\"sodium,ead7810c8d452361bd3d78352b43d377\"}\n>player p2 {\"name\":\"Poppy chulo\",\"avatar\":\"blaine\",\"rating\":1587,\"seed\":\"sodium,72ed969aabf0911e6bd4a90b970b4efe\"}\n>p1 move willowisp +1, move wideguard\n>p2 move icywind, move dazzlinggleam\n>p1 move bulkup, move wideguard\n>p2 move icywind, move icywind\n>p1 move bulkup, move wideguard\n>p2 move helpinghand -2, move dazzlinggleam\n>p1 move bulkup terastallize, move wideguard\n>p2 move helpinghand -2, move fireblast +1\n>p1 move closecombat +2, move energyball +1\n>p2 move helpinghand -2, move fireblast +1\n>p2 switch 3, switch 4\n>p1 move ragingbull +1, move tailwind\n>p2 move thunderbolt +1, move saltcure +2\n>p1 switch 4, pass\n>p1 move muddywater, move energyball +2\n>p2 move thunderbolt +2, move saltcure +1\n>forcelose p2", "uploadtime": 1770876445, "views": 76, "formatid": "gen9randomdoublesbattle", "rating": 1517, "private": 0, "password": null}