{"id": "gen9randomdoublesbattle-2538131590", "format": "[Gen 9] Random Doubles Battle", "players": ["afi19", "pixel_dragon9"], "log": "|j|☆afi19\n|j|☆pixel_dragon9\n|t:|1770897282\n|gametype|doubles\n|player|p1|afi19|170|1643\n|player|p2|pixel_dragon9|266|1652\n|gen|9\n|tier|[Gen 9] Random Doubles Battle\n|rated|\n|rule|Species Clause: Limit one of each Pokémon\n|rule|HP Percentage Mod: HP is shown in percentages\n|rule|Illusion Level Mod: Illusion disguises the Pokémon's true level\n|rule|Sleep Clause Mod: Limit one foe put to sleep\n|\n|t:|1770897282\n|teamsize|p1|6\n|teamsize|p2|6\n|start\n|switch|p1a: Golduck|Golduck, L91, M|293/293\n|switch|p1b: Armarouge|Armarouge, L80, F|267/267\n|switch|p2a: Overqwil|Overqwil, L82, M|274/274\n|switch|p2b: Iron Boulder|Iron Boulder, L77|265/265\n|-ability|p1a: Golduck|Cloud Nine\n|-ability|p2a: Overqwil|Intimidate|boost\n|-unboost|p1a: Golduck|atk|1\n|-unboost|p1b: Armarouge|atk|1\n|turn|1\n|inactive|Battle timer is ON: inactive players will automatically lose when time's up. (requested by pixel_dragon9)\n|\n|t:|1770897311\n|move|p1b: Armarouge|Protect|p1b: Armarouge\n|-singleturn|p1b: Armarouge|Protect\n|move|p2b: Iron Boulder|Mighty Cleave|p1a: Golduck\n|-damage|p1a: Golduck|157/293\n|-damage|p2b: Iron Boulder|239/265|[from] item: Life Orb\n|move|p1a: Golduck|Hydro Pump|p2b: Iron Boulder\n|-supereffective|p2b: Iron Boulder\n|-damage|p2b: Iron Boulder|0 fnt\n|faint|p2b: Iron Boulder\n|-end|p2b: Iron Boulder|Quark Drive|[silent]\n|-damage|p1a: Golduck|128/293|[from] item: Life Orb\n|move|p2a: Overqwil|Crunch|p1b: Armarouge\n|-activate|p1b: Armarouge|move: Protect\n|\n|upkeep\n|\n|t:|1770897317\n|switch|p2b: Jumpluff|Jumpluff, L92, M|287/287\n|turn|2\n|\n|t:|1770897338\n|move|p1a: Golduck|Protect|p1a: Golduck\n|-singleturn|p1a: Golduck|Protect\n|move|p2b: Jumpluff|Sleep Powder|p1a: Golduck\n|-activate|p1a: Golduck|move: Protect\n|move|p2a: Overqwil|Crunch|p1b: Armarouge\n|-supereffective|p1b: Armarouge\n|-damage|p1b: Armarouge|30/267\n|-unboost|p1b: Armarouge|def|1\n|-damage|p2a: Overqwil|247/274|[from] item: Life Orb\n|move|p1b: Armarouge|Trick Room|p1b: Armarouge\n|-fieldstart|move: Trick Room|[of] p1b: Armarouge\n|\n|upkeep\n|turn|3\n|\n|t:|1770897354\n|switch|p1a: Alcremie|Alcremie-Lemon-Cream, L90, F|263/263\n|switch|p2b: Dialga|Dialga-Origin, L74|270/270\n|move|p1b: Armarouge|Heat Wave|p2b: Dialga|[spread] p2a,p2b\n|-damage|p2a: Overqwil|114/274\n|-damage|p2b: Dialga|176/270\n|-status|p2b: Dialga|brn\n|-damage|p1b: Armarouge|4/267|[from] item: Life Orb\n|move|p2a: Overqwil|Crunch|p1b: Armarouge\n|-supereffective|p1b: Armarouge\n|-crit|p1b: Armarouge\n|-damage|p1b: Armarouge|0 fnt\n|faint|p1b: Armarouge\n|-damage|p2a: Overqwil|87/274|[from] item: Life Orb\n|\n|-damage|p2b: Dialga|160/270 brn|[from] brn\n|upkeep\n|\n|t:|1770897365\n|switch|p1b: Chesnaught|Chesnaught, L86, F|292/292\n|turn|4\n|\n|t:|1770897378\n|move|p1b: Chesnaught|Leech Seed|p2b: Dialga\n|-start|p2b: Dialga|move: Leech Seed\n|move|p1a: Alcremie|Decorate|p1b: Chesnaught\n|-boost|p1b: Chesnaught|atk|2\n|-boost|p1b: Chesnaught|spa|2\n|move|p2b: Dialga|Flash Cannon|p1a: Alcremie\n|-supereffective|p1a: Alcremie\n|-damage|p1a: Alcremie|101/263\n|-enditem|p1a: Alcremie|Sitrus Berry|[eat]\n|-heal|p1a: Alcremie|166/263|[from] item: Sitrus Berry\n|move|p2a: Overqwil|Gunk Shot|p1a: Alcremie\n|-supereffective|p1a: Alcremie\n|-damage|p1a: Alcremie|0 fnt\n|faint|p1a: Alcremie\n|-damage|p2a: Overqwil|60/274|[from] item: Life Orb\n|\n|-damage|p2b: Dialga|127/270 brn|[from] Leech Seed|[of] p1b: Chesnaught\n|-damage|p2b: Dialga|111/270 brn|[from] brn\n|upkeep\n|\n|t:|1770897404\n|switch|p1a: Golduck|Golduck, L91, M|128/293\n|-ability|p1a: Golduck|Cloud Nine\n|turn|5\n|\n|t:|1770897417\n|move|p2b: Dialga|Protect|p2b: Dialga\n|-singleturn|p2b: Dialga|Protect\n|move|p1a: Golduck|Protect|p1a: Golduck\n|-singleturn|p1a: Golduck|Protect\n|move|p1b: Chesnaught|Body Press|p2a: Overqwil\n|-damage|p2a: Overqwil|0 fnt\n|faint|p2a: Overqwil\n|\n|-damage|p2b: Dialga|78/270 brn|[from] Leech Seed|[of] p1b: Chesnaught\n|-damage|p2b: Dialga|62/270 brn|[from] brn\n|upkeep\n|\n|t:|1770897426\n|switch|p2a: Mismagius|Mismagius, L88, M|249/249\n|turn|6\n|\n|t:|1770897433\n|switch|p2b: Kricketune|Kricketune, M|316/316\n|move|p2a: Mismagius|Protect|p2a: Mismagius\n|-singleturn|p2a: Mismagius|Protect\n|move|p1b: Chesnaught|Wood Hammer|p2a: Mismagius\n|-activate|p2a: Mismagius|move: Protect\n|move|p1a: Golduck|Hydro Pump|p2a: Mismagius\n|-activate|p2a: Mismagius|move: Protect\n|\n|-fieldend|move: Trick Room\n|upkeep\n|turn|7\n|\n|t:|1770897443\n|move|p1b: Chesnaught|Spiky Shield|p1b: Chesnaught\n|-singleturn|p1b: Chesnaught|move: Protect\n|move|p2a: Mismagius|Thunderbolt|p1a: Golduck\n|-supereffective|p1a: Golduck\n|-damage|p1a: Golduck|0 fnt\n|faint|p1a: Golduck\n|-damage|p2a: Mismagius|225/249|[from] item: Life Orb\n|move|p2b: Kricketune|Bug Bite|p1b: Chesnaught\n|-activate|p1b: Chesnaught|move: Protect\n|-damage|p2b: Kricketune|277/316|[from] Spiky Shield|[of] p1b: Chesnaught\n|\n|upkeep\n|\n|t:|1770897467\n|switch|p1a: Klawf|Klawf, L91, M|275/275\n|turn|8\n|\n|t:|1770897483\n|move|p1a: Klawf|Rock Slide|p2b: Kricketune|[spread] p2a,p2b\n|-supereffective|p2b: Kricketune\n|-damage|p2a: Mismagius|137/249\n|-damage|p2b: Kricketune|97/316\n|-enditem|p2b: Kricketune|Sitrus Berry|[eat]\n|-heal|p2b: Kricketune|176/316|[from] item: Sitrus Berry\n|move|p2a: Mismagius|Shadow Ball|p1b: Chesnaught\n|-immune|p1b: Chesnaught|[from] ability: Bulletproof\n|cant|p2b: Kricketune|flinch\n|move|p1b: Chesnaught|Wood Hammer|p2a: Mismagius\n|-damage|p2a: Mismagius|0 fnt\n|faint|p2a: Mismagius\n|-damage|p1b: Chesnaught|247/292|[from] Recoil\n|\n|upkeep\n|\n|t:|1770897493\n|switch|p2a: Jumpluff|Jumpluff, L92, M|287/287\n|turn|9\n|\n|t:|1770897500\n|move|p1b: Chesnaught|Spiky Shield|p1b: Chesnaught\n|-singleturn|p1b: Chesnaught|move: Protect\n|move|p1a: Klawf|Rock Slide|p2a: Jumpluff|[spread] p2a,p2b\n|-supereffective|p2a: Jumpluff\n|-supereffective|p2b: Kricketune\n|-damage|p2a: Jumpluff|125/287\n|-damage|p2b: Kricketune|2/316\n|move|p2a: Jumpluff|Sleep Powder|p1a: Klawf\n|-status|p1a: Klawf|slp|[from] move: Sleep Powder\n|move|p2b: Kricketune|Bug Bite|p1b: Chesnaught\n|-activate|p1b: Chesnaught|move: Protect\n|-damage|p2b: Kricketune|0 fnt|[from] Spiky Shield|[of] p1b: Chesnaught\n|faint|p2b: Kricketune\n|\n|upkeep\n|\n|t:|1770897504\n|switch|p2b: Dialga|Dialga-Origin, L74|62/270 brn\n|turn|10\n|\n|t:|1770897510\n|cant|p1a: Klawf|slp\n|move|p2a: Jumpluff|Acrobatics|p1b: Chesnaught\n|-supereffective|p1b: Chesnaught\n|-damage|p1b: Chesnaught|0 fnt\n|faint|p1b: Chesnaught\n|move|p2b: Dialga|Flash Cannon|p1a: Klawf\n|-supereffective|p1a: Klawf\n|-damage|p1a: Klawf|0 fnt\n|faint|p1a: Klawf\n|\n|-damage|p2b: Dialga|46/270 brn|[from] brn\n|upkeep\n|\n|t:|1770897518\n|switch|p1b: Delphox|Delphox, L83, F|260/260\n|turn|11\n|\n|t:|1770897525\n|move|p2b: Dialga|Protect|p2b: Dialga\n|-singleturn|p2b: Dialga|Protect\n|move|p2a: Jumpluff|Sleep Powder|p1b: Delphox\n|-status|p1b: Delphox|slp|[from] move: Sleep Powder\n|cant|p1b: Delphox|slp\n|\n|-damage|p2b: Dialga|30/270 brn|[from] brn\n|upkeep\n|turn|12\n|\n|t:|1770897534\n|move|p2a: Jumpluff|Acrobatics|p1b: Delphox\n|-damage|p1b: Delphox|158/260 slp\n|cant|p1b: Delphox|slp\n|move|p2b: Dialga|Draco Meteor|p1b: Delphox\n|-damage|p1b: Delphox|0 fnt\n|-unboost|p2b: Dialga|spa|2\n|faint|p1b: Delphox\n|\n|win|pixel_dragon9\n|raw|afi19's rating: 1643 &rarr; <strong>1624</strong><br />(-19 for losing)\n|raw|pixel_dragon9's rating: 1652 &rarr; <strong>1671</strong><br />(+19 for winning)\n", "inputlog": ">version ccdc32dd7cde25fd9e4bed64820e885f66e78a4e\n>start {\"formatid\":\"gen9randomdoublesbattle\",\"seed\":\"sodium,34e659038c3f61f0094302c478e6061c\",\"rated\":\"Rated battle\"}\n>player p1 {\"name\":\"afi19\",\"avatar\":\"170\",\"rating\":1643,\"seed\":\"sodium,fcffbd50a29c4989a6c04486a4b9888a\"}\n>player p2 {\"name\":\"pixel_dragon9\",\"avatar\":\"266\",\"rating\":1652,\"seed\":\"sodium,b85e28040b80cb6e917aa2a3ae6b8a55\"}\n>p1 move hydropump +2, move protect\n>p2 move crunch +2, move mightycleave +1\n>p2 pass, switch 3\n>p1 move protect, move trickroom\n>p2 move crunch +2, move sleeppowder +1\n>p1 switch 4, move heatwave\n>p2 move crunch +2, switch 4\n>p1 pass, switch 6\n>p1 move decorate -2, move leechseed +2\n>p2 move gunkshot +1, move flashcannon +1\n>p1 switch 4, pass\n>p1 move protect, move bodypress +1\n>p2 move gunkshot +2, move protect\n>p2 switch 6, pass\n>p1 move hydropump +1, move woodhammer +1\n>p2 move protect, switch 5\n>p1 move hydropump +1, move spikyshield\n>p2 move thunderbolt +1, move bugbite +2\n>p1 switch 5, pass\n>p1 move rockslide, move woodhammer +1\n>p2 move shadowball +2, move bugbite +2\n>p2 switch 4, pass\n>p1 move rockslide, move spikyshield\n>p2 move sleeppowder +1, move bugbite +2\n>p2 pass, switch 5\n>p1 move rockslide, move bodypress +2\n>p2 move acrobatics +2, move flashcannon +1\n>p1 pass, switch 3\n>p1 pass, move heatwave\n>p2 move sleeppowder +2, move protect\n>p1 pass, move heatwave\n>p2 move acrobatics +2, move dracometeor +2", "uploadtime": 1770897538, "views": 71, "formatid": "gen9randomdoublesbattle", "rating": 1624, "private": 0, "password": null}