{"id": "gen9randomdoublesbattle-2536922469", "format": "[Gen 9] Random Doubles Battle", "players": ["DaPumper", "Jenome"], "log": "|j|☆DaPumper\n|j|☆Jenome\n|t:|1770748732\n|gametype|doubles\n|player|p1|DaPumper|blackbelt-gen1|1773\n|player|p2|Jenome|gentleman-gen4|1705\n|gen|9\n|tier|[Gen 9] Random Doubles Battle\n|rated|\n|rule|Species Clause: Limit one of each Pokémon\n|rule|HP Percentage Mod: HP is shown in percentages\n|rule|Illusion Level Mod: Illusion disguises the Pokémon's true level\n|rule|Sleep Clause Mod: Limit one foe put to sleep\n|\n|t:|1770748732\n|teamsize|p1|6\n|teamsize|p2|6\n|start\n|switch|p1a: Gumshoos|Gumshoos, L93, M|315/315\n|switch|p1b: Clawitzer|Clawitzer, L84, M|256/256\n|switch|p2a: Inteleon|Inteleon, L78, M|237/237\n|switch|p2b: Iron Crown|Iron Crown, L78|268/268\n|turn|1\n|inactive|Battle timer is ON: inactive players will automatically lose when time's up. (requested by DaPumper)\n|inactive|DaPumper has 120 seconds left.\n|\n|t:|1770748767\n|switch|p1a: Entei|Entei, L77|304/304\n|move|p2a: Inteleon|Muddy Water|p1b: Clawitzer|[spread] p1a,p1b\n|-supereffective|p1a: Entei\n|-resisted|p1b: Clawitzer\n|-crit|p1b: Clawitzer\n|-damage|p1a: Entei|26/304\n|-damage|p1b: Clawitzer|164/256\n|-unboost|p1a: Entei|accuracy|1\n|move|p2b: Iron Crown|Psychic|p1a: Entei\n|-damage|p1a: Entei|0 fnt\n|faint|p1a: Entei\n|-damage|p2b: Iron Crown|242/268|[from] item: Life Orb\n|move|p1b: Clawitzer|Dark Pulse|p2b: Iron Crown\n|-supereffective|p2b: Iron Crown\n|-damage|p2b: Iron Crown|0 fnt\n|faint|p2b: Iron Crown\n|-end|p2b: Iron Crown|Quark Drive|[silent]\n|\n|upkeep\n|\n|t:|1770748777\n|switch|p1a: Gumshoos|Gumshoos, L93, M|315/315\n|switch|p2b: Falinks|Falinks, L87|255/255\n|turn|2\n|\n|t:|1770748794\n|switch|p1b: Minun|Minun, L91, F|257/257\n|move|p2a: Inteleon|Muddy Water|p1a: Gumshoos|[spread] p1b\n|-miss|p2a: Inteleon|p1a: Gumshoos\n|-damage|p1b: Minun|140/257\n|move|p2b: Falinks|No Retreat|p2b: Falinks\n|-boost|p2b: Falinks|atk|1\n|-boost|p2b: Falinks|def|1\n|-boost|p2b: Falinks|spa|1\n|-boost|p2b: Falinks|spd|1\n|-boost|p2b: Falinks|spe|1\n|-start|p2b: Falinks|move: No Retreat\n|move|p1a: Gumshoos|Double-Edge|p2a: Inteleon\n|-damage|p2a: Inteleon|0 fnt\n|faint|p2a: Inteleon\n|-damage|p1a: Gumshoos|237/315|[from] Recoil\n|\n|upkeep\n|\n|t:|1770748805\n|switch|p2a: Dudunsparce|Dudunsparce-Three-Segment, L86, M|355/355\n|turn|3\n|\n|t:|1770748818\n|move|p2b: Falinks|Knock Off|p1b: Minun\n|-damage|p1b: Minun|0 fnt\n|-enditem|p1b: Minun|Sitrus Berry|[from] move: Knock Off|[of] p2b: Falinks\n|faint|p1b: Minun\n|-damage|p2b: Falinks|230/255|[from] item: Life Orb\n|move|p2a: Dudunsparce|Tailwind|p2a: Dudunsparce\n|-sidestart|p2: Jenome|move: Tailwind\n|move|p1a: Gumshoos|Double-Edge|p2a: Dudunsparce\n|-damage|p2a: Dudunsparce|0 fnt\n|faint|p2a: Dudunsparce\n|-damage|p1a: Gumshoos|120/315|[from] Recoil\n|\n|upkeep\n|\n|t:|1770748826\n|switch|p1b: Bronzong|Bronzong, L87|258/258\n|switch|p2a: Duraludon|Duraludon, L83, F|252/252\n|turn|4\n|\n|t:|1770748836\n|switch|p1a: Hippowdon|Hippowdon, L86, F|326/326\n|-weather|Sandstorm|[from] ability: Sand Stream|[of] p1a: Hippowdon\n|-terastallize|p1b: Bronzong|Fighting\n|move|p2b: Falinks|Knock Off|p1a: Hippowdon\n|-damage|p1a: Hippowdon|203/326\n|-enditem|p1a: Hippowdon|Sitrus Berry|[from] move: Knock Off|[of] p2b: Falinks\n|-damage|p2b: Falinks|205/255|[from] item: Life Orb\n|move|p2a: Duraludon|Iron Defense|p2a: Duraludon\n|-boost|p2a: Duraludon|def|2\n|move|p1b: Bronzong|Trick Room|p1b: Bronzong\n|-fieldstart|move: Trick Room|[of] p1b: Bronzong\n|\n|-weather|Sandstorm|[upkeep]\n|-damage|p1b: Bronzong|242/258|[from] Sandstorm\n|-damage|p2b: Falinks|190/255|[from] Sandstorm\n|-heal|p1b: Bronzong|258/258|[from] item: Leftovers\n|upkeep\n|turn|5\n|\n|t:|1770748865\n|-terastallize|p2a: Duraludon|Fighting\n|move|p2b: Falinks|Protect|p2b: Falinks\n|-singleturn|p2b: Falinks|Protect\n|move|p1b: Bronzong|Iron Defense|p1b: Bronzong\n|-boost|p1b: Bronzong|def|2\n|move|p2a: Duraludon|Body Press|p1b: Bronzong\n|-damage|p1b: Bronzong|188/258\n|move|p1a: Hippowdon|Whirlwind|p2b: Falinks\n|drag|p2b: Deoxys|Deoxys-Speed, L85|224/224\n|-ability|p2b: Deoxys|Pressure\n|\n|-weather|Sandstorm|[upkeep]\n|-damage|p1b: Bronzong|172/258|[from] Sandstorm\n|-damage|p2a: Duraludon|237/252|[from] Sandstorm\n|-damage|p2b: Deoxys|210/224|[from] Sandstorm\n|-heal|p1b: Bronzong|188/258|[from] item: Leftovers\n|upkeep\n|turn|6\n|\n|t:|1770748891\n|switch|p2b: Falinks|Falinks, L87|190/255\n|move|p1b: Bronzong|Body Press|p2b: Falinks\n|-damage|p2b: Falinks|16/255\n|move|p1a: Hippowdon|High Horsepower|p2b: Falinks\n|-damage|p2b: Falinks|0 fnt\n|faint|p2b: Falinks\n|move|p2a: Duraludon|Iron Defense|p2a: Duraludon\n|-boost|p2a: Duraludon|def|2\n|\n|-weather|Sandstorm|[upkeep]\n|-damage|p1b: Bronzong|172/258|[from] Sandstorm\n|-damage|p2a: Duraludon|222/252|[from] Sandstorm\n|-heal|p1b: Bronzong|188/258|[from] item: Leftovers\n|-sideend|p2: Jenome|move: Tailwind\n|upkeep\n|\n|t:|1770748894\n|switch|p2b: Deoxys|Deoxys-Speed, L85|210/224\n|-ability|p2b: Deoxys|Pressure\n|turn|7\n|inactive|DaPumper has 120 seconds left.\n|\n|t:|1770748925\n|move|p1b: Bronzong|Body Press|p2b: Deoxys\n|-resisted|p2b: Deoxys\n|-damage|p2b: Deoxys|102/224\n|-enditem|p2b: Deoxys|Sitrus Berry|[eat]\n|-heal|p2b: Deoxys|158/224|[from] item: Sitrus Berry\n|move|p2a: Duraludon|Body Press|p1b: Bronzong\n|-crit|p1b: Bronzong\n|-damage|p1b: Bronzong|0 fnt\n|faint|p1b: Bronzong\n|move|p2b: Deoxys|Psycho Boost|p1a: Hippowdon\n|-damage|p1a: Hippowdon|25/326\n|-unboost|p2b: Deoxys|spa|2\n|move|p1a: Hippowdon|Whirlwind||[still]\n|-fail|p1a: Hippowdon\n|\n|-weather|Sandstorm|[upkeep]\n|-damage|p2a: Duraludon|207/252|[from] Sandstorm\n|-damage|p2b: Deoxys|144/224|[from] Sandstorm\n|upkeep\n|inactive|DaPumper has 120 seconds left.\n|c|☆DaPumper|Oh duh lol\n|\n|t:|1770748949\n|switch|p1b: Gumshoos|Gumshoos, L93, M|120/315\n|turn|8\n|\n|t:|1770748958\n|move|p1a: Hippowdon|High Horsepower|p2a: Duraludon\n|-damage|p2a: Duraludon|186/252\n|move|p1b: Gumshoos|Double-Edge|p2b: Deoxys\n|-damage|p2b: Deoxys|0 fnt\n|faint|p2b: Deoxys\n|-damage|p1b: Gumshoos|72/315|[from] Recoil\n|move|p2a: Duraludon|Body Press|p1b: Gumshoos\n|-supereffective|p1b: Gumshoos\n|-damage|p1b: Gumshoos|0 fnt\n|faint|p1b: Gumshoos\n|\n|-weather|none\n|-fieldend|move: Trick Room\n|upkeep\n|\n|t:|1770748961\n|switch|p1b: Clawitzer|Clawitzer, L84, M|164/256\n|turn|9\n|\n|t:|1770748967\n|move|p2a: Duraludon|Body Press|p1b: Clawitzer\n|-crit|p1b: Clawitzer\n|-damage|p1b: Clawitzer|0 fnt\n|faint|p1b: Clawitzer\n|move|p1a: Hippowdon|High Horsepower|p2a: Duraludon\n|-damage|p2a: Duraludon|161/252\n|\n|upkeep\n|turn|10\n|c|☆DaPumper|Gg\n|c|☆Jenome|gg\n|-message|DaPumper forfeited.\n|\n|win|Jenome\n|raw|DaPumper's rating: 1773 &rarr; <strong>1749</strong><br />(-24 for losing)\n|raw|Jenome's rating: 1705 &rarr; <strong>1729</strong><br />(+24 for winning)\n|l|☆DaPumper\n|player|p1|\n", "inputlog": ">version ccdc32dd7cde25fd9e4bed64820e885f66e78a4e\n>start {\"formatid\":\"gen9randomdoublesbattle\",\"seed\":\"sodium,0aa7336ef8366ec6e1b82fbc265be458\",\"rated\":\"Rated battle\"}\n>player p1 {\"name\":\"DaPumper\",\"avatar\":\"blackbelt-gen1\",\"rating\":1773,\"seed\":\"sodium,dfd443c443d8da410f6bce3a70ead322\"}\n>player p2 {\"name\":\"Jenome\",\"avatar\":\"gentleman-gen4\",\"rating\":1705,\"seed\":\"sodium,e09dea8f744357ae8192e342d24cafde\"}\n>p1 switch 4, move darkpulse +2\n>p2 move muddywater, move psychic +1\n>p1 switch 4, pass\n>p2 pass, switch 6\n>p1 move doubleedge +1, switch 5\n>p2 move muddywater, move noretreat\n>p2 switch 5, pass\n>p1 move doubleedge +1, move nuzzle +2\n>p2 move tailwind, move knockoff +2\n>p1 pass, switch 3\n>p2 switch 4, pass\n>p1 switch 6, move trickroom terastallize\n>p2 move irondefense, move knockoff +1\n>p1 move whirlwind +2, move irondefense\n>p2 move bodypress +2 terastallize, move protect\n>p1 move highhorsepower +2, move bodypress +2\n>p2 move irondefense, switch 3\n>p2 pass, switch 3\n>p1 move whirlwind +1, move bodypress +2\n>p2 move bodypress +2, move psychoboost +2\n>chat ☆DaPumper|Oh duh lol\n>p1 pass, switch 6\n>p1 move highhorsepower +1, move doubleedge +2\n>p2 move bodypress +2, move icywind\n>p1 pass, switch 5\n>p1 move highhorsepower +1, move muddywater\n>p2 move bodypress +2, pass\n>chat ☆DaPumper|Gg\n>chat ☆Jenome|gg\n>forcelose p1", "uploadtime": 1770748980, "views": 68, "formatid": "gen9randomdoublesbattle", "rating": 1729, "private": 0, "password": null}