{"id": "gen9randomdoublesbattle-2540285365", "format": "[Gen 9] Random Doubles Battle", "players": ["Newdude12", "wasted efforts"], "log": "|j|☆Newdude12\n|j|☆wasted efforts\n|t:|1771184614\n|gametype|doubles\n|player|p1|Newdude12|dawn|1639\n|player|p2|wasted efforts|2|1623\n|gen|9\n|tier|[Gen 9] Random Doubles Battle\n|rated|\n|rule|Species Clause: Limit one of each Pokémon\n|rule|HP Percentage Mod: HP is shown in percentages\n|rule|Illusion Level Mod: Illusion disguises the Pokémon's true level\n|rule|Sleep Clause Mod: Limit one foe put to sleep\n|\n|t:|1771184614\n|teamsize|p1|6\n|teamsize|p2|6\n|start\n|switch|p1a: Victreebel|Victreebel, L91, M|293/293\n|switch|p1b: Duraludon|Duraludon, L83, M|252/252\n|switch|p2a: Walking Wake|Walking Wake, L78|283/283\n|switch|p2b: Polteageist|Polteageist-Antique, L85|241/241\n|turn|1\n|inactive|Battle timer is ON: inactive players will automatically lose when time's up. (requested by Newdude12)\n|\n|t:|1771184635\n|switch|p1a: Pelipper|Pelipper, L83, M|235/235\n|-weather|RainDance|[from] ability: Drizzle|[of] p1a: Pelipper\n|move|p2a: Walking Wake|Draco Meteor|p1b: Duraludon\n|-damage|p1b: Duraludon|52/252\n|-unboost|p2a: Walking Wake|spa|2\n|-damage|p2a: Walking Wake|255/283|[from] item: Life Orb\n|move|p1b: Duraludon|Flash Cannon|p2b: Polteageist\n|-damage|p2b: Polteageist|163/241\n|move|p2b: Polteageist|Shell Smash|p2b: Polteageist\n|-unboost|p2b: Polteageist|def|1\n|-unboost|p2b: Polteageist|spd|1\n|-boost|p2b: Polteageist|atk|2\n|-boost|p2b: Polteageist|spa|2\n|-boost|p2b: Polteageist|spe|2\n|-enditem|p2b: Polteageist|White Herb\n|-clearnegativeboost|p2b: Polteageist|[silent]\n|\n|-weather|RainDance|[upkeep]\n|upkeep\n|turn|2\n|inactive|wasted efforts has 120 seconds left.\n|\n|t:|1771184689\n|move|p1b: Duraludon|Protect|p1b: Duraludon\n|-singleturn|p1b: Duraludon|Protect\n|move|p2b: Polteageist|Baton Pass|p2b: Polteageist\n|\n|t:|1771184694\n|switch|p2b: Vaporeon|Vaporeon, L84, M|356/356|[from] Baton Pass\n|move|p2a: Walking Wake|Draco Meteor|p1b: Duraludon\n|-activate|p1b: Duraludon|move: Protect\n|move|p1a: Pelipper|Hurricane|p2b: Vaporeon\n|-damage|p2b: Vaporeon|247/356\n|\n|-weather|RainDance|[upkeep]\n|upkeep\n|turn|3\n|inactive|wasted efforts has 120 seconds left.\n|\n|t:|1771184712\n|move|p2b: Vaporeon|Scald|p1a: Pelipper\n|-resisted|p1a: Pelipper\n|-damage|p1a: Pelipper|82/235\n|-enditem|p1a: Pelipper|Sitrus Berry|[eat]\n|-heal|p1a: Pelipper|140/235|[from] item: Sitrus Berry\n|move|p2a: Walking Wake|Draco Meteor|p1b: Duraludon\n|-damage|p1b: Duraludon|0 fnt\n|-unboost|p2a: Walking Wake|spa|2\n|faint|p1b: Duraludon\n|-damage|p2a: Walking Wake|227/283|[from] item: Life Orb\n|move|p1a: Pelipper|Hurricane|p2b: Vaporeon\n|-damage|p2b: Vaporeon|138/356\n|-enditem|p2b: Vaporeon|Sitrus Berry|[eat]\n|-heal|p2b: Vaporeon|227/356|[from] item: Sitrus Berry\n|\n|-weather|RainDance|[upkeep]\n|upkeep\n|inactive|Newdude12 has 120 seconds left.\n|\n|t:|1771184736\n|switch|p1b: Victreebel|Victreebel, L91, M|293/293\n|turn|4\n|\n|t:|1771184748\n|-terastallize|p2b: Vaporeon|Dragon\n|move|p1b: Victreebel|Protect|p1b: Victreebel\n|-singleturn|p1b: Victreebel|Protect\n|move|p2b: Vaporeon|Icy Wind|p1b: Victreebel|[spread] p1a\n|-activate|p1b: Victreebel|move: Protect\n|-damage|p1a: Pelipper|59/235\n|-unboost|p1a: Pelipper|spe|1\n|move|p2a: Walking Wake|Hydro Pump|p2b: Vaporeon\n|-heal|p2b: Vaporeon|316/356|[from] ability: Water Absorb|[of] p2a: Walking Wake\n|move|p1a: Pelipper|Hurricane|p2b: Vaporeon\n|-damage|p2b: Vaporeon|217/356\n|\n|-weather|RainDance|[upkeep]\n|upkeep\n|turn|5\n|\n|t:|1771184770\n|move|p2b: Vaporeon|Icy Wind|p1b: Victreebel|[spread] p1a,p1b\n|-supereffective|p1b: Victreebel\n|-crit|p1b: Victreebel\n|-damage|p1a: Pelipper|0 fnt\n|-damage|p1b: Victreebel|71/293\n|-unboost|p1b: Victreebel|spe|1\n|faint|p1a: Pelipper\n|move|p2a: Walking Wake|Hydro Pump|p2b: Vaporeon\n|-heal|p2b: Vaporeon|306/356|[from] ability: Water Absorb|[of] p2a: Walking Wake\n|move|p1b: Victreebel|Sludge Bomb|p2b: Vaporeon\n|-damage|p2b: Vaporeon|170/356\n|-damage|p1b: Victreebel|42/293|[from] item: Life Orb\n|\n|-weather|none\n|upkeep\n|\n|t:|1771184783\n|switch|p1a: Meloetta|Meloetta, L80|291/291\n|turn|6\n|\n|t:|1771184800\n|move|p1b: Victreebel|Protect|p1b: Victreebel\n|-singleturn|p1b: Victreebel|Protect\n|move|p2b: Vaporeon|Scald|p1a: Meloetta\n|-damage|p1a: Meloetta|134/291\n|-status|p1a: Meloetta|brn\n|move|p2a: Walking Wake|Flamethrower|p1b: Victreebel\n|-activate|p1b: Victreebel|move: Protect\n|move|p1a: Meloetta|Relic Song|p2b: Vaporeon|[spread] p2a,p2b\n|-crit|p2b: Vaporeon\n|-damage|p2a: Walking Wake|122/283\n|-damage|p2b: Vaporeon|41/356\n|-formechange|p1a: Meloetta|Meloetta-Pirouette|[msg]\n|-damage|p1a: Meloetta|105/291 brn|[from] item: Life Orb\n|\n|-damage|p1a: Meloetta|87/291 brn|[from] brn\n|upkeep\n|turn|7\n|\n|t:|1771184823\n|move|p2b: Vaporeon|Icy Wind|p1a: Meloetta|[spread] p1a,p1b\n|-crit|p1a: Meloetta\n|-supereffective|p1b: Victreebel\n|-damage|p1a: Meloetta|0 fnt\n|-damage|p1b: Victreebel|0 fnt\n|faint|p1a: Meloetta\n|faint|p1b: Victreebel\n|move|p2a: Walking Wake|Flamethrower|p1: Meloetta|[notarget]\n|-fail|p2a: Walking Wake\n|\n|upkeep\n|-message|Newdude12 forfeited.\n|\n|win|wasted efforts\n|raw|Newdude12's rating: 1639 &rarr; <strong>1618</strong><br />(-21 for losing)\n|raw|wasted efforts's rating: 1623 &rarr; <strong>1644</strong><br />(+21 for winning)\n|l|☆Newdude12\n|player|p1|\n", "inputlog": ">version 686819e5e19f8a7fd2345cfc5a08a5085efa2cc3\n>start {\"formatid\":\"gen9randomdoublesbattle\",\"seed\":\"sodium,f88bf5accf5a8dd64863edc27f567304\",\"rated\":\"Rated battle\"}\n>player p1 {\"name\":\"Newdude12\",\"avatar\":\"dawn\",\"rating\":1639,\"seed\":\"sodium,6eeb586d517fc3132b0a6f256e2afddd\"}\n>player p2 {\"name\":\"wasted efforts\",\"avatar\":\"2\",\"rating\":1623,\"seed\":\"sodium,7db17a33bf4833301e1dea4bcff03516\"}\n>p1 switch 6, move flashcannon +2\n>p2 move dracometeor +2, move shellsmash\n>p1 move hurricane +2, move protect\n>p2 move dracometeor +2, move batonpass\n>p2 pass, switch 4\n>p1 move hurricane +2, move bodypress +2\n>p2 move dracometeor +2, move scald +1\n>p1 pass, switch 6\n>p1 move hurricane +2, move protect\n>p2 move hydropump -2, move icywind terastallize\n>p1 move hurricane +2, move sludgebomb +2\n>p2 move hydropump -2, move icywind\n>p1 switch 3, pass\n>p1 move relicsong, move protect\n>p2 move flamethrower +2, move scald +1\n>p1 move relicsong, move powerwhip +1\n>p2 move flamethrower +2, move icywind\n>forcelose p1", "uploadtime": 1771184848, "views": 61, "formatid": "gen9randomdoublesbattle", "rating": 1618, "private": 0, "password": null}