{"id": "gen9randomdoublesbattle-2538313508", "format": "[Gen 9] Random Doubles Battle", "players": ["crustytoejam", "Rljr"], "log": "|j|☆crustytoejam\n|j|‽Rljr\n|t:|1770916214\n|gametype|doubles\n|player|p1|crustytoejam|clown|1748\n|player|p2|Rljr|169|1785\n|gen|9\n|tier|[Gen 9] Random Doubles Battle\n|rated|\n|rule|Species Clause: Limit one of each Pokémon\n|rule|HP Percentage Mod: HP is shown in percentages\n|rule|Illusion Level Mod: Illusion disguises the Pokémon's true level\n|rule|Sleep Clause Mod: Limit one foe put to sleep\n|\n|t:|1770916214\n|teamsize|p1|6\n|teamsize|p2|6\n|start\n|switch|p1a: Incineroar|Incineroar, L78, M|276/276\n|switch|p1b: Entei|Entei, L77|304/304\n|switch|p2a: Copperajah|Copperajah, L86, F|350/350\n|switch|p2b: Uxie|Uxie, L85|266/266\n|-ability|p1a: Incineroar|Intimidate|boost\n|-unboost|p2a: Copperajah|atk|1\n|-unboost|p2b: Uxie|atk|1\n|turn|1\n|inactive|Battle timer is ON: inactive players will automatically lose when time's up. (requested by crustytoejam)\n|inactive|Rljr has 120 seconds left.\n|\n|t:|1770916249\n|switch|p2a: Krookodile|Krookodile, L80, M|283/283\n|-ability|p2a: Krookodile|Intimidate|boost\n|-unboost|p1a: Incineroar|atk|1\n|-fail|p1b: Entei|unboost|Attack|[from] ability: Inner Focus|[of] p1b: Entei\n|move|p1a: Incineroar|Fake Out|p2b: Uxie\n|-damage|p2b: Uxie|253/266\n|cant|p2b: Uxie|flinch\n|move|p1b: Entei|Sacred Fire|p2a: Krookodile\n|-damage|p2a: Krookodile|118/283\n|-status|p2a: Krookodile|brn\n|\n|-damage|p2a: Krookodile|101/283 brn|[from] brn\n|upkeep\n|turn|2\n|inactive|crustytoejam has 120 seconds left.\n|inactive|Rljr has 120 seconds left.\n|\n|t:|1770916285\n|switch|p1b: Uxie|Uxie, L85|266/266\n|move|p2b: Uxie|Thunder Wave|p1b: Uxie\n|-status|p1b: Uxie|par\n|move|p2a: Krookodile|Rock Slide|p1b: Uxie|[spread] p1a,p1b\n|-supereffective|p1a: Incineroar\n|-damage|p1a: Incineroar|208/276\n|-damage|p1b: Uxie|244/266 par\n|move|p1a: Incineroar|Parting Shot|p2b: Uxie\n|-unboost|p2b: Uxie|atk|1\n|-unboost|p2b: Uxie|spa|1\n|inactive|crustytoejam has 120 seconds left.\n|\n|t:|1770916300\n|switch|p1a: Espathra|Espathra, L83, F|293/293|[from] Parting Shot\n|\n|-damage|p2a: Krookodile|84/283 brn|[from] brn\n|upkeep\n|turn|3\n|inactive|Rljr has 120 seconds left.\n|\n|t:|1770916335\n|switch|p2a: Dusknoir|Dusknoir, L89, M|225/225\n|-item|p1a: Espathra|Life Orb|[from] ability: Frisk|[of] p2a: Dusknoir\n|-item|p1b: Uxie|Sitrus Berry|[from] ability: Frisk|[of] p2a: Dusknoir\n|move|p1a: Espathra|Protect|p1a: Espathra\n|-singleturn|p1a: Espathra|Protect\n|move|p2b: Uxie|Knock Off|p1a: Espathra\n|-activate|p1a: Espathra|move: Protect\n|move|p1b: Uxie|Thunder Wave|p2b: Uxie\n|-status|p2b: Uxie|par\n|\n|-ability|p1a: Espathra|Speed Boost|boost\n|-boost|p1a: Espathra|spe|1\n|upkeep\n|turn|4\n|\n|t:|1770916352\n|switch|p1a: Incineroar|Incineroar, L78, M|208/276\n|-ability|p1a: Incineroar|Intimidate|boost\n|-unboost|p2a: Dusknoir|atk|1\n|-unboost|p2b: Uxie|atk|1\n|move|p2a: Dusknoir|Poltergeist|p1a: Incineroar\n|-activate|p1a: Incineroar|move: Poltergeist|Heavy-Duty Boots\n|-resisted|p1a: Incineroar\n|-crit|p1a: Incineroar\n|-damage|p1a: Incineroar|69/276\n|-damage|p2a: Dusknoir|203/225|[from] item: Life Orb\n|move|p2b: Uxie|Thunder Wave|p1a: Incineroar\n|-status|p1a: Incineroar|par\n|move|p1b: Uxie|Thunder Wave|p2a: Dusknoir\n|-status|p2a: Dusknoir|par\n|\n|upkeep\n|turn|5\n|\n|t:|1770916378\n|switch|p2b: Sudowoodo|Sudowoodo, L94, F|284/284\n|move|p1b: Uxie|Helping Hand|p1a: Incineroar\n|-singleturn|p1a: Incineroar|Helping Hand|[of] p1b: Uxie\n|move|p1a: Incineroar|Knock Off|p2a: Dusknoir\n|-supereffective|p2a: Dusknoir\n|-damage|p2a: Dusknoir|0 fnt\n|-enditem|p2a: Dusknoir|Life Orb|[from] move: Knock Off|[of] p1a: Incineroar\n|faint|p2a: Dusknoir\n|\n|upkeep\n|inactive|Rljr has 120 seconds left.\n|\n|t:|1770916399\n|switch|p2a: Tropius|Tropius, L94, M|339/339\n|turn|6\n|\n|t:|1770916412\n|move|p2a: Tropius|Tailwind|p2a: Tropius\n|-sidestart|p2: Rljr|move: Tailwind\n|move|p2b: Sudowoodo|Head Smash|p1a: Incineroar\n|-supereffective|p1a: Incineroar\n|-damage|p1a: Incineroar|0 fnt\n|faint|p1a: Incineroar\n|-damage|p2b: Sudowoodo|256/284|[from] item: Life Orb\n|move|p1b: Uxie|Thunder Wave|p2b: Sudowoodo\n|-status|p2b: Sudowoodo|par\n|\n|upkeep\n|\n|t:|1770916424\n|switch|p1a: Cetitan|Cetitan, L83, M|418/418\n|turn|7\n|inactive|Rljr has 120 seconds left.\n|\n|t:|1770916463\n|switch|p2a: Krookodile|Krookodile, L80, M|84/283 brn\n|-ability|p2a: Krookodile|Intimidate|boost\n|-unboost|p1a: Cetitan|atk|1\n|-unboost|p1b: Uxie|atk|1\n|move|p1a: Cetitan|Protect|p1a: Cetitan\n|-singleturn|p1a: Cetitan|Protect\n|cant|p2b: Sudowoodo|par\n|move|p1b: Uxie|Thunder Wave|p2a: Krookodile\n|-immune|p2a: Krookodile\n|\n|-damage|p2a: Krookodile|67/283 brn|[from] brn\n|upkeep\n|turn|8\n|\n|t:|1770916478\n|switch|p1a: Gholdengo|Gholdengo, L78|264/264\n|move|p2a: Krookodile|Knock Off|p1b: Uxie\n|-supereffective|p1b: Uxie\n|-damage|p1b: Uxie|133/266 par\n|-enditem|p1b: Uxie|Sitrus Berry|[from] move: Knock Off|[of] p2a: Krookodile\n|cant|p2b: Sudowoodo|par\n|cant|p1b: Uxie|par\n|\n|-damage|p2a: Krookodile|50/283 brn|[from] brn\n|upkeep\n|turn|9\n|\n|t:|1770916499\n|move|p1a: Gholdengo|Protect|p1a: Gholdengo\n|-singleturn|p1a: Gholdengo|Protect\n|move|p2a: Krookodile|Knock Off|p1a: Gholdengo\n|-activate|p1a: Gholdengo|move: Protect\n|cant|p2b: Sudowoodo|par\n|move|p1b: Uxie|Mystical Power|p2b: Sudowoodo|[miss]\n|-miss|p1b: Uxie|p2b: Sudowoodo\n|\n|-damage|p2a: Krookodile|33/283 brn|[from] brn\n|-sideend|p2: Rljr|move: Tailwind\n|upkeep\n|turn|10\n|inactive|Rljr has 120 seconds left.\n|\n|t:|1770916539\n|cant|p1b: Uxie|par\n|cant|p2b: Sudowoodo|par\n|move|p2a: Krookodile|Knock Off|p1b: Uxie\n|-supereffective|p1b: Uxie\n|-damage|p1b: Uxie|58/266 par\n|move|p1a: Gholdengo|Make It Rain|p2a: Krookodile|[spread] p2a,p2b\n|-supereffective|p2b: Sudowoodo\n|-damage|p2a: Krookodile|0 fnt\n|-damage|p2b: Sudowoodo|20/284 par\n|-unboost|p1a: Gholdengo|spa|1\n|faint|p2a: Krookodile\n|\n|upkeep\n|inactive|Rljr has 90 seconds left.\n|\n|t:|1770916591\n|switch|p2a: Tropius|Tropius, L94, M|339/339\n|turn|11\n|inactive|Rljr has 90 seconds left.\n|\n|t:|1770916598\n|cant|p2b: Sudowoodo|par\n|move|p1a: Gholdengo|Make It Rain|p2a: Tropius|[spread] p2a,p2b\n|-supereffective|p2b: Sudowoodo\n|-damage|p2a: Tropius|275/339\n|-damage|p2b: Sudowoodo|0 fnt\n|-unboost|p1a: Gholdengo|spa|1\n|faint|p2b: Sudowoodo\n|move|p2a: Tropius|Energy Ball|p1b: Uxie\n|-damage|p1b: Uxie|0 fnt\n|faint|p1b: Uxie\n|\n|upkeep\n|inactive|Rljr has 90 seconds left.\n|\n|t:|1770916615\n|switch|p1b: Entei|Entei, L77|304/304\n|switch|p2b: Copperajah|Copperajah, L86, F|350/350\n|turn|12\n|\n|t:|1770916627\n|-terastallize|p2b: Copperajah|Fairy\n|move|p1b: Entei|Sacred Fire|p2a: Tropius\n|-supereffective|p2a: Tropius\n|-damage|p2a: Tropius|0 fnt\n|faint|p2a: Tropius\n|move|p1a: Gholdengo|Nasty Plot|p1a: Gholdengo\n|-boost|p1a: Gholdengo|spa|2\n|move|p2b: Copperajah|Rock Slide|p1a: Gholdengo|[spread] p1a,p1b\n|-resisted|p1a: Gholdengo\n|-supereffective|p1b: Entei\n|-damage|p1a: Gholdengo|220/264\n|-damage|p1b: Entei|117/304\n|\n|upkeep\n|inactive|Rljr has 90 seconds left.\n|\n|t:|1770916639\n|switch|p2a: Uxie|Uxie, L85|253/266 par\n|turn|13\n|\n|t:|1770916649\n|move|p2b: Copperajah|Protect|p2b: Copperajah\n|-singleturn|p2b: Copperajah|Protect\n|move|p1b: Entei|Sacred Fire|p2b: Copperajah\n|-activate|p2b: Copperajah|move: Protect\n|move|p1a: Gholdengo|Make It Rain|p2a: Uxie|[spread] p2a\n|-activate|p2b: Copperajah|move: Protect\n|-damage|p2a: Uxie|174/266 par\n|-unboost|p1a: Gholdengo|spa|1\n|cant|p2a: Uxie|par\n|\n|upkeep\n|turn|14\n|inactive|Rljr has 120 seconds left.\n|\n|t:|1770916674\n|move|p1b: Entei|Sacred Fire|p2b: Copperajah\n|-damage|p2b: Copperajah|164/350\n|-status|p2b: Copperajah|brn\n|move|p1a: Gholdengo|Nasty Plot|p1a: Gholdengo\n|-boost|p1a: Gholdengo|spa|2\n|move|p2a: Uxie|Knock Off|p1a: Gholdengo\n|-supereffective|p1a: Gholdengo\n|-damage|p1a: Gholdengo|98/264\n|-enditem|p1a: Gholdengo|Sitrus Berry|[from] move: Knock Off|[of] p2a: Uxie\n|move|p2b: Copperajah|Rock Slide|p1b: Entei|[spread] p1a,p1b\n|-resisted|p1a: Gholdengo\n|-crit|p1a: Gholdengo\n|-supereffective|p1b: Entei\n|-damage|p1a: Gholdengo|62/264\n|-damage|p1b: Entei|17/304\n|\n|-damage|p2b: Copperajah|143/350 brn|[from] brn\n|upkeep\n|turn|15\n|inactive|Rljr has 120 seconds left.\n|-message|Rljr forfeited.\n|\n|win|crustytoejam\n|raw|crustytoejam's rating: 1748 &rarr; <strong>1770</strong><br />(+22 for winning)\n|raw|Rljr's rating: 1785 &rarr; <strong>1763</strong><br />(-22 for losing)\n|l|‽Rljr\n|player|p2|\n", "inputlog": ">version ccdc32dd7cde25fd9e4bed64820e885f66e78a4e\n>start {\"formatid\":\"gen9randomdoublesbattle\",\"seed\":\"sodium,faa973a27f483d74318b2e54bfc0339e\",\"rated\":\"Rated battle\"}\n>player p1 {\"name\":\"crustytoejam\",\"avatar\":\"clown\",\"rating\":1748,\"seed\":\"sodium,7f9cd16edae1e7ed69e605eb251320c4\"}\n>player p2 {\"name\":\"Rljr\",\"avatar\":\"169\",\"rating\":1785,\"seed\":\"sodium,d82fef3b4ea69aad9bcd0439b6075705\"}\n>p1 move fakeout +2, move sacredfire +1\n>p2 switch 4, move thunderwave +2\n>p1 move partingshot +2, switch 6\n>p2 move rockslide, move thunderwave +2\n>p1 switch 5, pass\n>p1 move protect, move thunderwave +2\n>p2 switch 5, move knockoff +1\n>p1 switch 5, move thunderwave +1\n>p2 move poltergeist +1, move thunderwave +1\n>p1 move knockoff +1, move helpinghand -1\n>p2 move poltergeist +2, switch 6\n>p2 switch 3, pass\n>p1 move partingshot +2, move thunderwave +2\n>p2 move tailwind, move headsmash +1\n>p1 switch 3, pass\n>p1 move protect, move thunderwave +1\n>p2 switch 5, move headsmash +1\n>p1 switch 4, move mysticalpower +2\n>p2 move knockoff +2, move headsmash +1\n>p1 move protect, move mysticalpower +2\n>p2 move knockoff +1, move woodhammer +2\n>p1 move makeitrain, move helpinghand -1\n>p2 move knockoff +2, move suckerpunch +1\n>p2 switch 5, pass\n>p1 move makeitrain, move thunderwave +1\n>p2 move energyball +2, move protect\n>p1 pass, switch 6\n>p2 pass, switch 4\n>p1 move nastyplot, move sacredfire +1\n>p2 move tailwind, move rockslide terastallize\n>p2 switch 6, pass\n>p1 move makeitrain, move sacredfire +2\n>p2 move knockoff +1, move protect\n>p1 move nastyplot, move sacredfire +2\n>p2 move knockoff +1, move rockslide\n>forcelose p2", "uploadtime": 1770916697, "views": 69, "formatid": "gen9randomdoublesbattle", "rating": 1763, "private": 0, "password": null}