{"id": "gen9randomdoublesbattle-2540622937", "format": "[Gen 9] Random Doubles Battle", "players": ["Jenome", "Ujujyhh"], "log": "|j|☆Jenome\n|j|☆Ujujyhh\n|t:|1771229173\n|gametype|doubles\n|player|p1|Jenome|gentleman-gen4|1648\n|player|p2|Ujujyhh|1|1857\n|gen|9\n|tier|[Gen 9] Random Doubles Battle\n|rated|\n|rule|Species Clause: Limit one of each Pokémon\n|rule|HP Percentage Mod: HP is shown in percentages\n|rule|Illusion Level Mod: Illusion disguises the Pokémon's true level\n|rule|Sleep Clause Mod: Limit one foe put to sleep\n|\n|t:|1771229173\n|teamsize|p1|6\n|teamsize|p2|6\n|start\n|switch|p1a: Diancie|Diancie, L77|204/204\n|switch|p1b: Seviper|Seviper, L96, M|296/296\n|switch|p2a: Raichu|Raichu, L87, F|246/246\n|switch|p2b: Cinccino|Cinccino, L85, F|266/266\n|turn|1\n|inactive|Battle timer is ON: inactive players will automatically lose when time's up. (requested by Ujujyhh)\n|\n|t:|1771229186\n|move|p2b: Cinccino|Bullet Seed|p1a: Diancie\n|-supereffective|p1a: Diancie\n|-damage|p1a: Diancie|168/204\n|-supereffective|p1a: Diancie\n|-damage|p1a: Diancie|126/204\n|-supereffective|p1a: Diancie\n|-damage|p1a: Diancie|84/204\n|-enditem|p1a: Diancie|Sitrus Berry|[eat]\n|-heal|p1a: Diancie|135/204|[from] item: Sitrus Berry\n|-supereffective|p1a: Diancie\n|-damage|p1a: Diancie|91/204\n|-hitcount|p1a: Diancie|4\n|move|p2a: Raichu|Thunderbolt|p1b: Seviper\n|-damage|p1b: Seviper|148/296\n|-damage|p2a: Raichu|222/246|[from] item: Life Orb\n|move|p1b: Seviper|Gunk Shot|p2b: Cinccino\n|-damage|p2b: Cinccino|0 fnt\n|faint|p2b: Cinccino\n|-damage|p1b: Seviper|119/296|[from] item: Life Orb\n|move|p1a: Diancie|Diamond Storm|p2a: Raichu\n|-damage|p2a: Raichu|101/246\n|\n|upkeep\n|\n|t:|1771229203\n|switch|p2b: Garchomp|Garchomp, L77, M|293/293\n|turn|2\n|\n|t:|1771229211\n|switch|p2a: Azelf|Azelf, L83|260/260\n|move|p2b: Garchomp|Earthquake|p1a: Diancie|[spread] p1a,p1b\n|-immune|p2a: Azelf|[from] ability: Levitate\n|-supereffective|p1a: Diancie\n|-supereffective|p1b: Seviper\n|-damage|p1a: Diancie|0 fnt\n|-damage|p1b: Seviper|0 fnt\n|faint|p1a: Diancie\n|faint|p1b: Seviper\n|\n|upkeep\n|\n|t:|1771229219\n|switch|p1b: Passimian|Passimian, L82, F|298/298\n|switch|p1a: Vivillon|Vivillon-Marine, L88, M|284/284\n|turn|3\n|\n|t:|1771229246\n|-terastallize|p1b: Passimian|Dark\n|move|p2a: Azelf|Psychic|p1b: Passimian\n|-immune|p1b: Passimian\n|move|p1a: Vivillon|Sleep Powder|p2b: Garchomp\n|-status|p2b: Garchomp|slp|[from] move: Sleep Powder\n|cant|p2b: Garchomp|slp\n|move|p1b: Passimian|Knock Off|p2a: Azelf\n|-supereffective|p2a: Azelf\n|-damage|p2a: Azelf|0 fnt\n|-enditem|p2a: Azelf|Choice Specs|[from] move: Knock Off|[of] p1b: Passimian\n|faint|p2a: Azelf\n|\n|upkeep\n|\n|t:|1771229252\n|switch|p2a: Sinistcha|Sinistcha, L81|248/248\n|turn|4\n|\n|t:|1771229266\n|-terastallize|p2a: Sinistcha|Fairy\n|move|p1a: Vivillon|Hurricane|p2a: Sinistcha\n|-damage|p2a: Sinistcha|109/248\n|-start|p2a: Sinistcha|confusion\n|-curestatus|p2b: Garchomp|slp|[msg]\n|move|p2b: Garchomp|Scale Shot|p1a: Vivillon\n|-crit|p1a: Vivillon\n|-damage|p1a: Vivillon|223/284\n|-damage|p1a: Vivillon|184/284\n|-damage|p1a: Vivillon|142/284\n|-enditem|p1a: Vivillon|Sitrus Berry|[eat]\n|-heal|p1a: Vivillon|213/284|[from] item: Sitrus Berry\n|-damage|p1a: Vivillon|170/284\n|-damage|p1a: Vivillon|131/284\n|-hitcount|p1a: Vivillon|5\n|-unboost|p2b: Garchomp|def|1\n|-boost|p2b: Garchomp|spe|1\n|move|p1b: Passimian|Knock Off|p2b: Garchomp\n|-damage|p2b: Garchomp|46/293\n|-damage|p1b: Passimian|261/298|[from] ability: Rough Skin|[of] p2b: Garchomp\n|-enditem|p2b: Garchomp|Loaded Dice|[from] move: Knock Off|[of] p1b: Passimian\n|-activate|p2a: Sinistcha|confusion\n|move|p2a: Sinistcha|Matcha Gotcha|p1a: Vivillon|[spread] p1a,p1b\n|-resisted|p1a: Vivillon\n|-damage|p1a: Vivillon|106/284\n|-heal|p2a: Sinistcha|122/248|[from] drain|[of] p1a: Vivillon\n|-damage|p1b: Passimian|159/298\n|-heal|p2a: Sinistcha|173/248|[from] drain|[of] p1b: Passimian\n|\n|upkeep\n|turn|5\n|\n|t:|1771229286\n|-end|p2a: Sinistcha|confusion\n|move|p2a: Sinistcha|Rage Powder|p2a: Sinistcha\n|-singleturn|p2a: Sinistcha|move: Rage Powder\n|move|p2b: Garchomp|Scale Shot|p1a: Vivillon\n|-damage|p1a: Vivillon|69/284\n|-damage|p1a: Vivillon|29/284\n|-damage|p1a: Vivillon|0 fnt\n|faint|p1a: Vivillon\n|-hitcount|p1: Vivillon|3\n|-unboost|p2b: Garchomp|def|1\n|-boost|p2b: Garchomp|spe|1\n|move|p1b: Passimian|Knock Off|p2a: Sinistcha\n|-resisted|p2a: Sinistcha\n|-damage|p2a: Sinistcha|94/248\n|-damage|p1b: Passimian|110/298|[from] item: Rocky Helmet|[of] p2a: Sinistcha\n|-enditem|p2a: Sinistcha|Rocky Helmet|[from] move: Knock Off|[of] p1b: Passimian\n|\n|upkeep\n|\n|t:|1771229296\n|switch|p1a: Arceus|Arceus-Water, L72|292/292\n|turn|6\n|\n|t:|1771229309\n|switch|p1b: Houndoom|Houndoom, L86, F|269/269\n|-ability|p1b: Houndoom|Unnerve\n|move|p1a: Arceus|Extreme Speed|p2b: Garchomp\n|-damage|p2b: Garchomp|0 fnt\n|-damage|p1a: Arceus|256/292|[from] ability: Rough Skin|[of] p2b: Garchomp\n|faint|p2b: Garchomp\n|move|p2a: Sinistcha|Matcha Gotcha|p1b: Houndoom|[spread] p1a,p1b\n|-supereffective|p1a: Arceus\n|-resisted|p1b: Houndoom\n|-damage|p1a: Arceus|122/292\n|-heal|p2a: Sinistcha|161/248|[from] drain|[of] p1a: Arceus\n|-damage|p1b: Houndoom|232/269\n|-heal|p2a: Sinistcha|180/248|[from] drain|[of] p1b: Houndoom\n|\n|upkeep\n|\n|t:|1771229323\n|switch|p2b: Groudon|Groudon, L69|252/252\n|-weather|SunnyDay|[from] ability: Drought|[of] p2b: Groudon\n|turn|7\n|\n|t:|1771229338\n|move|p1a: Arceus|Flare Blitz|p2b: Groudon\n|-damage|p2b: Groudon|161/252\n|-damage|p1a: Arceus|92/292|[from] Recoil\n|move|p1b: Houndoom|Heat Wave|p2a: Sinistcha|[spread] p2a,p2b\n|-damage|p2a: Sinistcha|0 fnt\n|-damage|p2b: Groudon|0 fnt\n|faint|p2a: Sinistcha\n|faint|p2b: Groudon\n|-damage|p1b: Houndoom|206/269|[from] item: Life Orb\n|\n|-weather|SunnyDay|[upkeep]\n|upkeep\n|\n|t:|1771229344\n|switch|p2b: Raichu|Raichu, L87, F|101/246\n|turn|8\n|c|☆Ujujyhh|gg\n|\n|t:|1771229350\n|move|p1a: Arceus|Extreme Speed|p2b: Raichu\n|-damage|p2b: Raichu|39/246\n|move|p2b: Raichu|Thunderbolt|p1a: Arceus\n|-supereffective|p1a: Arceus\n|-damage|p1a: Arceus|0 fnt\n|faint|p1a: Arceus\n|-damage|p2b: Raichu|15/246|[from] item: Life Orb\n|move|p1b: Houndoom|Dark Pulse|p2b: Raichu\n|-damage|p2b: Raichu|0 fnt\n|faint|p2b: Raichu\n|-damage|p1b: Houndoom|180/269|[from] item: Life Orb\n|\n|win|Jenome\n|raw|Jenome's rating: 1648 &rarr; <strong>1679</strong><br />(+31 for winning)\n|raw|Ujujyhh's rating: 1857 &rarr; <strong>1826</strong><br />(-31 for losing)\n|l|☆Ujujyhh\n|player|p2|\n", "inputlog": ">version 686819e5e19f8a7fd2345cfc5a08a5085efa2cc3\n>start {\"formatid\":\"gen9randomdoublesbattle\",\"seed\":\"sodium,4948c46b0a8488a3b27966b05febc3f9\",\"rated\":\"Rated battle\"}\n>player p1 {\"name\":\"Jenome\",\"avatar\":\"gentleman-gen4\",\"rating\":1648,\"seed\":\"sodium,76bff1e19e8c89f11313ce14e03626d7\"}\n>player p2 {\"name\":\"Ujujyhh\",\"avatar\":\"1\",\"rating\":1857,\"seed\":\"sodium,e5c328c892c7a4bb7722c62cf095d48a\"}\n>p1 move diamondstorm, move gunkshot +2\n>p2 move thunderbolt +2, move bulletseed +1\n>p2 pass, switch 3\n>p1 move moonblast +2, move knockoff +1\n>p2 switch 6, move earthquake\n>p1 switch 3, switch 4\n>p1 move sleeppowder +2, move knockoff +1 terastallize\n>p2 move psychic +2, move scaleshot +1\n>p2 switch 4, pass\n>p1 move hurricane +1, move knockoff +2\n>p2 move matchagotcha terastallize, move scaleshot +1\n>p1 move hurricane +1, move knockoff +2\n>p2 move ragepowder, move scaleshot +1\n>p1 switch 6, pass\n>p1 move extremespeed +2, switch 5\n>p2 move matchagotcha, move scaleshot +2\n>p2 pass, switch 5\n>p1 move flareblitz +2, move heatwave\n>p2 move trickroom, move precipiceblades\n>p2 pass, switch 6\n>chat ☆Ujujyhh|gg\n>p1 move extremespeed +2, move darkpulse +2\n>p2 pass, move thunderbolt +1", "uploadtime": 1771229354, "views": 28, "formatid": "gen9randomdoublesbattle", "rating": 1679, "private": 0, "password": null}