{"id": "gen9randomdoublesbattle-2538637341", "format": "[Gen 9] Random Doubles Battle", "players": ["caoscontrol", "Thesinner92"], "log": "|j|☆caoscontrol\n|j|☆Thesinner92\n|t:|1770950201\n|gametype|doubles\n|player|p1|caoscontrol|101|1546\n|player|p2|Thesinner92|265|1585\n|gen|9\n|tier|[Gen 9] Random Doubles Battle\n|rated|\n|rule|Species Clause: Limit one of each Pokémon\n|rule|HP Percentage Mod: HP is shown in percentages\n|rule|Illusion Level Mod: Illusion disguises the Pokémon's true level\n|rule|Sleep Clause Mod: Limit one foe put to sleep\n|\n|t:|1770950201\n|teamsize|p1|6\n|teamsize|p2|6\n|start\n|switch|p1a: Ninetales|Ninetales-Alola, L75, F|233/233\n|switch|p1b: Electabuzz|Electabuzz, L84, F|246/246\n|switch|p2a: Glimmora|Glimmora, L77, F|254/254\n|switch|p2b: Chien-Pao|Chien-Pao, L75|244/244\n|-ability|p2b: Chien-Pao|Sword of Ruin\n|-weather|Snowscape|[from] ability: Snow Warning|[of] p1a: Ninetales\n|turn|1\n|inactive|Battle timer is ON: inactive players will automatically lose when time's up. (requested by Thesinner92)\n|\n|t:|1770950225\n|move|p2b: Chien-Pao|Icicle Crash|p1b: Electabuzz\n|-damage|p1b: Electabuzz|102/246\n|-damage|p2b: Chien-Pao|220/244|[from] item: Life Orb\n|move|p1b: Electabuzz|Thunderbolt|p2a: Glimmora\n|-damage|p2a: Glimmora|143/254\n|-status|p2a: Glimmora|par\n|move|p1a: Ninetales|Aurora Veil|p1a: Ninetales\n|-sidestart|p1: caoscontrol|move: Aurora Veil\n|move|p2a: Glimmora|Mortal Spin|p1a: Ninetales|[spread] p1a,p1b\n|-supereffective|p1a: Ninetales\n|-damage|p1a: Ninetales|212/233\n|-damage|p1b: Electabuzz|90/246\n|-status|p1a: Ninetales|psn\n|-status|p1b: Electabuzz|psn\n|\n|-weather|Snowscape|[upkeep]\n|-damage|p1b: Electabuzz|60/246 psn|[from] psn\n|-damage|p1a: Ninetales|183/233 psn|[from] psn\n|upkeep\n|turn|2\n|\n|t:|1770950254\n|move|p2a: Glimmora|Spiky Shield|p2a: Glimmora\n|-singleturn|p2a: Glimmora|move: Protect\n|move|p2b: Chien-Pao|Sucker Punch|p1b: Electabuzz\n|-damage|p1b: Electabuzz|0 fnt\n|-status|p2b: Chien-Pao|par|[from] ability: Static|[of] p1b: Electabuzz\n|faint|p1b: Electabuzz\n|-damage|p2b: Chien-Pao|196/244 par|[from] item: Life Orb\n|move|p1a: Ninetales|Moonblast|p2b: Chien-Pao\n|-supereffective|p2b: Chien-Pao\n|-crit|p2b: Chien-Pao\n|-damage|p2b: Chien-Pao|0 fnt\n|faint|p2b: Chien-Pao\n|\n|-weather|Snowscape|[upkeep]\n|-damage|p1a: Ninetales|154/233 psn|[from] psn\n|upkeep\n|inactive|Thesinner92 has 120 seconds left.\n|\n|t:|1770950275\n|switch|p2b: Delibird|Delibird, M|252/252\n|switch|p1b: Excadrill|Excadrill, L82, F|315/315\n|-ability|p1b: Excadrill|Mold Breaker\n|turn|3\n|\n|t:|1770950293\n|move|p2b: Delibird|Fake Out|p1b: Excadrill\n|-resisted|p1b: Excadrill\n|-damage|p1b: Excadrill|302/315\n|move|p1a: Ninetales|Blizzard|p2b: Delibird|[spread] p2a,p2b\n|-damage|p2a: Glimmora|65/254 par\n|-damage|p2b: Delibird|164/252\n|cant|p1b: Excadrill|flinch\n|move|p2a: Glimmora|Sludge Bomb|p1a: Ninetales\n|-supereffective|p1a: Ninetales\n|-damage|p1a: Ninetales|21/233 psn\n|\n|-weather|Snowscape|[upkeep]\n|-damage|p1a: Ninetales|0 fnt|[from] psn\n|faint|p1a: Ninetales\n|upkeep\n|\n|t:|1770950307\n|switch|p1a: Tentacruel|Tentacruel, L85, F|275/275\n|turn|4\n|\n|t:|1770950325\n|cant|p2a: Glimmora|par\n|move|p1a: Tentacruel|Icy Wind|p2a: Glimmora|[spread] p2a,p2b\n|-damage|p2a: Glimmora|33/254 par\n|-damage|p2b: Delibird|130/252\n|-unboost|p2a: Glimmora|spe|1\n|-unboost|p2b: Delibird|spe|1\n|move|p1b: Excadrill|Iron Head|p2b: Delibird\n|-supereffective|p2b: Delibird\n|-damage|p2b: Delibird|0 fnt\n|faint|p2b: Delibird\n|-damage|p1b: Excadrill|271/315|[from] item: Life Orb\n|\n|-weather|Snowscape|[upkeep]\n|upkeep\n|\n|t:|1770950342\n|switch|p2b: Lanturn|Lanturn, L87, M|359/359\n|turn|5\n|inactive|caoscontrol has 120 seconds left.\n|\n|t:|1770950386\n|move|p1a: Tentacruel|Sludge Bomb|p2a: Glimmora\n|-resisted|p2a: Glimmora\n|-damage|p2a: Glimmora|9/254 par\n|move|p1b: Excadrill|Swords Dance|p1b: Excadrill\n|-boost|p1b: Excadrill|atk|2\n|move|p2b: Lanturn|Scald|p1b: Excadrill\n|-supereffective|p1b: Excadrill\n|-damage|p1b: Excadrill|142/315\n|cant|p2a: Glimmora|par\n|\n|-weather|none\n|upkeep\n|turn|6\n|inactive|caoscontrol has 120 seconds left.\n|\n|t:|1770950407\n|move|p1b: Excadrill|Protect|p1b: Excadrill\n|-singleturn|p1b: Excadrill|Protect\n|move|p1a: Tentacruel|Icy Wind|p2a: Glimmora|[spread] p2a,p2b\n|-resisted|p2b: Lanturn\n|-damage|p2a: Glimmora|0 fnt\n|-damage|p2b: Lanturn|345/359\n|-unboost|p2b: Lanturn|spe|1\n|faint|p2a: Glimmora\n|move|p2b: Lanturn|Scald|p1b: Excadrill\n|-activate|p1b: Excadrill|move: Protect\n|\n|upkeep\n|\n|t:|1770950419\n|switch|p2a: Koraidon|Koraidon, L66|242/242\n|-weather|SunnyDay|[from] ability: Orichalcum Pulse|[of] p2a: Koraidon\n|-activate|p2a: Koraidon|Orichalcum Pulse|[source]\n|turn|7\n|\n|t:|1770950437\n|-terastallize|p2a: Koraidon|Fire\n|move|p1a: Tentacruel|Icy Wind|p2a: Koraidon|[spread] p2a,p2b\n|-resisted|p2a: Koraidon\n|-resisted|p2b: Lanturn\n|-damage|p2a: Koraidon|226/242\n|-damage|p2b: Lanturn|332/359\n|-unboost|p2a: Koraidon|spe|1\n|-unboost|p2b: Lanturn|spe|1\n|move|p1b: Excadrill|High Horsepower|p2a: Koraidon\n|-supereffective|p2a: Koraidon\n|-damage|p2a: Koraidon|0 fnt\n|faint|p2a: Koraidon\n|-damage|p1b: Excadrill|111/315|[from] item: Life Orb\n|move|p2b: Lanturn|Thunderbolt|p1a: Tentacruel\n|-supereffective|p1a: Tentacruel\n|-damage|p1a: Tentacruel|210/275\n|\n|-weather|SunnyDay|[upkeep]\n|upkeep\n|\n|t:|1770950455\n|switch|p2a: Hawlucha|Hawlucha, L84, F|268/268\n|turn|8\n|\n|t:|1770950472\n|-terastallize|p1b: Excadrill|Flying\n|move|p2a: Hawlucha|Close Combat|p1b: Excadrill\n|-resisted|p1b: Excadrill\n|-damage|p1b: Excadrill|55/315\n|-unboost|p2a: Hawlucha|def|1\n|-unboost|p2a: Hawlucha|spd|1\n|-enditem|p2a: Hawlucha|White Herb\n|-clearnegativeboost|p2a: Hawlucha|[silent]\n|move|p1a: Tentacruel|Acid Spray|p2a: Hawlucha\n|-damage|p2a: Hawlucha|223/268\n|-unboost|p2a: Hawlucha|spd|2\n|move|p1b: Excadrill|High Horsepower|p2b: Lanturn\n|-supereffective|p2b: Lanturn\n|-damage|p2b: Lanturn|0 fnt\n|faint|p2b: Lanturn\n|-damage|p1b: Excadrill|24/315|[from] item: Life Orb\n|\n|-weather|SunnyDay|[upkeep]\n|-sideend|p1: caoscontrol|move: Aurora Veil\n|upkeep\n|turn|9\n|-message|Thesinner92 forfeited.\n|\n|win|caoscontrol\n|raw|caoscontrol's rating: 1546 &rarr; <strong>1568</strong><br />(+22 for winning)\n|raw|Thesinner92's rating: 1585 &rarr; <strong>1563</strong><br />(-22 for losing)\n|l|☆Thesinner92\n|player|p2|\n", "inputlog": ">version ccdc32dd7cde25fd9e4bed64820e885f66e78a4e\n>start {\"formatid\":\"gen9randomdoublesbattle\",\"seed\":\"sodium,6fcabb1f3d215bb4884dff3288851123\",\"rated\":\"Rated battle\"}\n>player p1 {\"name\":\"caoscontrol\",\"avatar\":\"101\",\"rating\":1546,\"seed\":\"sodium,7d785b7830ba7155527c02aa64778c14\"}\n>player p2 {\"name\":\"Thesinner92\",\"avatar\":\"265\",\"rating\":1585,\"seed\":\"sodium,98e81a37a45a64b0155a6a380ade66ff\"}\n>p1 move auroraveil, move thunderbolt +1\n>p2 move mortalspin, move iciclecrash +2\n>p1 move moonblast +2, move thunderbolt +1\n>p2 move spikyshield, move suckerpunch +2\n>p1 pass, switch 3\n>p2 pass, switch 3\n>p1 move blizzard, move highhorsepower +1\n>p2 move sludgebomb +1, move fakeout +2\n>p1 switch 5, pass\n>p1 move icywind, move ironhead +2\n>p2 move spikyshield, move bravebird +1\n>p2 pass, switch 6\n>p1 move sludgebomb +1, move swordsdance\n>p2 move powergem +1, move scald +2\n>p1 move icywind, move protect\n>p2 move powergem +1, move scald +2\n>p2 switch 5, pass\n>p1 move icywind, move highhorsepower +1\n>p2 move flareblitz +2 terastallize, move thunderbolt +1\n>p2 switch 4, pass\n>p1 move acidspray +1, move highhorsepower +2 terastallize\n>p2 move closecombat +2, move thunderbolt +1\n>forcelose p2", "uploadtime": 1770950505, "views": 74, "formatid": "gen9randomdoublesbattle", "rating": 1563, "private": 0, "password": null}