{"id": "gen9randomdoublesbattle-2537264837", "format": "[Gen 9] Random Doubles Battle", "players": ["g4buscus", "caoscontrol"], "log": "|j|☆g4buscus\n|j|☆caoscontrol\n|t:|1770787204\n|gametype|doubles\n|player|p1|g4buscus|265|1621\n|player|p2|caoscontrol|2|1516\n|gen|9\n|tier|[Gen 9] Random Doubles Battle\n|rated|\n|rule|Species Clause: Limit one of each Pokémon\n|rule|HP Percentage Mod: HP is shown in percentages\n|rule|Illusion Level Mod: Illusion disguises the Pokémon's true level\n|rule|Sleep Clause Mod: Limit one foe put to sleep\n|\n|t:|1770787204\n|teamsize|p1|6\n|teamsize|p2|6\n|start\n|switch|p1a: Luxray|Luxray, L86, M|278/278\n|switch|p1b: Kricketune|Kricketune, F|316/316\n|switch|p2a: Chi-Yu|Chi-Yu, L75|206/206\n|switch|p2b: Hippowdon|Hippowdon, L86, M|326/326\n|-ability|p2a: Chi-Yu|Beads of Ruin\n|-ability|p1a: Luxray|Intimidate|boost\n|-unboost|p2a: Chi-Yu|atk|1\n|-unboost|p2b: Hippowdon|atk|1\n|-weather|Sandstorm|[from] ability: Sand Stream|[of] p2b: Hippowdon\n|turn|1\n|inactive|Battle timer is ON: inactive players will automatically lose when time's up. (requested by caoscontrol)\n|inactive|g4buscus has 120 seconds left.\n|\n|t:|1770787246\n|move|p2a: Chi-Yu|Overheat|p1b: Kricketune\n|-supereffective|p1b: Kricketune\n|-crit|p1b: Kricketune\n|-damage|p1b: Kricketune|0 fnt\n|-unboost|p2a: Chi-Yu|spa|2\n|faint|p1b: Kricketune\n|move|p1a: Luxray|Play Rough|p2a: Chi-Yu|[miss]\n|-miss|p1a: Luxray|p2a: Chi-Yu\n|move|p2b: Hippowdon|High Horsepower|p1a: Luxray\n|-supereffective|p1a: Luxray\n|-damage|p1a: Luxray|104/278\n|\n|-weather|Sandstorm|[upkeep]\n|-damage|p2a: Chi-Yu|194/206|[from] Sandstorm\n|-damage|p1a: Luxray|87/278|[from] Sandstorm\n|upkeep\n|\n|t:|1770787261\n|switch|p1b: Meowscarada|Meowscarada, L79, F|250/250\n|turn|2\n|\n|t:|1770787280\n|switch|p1a: Orthworm|Orthworm, L88, F|266/266\n|switch|p2b: Meowscarada|Meowscarada, L79, M|250/250\n|move|p1b: Meowscarada|Flower Trick|p2b: Meowscarada\n|-start|p1b: Meowscarada|typechange|Grass|[from] ability: Protean\n|-resisted|p2b: Meowscarada\n|-crit|p2b: Meowscarada\n|-damage|p2b: Meowscarada|152/250\n|move|p2a: Chi-Yu|Overheat|p1b: Meowscarada\n|-supereffective|p1b: Meowscarada\n|-damage|p1b: Meowscarada|0 fnt\n|-unboost|p2a: Chi-Yu|spa|2\n|faint|p1b: Meowscarada\n|\n|-weather|Sandstorm|[upkeep]\n|-damage|p2b: Meowscarada|137/250|[from] Sandstorm\n|-damage|p2a: Chi-Yu|182/206|[from] Sandstorm\n|upkeep\n|inactive|g4buscus has 120 seconds left.\n|\n|t:|1770787311\n|switch|p1b: Luxray|Luxray, L86, M|87/278\n|-ability|p1b: Luxray|Intimidate|boost\n|-unboost|p2a: Chi-Yu|atk|1\n|-unboost|p2b: Meowscarada|atk|1\n|turn|3\n|\n|t:|1770787321\n|switch|p2a: Raikou|Raikou, L81|278/278\n|move|p2b: Meowscarada|U-turn|p1b: Luxray\n|-start|p2b: Meowscarada|typechange|Bug|[from] ability: Protean\n|-damage|p1b: Luxray|12/278\n|\n|t:|1770787328\n|switch|p2b: Hippowdon|Hippowdon, L86, M|326/326|[from] U-turn\n|move|p1b: Luxray|Play Rough|p2b: Hippowdon\n|-damage|p2b: Hippowdon|263/326\n|move|p1a: Orthworm|Iron Defense|p1a: Orthworm\n|-boost|p1a: Orthworm|def|2\n|\n|-weather|Sandstorm|[upkeep]\n|-damage|p2a: Raikou|261/278|[from] Sandstorm\n|-damage|p1b: Luxray|0 fnt|[from] Sandstorm\n|faint|p1b: Luxray\n|-heal|p2b: Hippowdon|283/326|[from] item: Leftovers\n|upkeep\n|\n|t:|1770787347\n|switch|p1b: Sandy Shocks|Sandy Shocks, L79|264/264\n|turn|4\n|\n|t:|1770787361\n|move|p2a: Raikou|Scald|p1a: Orthworm\n|-damage|p1a: Orthworm|156/266\n|-damage|p2a: Raikou|234/278|[from] item: Life Orb\n|move|p1b: Sandy Shocks|Earth Power|p2a: Raikou\n|-supereffective|p2a: Raikou\n|-damage|p2a: Raikou|0 fnt\n|faint|p2a: Raikou\n|-damage|p1b: Sandy Shocks|238/264|[from] item: Life Orb\n|move|p1a: Orthworm|Iron Defense|p1a: Orthworm\n|-boost|p1a: Orthworm|def|2\n|move|p2b: Hippowdon|Whirlwind|p1a: Orthworm\n|drag|p1a: Flutter Mane|Flutter Mane, L73|201/201\n|-enditem|p1a: Flutter Mane|Booster Energy\n|-activate|p1a: Flutter Mane|ability: Protosynthesis|[fromitem]\n|-start|p1a: Flutter Mane|protosynthesisspa\n|\n|-weather|Sandstorm|[upkeep]\n|-damage|p1a: Flutter Mane|189/201|[from] Sandstorm\n|-heal|p2b: Hippowdon|303/326|[from] item: Leftovers\n|upkeep\n|\n|t:|1770787379\n|switch|p2a: Meowscarada|Meowscarada, L79, M|137/250\n|turn|5\n|-message|g4buscus forfeited.\n|\n|win|caoscontrol\n|raw|g4buscus's rating: 1621 &rarr; <strong>1595</strong><br />(-26 for losing)\n|raw|caoscontrol's rating: 1516 &rarr; <strong>1542</strong><br />(+26 for winning)\n|l|☆g4buscus\n|player|p1|\n", "inputlog": ">version ccdc32dd7cde25fd9e4bed64820e885f66e78a4e\n>start {\"formatid\":\"gen9randomdoublesbattle\",\"seed\":\"sodium,13b2b99018ced1f0ae84141b038d11cd\",\"rated\":\"Rated battle\"}\n>player p1 {\"name\":\"g4buscus\",\"avatar\":\"265\",\"rating\":1621,\"seed\":\"sodium,27ef07eab6b459a796bc40417d3fd2e5\"}\n>player p2 {\"name\":\"caoscontrol\",\"avatar\":\"2\",\"rating\":1516,\"seed\":\"sodium,3ee24037cf35e8bf1f1e58aaebcd82ca\"}\n>p1 move playrough +1, move stickyweb\n>p2 move overheat +2, move highhorsepower +1\n>p1 pass, switch 6\n>p1 switch 4, move flowertrick +2\n>p2 move overheat +2, switch 6\n>p1 pass, switch 4\n>p1 move irondefense, move playrough +2\n>p2 switch 5, move uturn +2\n>p2 pass, switch 6\n>p1 pass, switch 3\n>p1 move irondefense, move earthpower +1\n>p2 move scald +1, move whirlwind +1\n>p2 switch 6, pass\n>forcelose p1", "uploadtime": 1770787407, "views": 65, "formatid": "gen9randomdoublesbattle", "rating": 1542, "private": 0, "password": null}