{"id": "gen9randomdoublesbattle-2537625729", "format": "[Gen 9] Random Doubles Battle", "players": ["Dunsparceismyhomie", "pupi master"], "log": "|j|☆Dunsparceismyhomie\n|j|☆pupi master\n|t:|1770833148\n|gametype|doubles\n|player|p1|Dunsparceismyhomie|101|1695\n|player|p2|pupi master|hilda|1750\n|gen|9\n|tier|[Gen 9] Random Doubles Battle\n|rated|\n|rule|Species Clause: Limit one of each Pokémon\n|rule|HP Percentage Mod: HP is shown in percentages\n|rule|Illusion Level Mod: Illusion disguises the Pokémon's true level\n|rule|Sleep Clause Mod: Limit one foe put to sleep\n|\n|t:|1770833148\n|teamsize|p1|6\n|teamsize|p2|6\n|start\n|switch|p1a: Glastrier|Glastrier, L80|291/291\n|switch|p1b: Spectrier|Spectrier, L77|281/281\n|switch|p2a: Tropius|Tropius, L94, F|339/339\n|switch|p2b: Milotic|Milotic, L81, F|287/287\n|turn|1\n|\n|t:|1770833175\n|switch|p2a: Tauros|Tauros-Paldea-Blaze, L79, M|248/248\n|-ability|p2a: Tauros|Intimidate|boost\n|-unboost|p1a: Glastrier|atk|1\n|-unboost|p1b: Spectrier|atk|1\n|switch|p1a: Bellibolt|Bellibolt, L81, M|309/309\n|move|p1b: Spectrier|Nasty Plot|p1b: Spectrier\n|-boost|p1b: Spectrier|spa|2\n|move|p2b: Milotic|Scald|p1a: Bellibolt\n|-damage|p1a: Bellibolt|219/309\n|-start|p1a: Bellibolt|Charge|Scald|[from] ability: Electromorphosis\n|\n|upkeep\n|turn|2\n|\n|t:|1770833198\n|-terastallize|p1b: Spectrier|Fairy\n|move|p1b: Spectrier|Draining Kiss|p2a: Tauros\n|-damage|p2a: Tauros|21/248\n|-damage|p1b: Spectrier|253/281|[from] item: Life Orb\n|move|p2a: Tauros|Flare Blitz|p1b: Spectrier\n|-damage|p1b: Spectrier|0 fnt\n|faint|p1b: Spectrier\n|-damage|p2a: Tauros|0 fnt|[from] Recoil\n|faint|p2a: Tauros\n|move|p1a: Bellibolt|Thunderbolt|p2b: Milotic\n|-supereffective|p2b: Milotic\n|-damage|p2b: Milotic|5/287\n|-enditem|p2b: Milotic|Sitrus Berry|[eat]\n|-heal|p2b: Milotic|76/287|[from] item: Sitrus Berry\n|-end|p1a: Bellibolt|Charge|[silent]\n|move|p2b: Milotic|Dragon Tail|p1a: Bellibolt\n|-damage|p1a: Bellibolt|189/309\n|-start|p1a: Bellibolt|Charge|Dragon Tail|[from] ability: Electromorphosis\n|drag|p1a: Flutter Mane|Flutter Mane, L73|201/201\n|\n|upkeep\n|inactive|Battle timer is ON: inactive players will automatically lose when time's up. (requested by Dunsparceismyhomie)\n|\n|t:|1770833221\n|switch|p1b: Arcanine|Arcanine-Hisui, L79, M|280/280\n|switch|p2a: Tropius|Tropius, L94, F|339/339\n|-ability|p1b: Arcanine|Intimidate|boost\n|-unboost|p2a: Tropius|atk|1\n|-unboost|p2b: Milotic|atk|1\n|-ability|p2b: Milotic|Competitive|boost\n|-boost|p2b: Milotic|spa|2\n|turn|3\n|\n|t:|1770833234\n|-terastallize|p2b: Milotic|Steel\n|move|p1a: Flutter Mane|Icy Wind|p2a: Tropius|[spread] p2a,p2b\n|-supereffective|p2a: Tropius\n|-resisted|p2b: Milotic\n|-damage|p2a: Tropius|187/339\n|-damage|p2b: Milotic|60/287\n|-unboost|p2a: Tropius|spe|1\n|-unboost|p2b: Milotic|spe|1\n|-ability|p2b: Milotic|Competitive|boost\n|-boost|p2b: Milotic|spa|2\n|move|p1b: Arcanine|Rock Slide|p2a: Tropius|[spread] p2a,p2b\n|-supereffective|p2a: Tropius\n|-resisted|p2b: Milotic\n|-damage|p2a: Tropius|71/339\n|-damage|p2b: Milotic|30/287\n|-enditem|p2a: Tropius|Sitrus Berry|[eat]\n|-heal|p2a: Tropius|155/339|[from] item: Sitrus Berry\n|cant|p2b: Milotic|flinch\n|move|p2a: Tropius|Tailwind|p2a: Tropius\n|-sidestart|p2: pupi master|move: Tailwind\n|\n|-item|p2a: Tropius|Sitrus Berry|[from] ability: Harvest\n|upkeep\n|-enditem|p2a: Tropius|Sitrus Berry|[eat]\n|-heal|p2a: Tropius|239/339|[from] item: Sitrus Berry\n|turn|4\n|inactive|pupi master has 120 seconds left.\n|inactive|Dunsparceismyhomie has 120 seconds left.\n|\n|t:|1770833290\n|move|p1b: Arcanine|Protect|p1b: Arcanine\n|-singleturn|p1b: Arcanine|Protect\n|move|p1a: Flutter Mane|Icy Wind|p2a: Tropius|[spread] p2a,p2b\n|-supereffective|p2a: Tropius\n|-resisted|p2b: Milotic\n|-crit|p2b: Milotic\n|-damage|p2a: Tropius|67/339\n|-damage|p2b: Milotic|3/287\n|-unboost|p2a: Tropius|spe|1\n|-unboost|p2b: Milotic|spe|1\n|-ability|p2b: Milotic|Competitive|boost\n|-boost|p2b: Milotic|spa|2\n|move|p2b: Milotic|Scald|p1b: Arcanine\n|-activate|p1b: Arcanine|move: Protect\n|move|p2a: Tropius|Energy Ball|p1a: Flutter Mane\n|-damage|p1a: Flutter Mane|120/201\n|\n|upkeep\n|turn|5\n|inactive|pupi master has 120 seconds left.\n|\n|t:|1770833311\n|move|p1a: Flutter Mane|Icy Wind|p2b: Milotic|[spread] p2a,p2b\n|-supereffective|p2a: Tropius\n|-resisted|p2b: Milotic\n|-damage|p2a: Tropius|0 fnt\n|-damage|p2b: Milotic|0 fnt\n|faint|p2a: Tropius\n|faint|p2b: Milotic\n|move|p1b: Arcanine|Rock Slide|p2: Tropius|[notarget]\n|-fail|p1b: Arcanine\n|\n|upkeep\n|\n|t:|1770833320\n|switch|p2b: Lurantis|Lurantis, L85, M|258/258\n|switch|p2a: Walking Wake|Walking Wake, L78|283/283\n|turn|6\n|\n|t:|1770833347\n|-end|p1a: Flutter Mane|Protosynthesis|[silent]\n|switch|p1a: Glastrier|Glastrier, L80|291/291\n|move|p1b: Arcanine|Protect|p1b: Arcanine\n|-singleturn|p1b: Arcanine|Protect\n|move|p2a: Walking Wake|Flamethrower|p1a: Glastrier\n|-supereffective|p1a: Glastrier\n|-damage|p1a: Glastrier|184/291\n|-damage|p2a: Walking Wake|255/283|[from] item: Life Orb\n|move|p2b: Lurantis|Leaf Blade|p1a: Glastrier\n|-damage|p1a: Glastrier|100/291\n|\n|-sideend|p2: pupi master|move: Tailwind\n|upkeep\n|turn|7\n|\n|t:|1770833375\n|switch|p1a: Gastrodon|Gastrodon-East, L82, F|316/316\n|move|p2a: Walking Wake|Hydro Pump|p1a: Gastrodon\n|-activate|p1a: Gastrodon|ability: Storm Drain\n|-ability|p1a: Gastrodon|Storm Drain|boost\n|-boost|p1a: Gastrodon|spa|1\n|move|p1b: Arcanine|Flare Blitz|p2b: Lurantis\n|-supereffective|p2b: Lurantis\n|-damage|p2b: Lurantis|22/258\n|-status|p2b: Lurantis|brn\n|-damage|p1b: Arcanine|202/280|[from] Recoil\n|move|p2b: Lurantis|Superpower|p1a: Gastrodon\n|-damage|p1a: Gastrodon|259/316\n|-boost|p2b: Lurantis|atk|1\n|-boost|p2b: Lurantis|def|1\n|\n|-damage|p2b: Lurantis|6/258 brn|[from] brn\n|upkeep\n|turn|8\n|\n|t:|1770833405\n|switch|p2b: Glastrier|Glastrier, L80|291/291\n|move|p2a: Walking Wake|Draco Meteor|p1b: Arcanine\n|-damage|p1b: Arcanine|3/280\n|-unboost|p2a: Walking Wake|spa|2\n|-damage|p2a: Walking Wake|227/283|[from] item: Life Orb\n|move|p1b: Arcanine|Rock Slide|p2b: Glastrier|[spread] p2a,p2b\n|-supereffective|p2b: Glastrier\n|-damage|p2a: Walking Wake|167/283\n|-damage|p2b: Glastrier|193/291\n|move|p1a: Gastrodon|Icy Wind|p2b: Glastrier|[spread] p2a,p2b\n|-resisted|p2b: Glastrier\n|-damage|p2a: Walking Wake|125/283\n|-damage|p2b: Glastrier|177/291\n|-unboost|p2a: Walking Wake|spe|1\n|-unboost|p2b: Glastrier|spe|1\n|\n|upkeep\n|turn|9\n|inactive|Dunsparceismyhomie has 120 seconds left.\n|\n|t:|1770833437\n|move|p1b: Arcanine|Flare Blitz|p2b: Glastrier\n|-supereffective|p2b: Glastrier\n|-damage|p2b: Glastrier|0 fnt\n|faint|p2b: Glastrier\n|-damage|p1b: Arcanine|0 fnt|[from] Recoil\n|faint|p1b: Arcanine\n|move|p2a: Walking Wake|Flamethrower|p1a: Gastrodon\n|-resisted|p1a: Gastrodon\n|-damage|p1a: Gastrodon|233/316\n|-damage|p2a: Walking Wake|97/283|[from] item: Life Orb\n|move|p1a: Gastrodon|Muddy Water|p2a: Walking Wake\n|-resisted|p2a: Walking Wake\n|-damage|p2a: Walking Wake|61/283\n|\n|upkeep\n|inactive|Dunsparceismyhomie has 120 seconds left.\n|-message|pupi master forfeited.\n|\n|win|Dunsparceismyhomie\n|raw|Dunsparceismyhomie's rating: 1695 &rarr; <strong>1718</strong><br />(+23 for winning)\n|raw|pupi master's rating: 1750 &rarr; <strong>1727</strong><br />(-23 for losing)\n|l|☆pupi master\n|player|p2|\n", "inputlog": ">version ccdc32dd7cde25fd9e4bed64820e885f66e78a4e\n>start {\"formatid\":\"gen9randomdoublesbattle\",\"seed\":\"sodium,f7d03c899ab2d5817bb2001b1d5e63ed\",\"rated\":\"Rated battle\"}\n>player p1 {\"name\":\"Dunsparceismyhomie\",\"avatar\":\"101\",\"rating\":1695,\"seed\":\"sodium,3fa3f966f5927461a9951472def18f5d\"}\n>player p2 {\"name\":\"pupi master\",\"avatar\":\"hilda\",\"rating\":1750,\"seed\":\"sodium,b5d944ff774ba8acad8ae232d549f1c6\"}\n>p1 switch 5, move nastyplot\n>p2 switch 3, move scald +1\n>p1 move thunderbolt +2, move drainingkiss +1 terastallize\n>p2 move flareblitz +2, move dragontail +2\n>p1 pass, switch 4\n>p2 switch 3, pass\n>p1 move icywind, move rockslide\n>p2 move tailwind, move scald +2 terastallize\n>p1 move icywind, move protect\n>p2 move energyball +1, move scald +2\n>p1 move icywind, move rockslide\n>p2 move energyball +1, move scald +1\n>p2 switch 4, switch 5\n>p1 switch 5, move protect\n>p2 move flamethrower +1, move leafblade +1\n>p1 switch 6, move flareblitz +2\n>p2 move hydropump +2, move superpower +1\n>p1 move icywind, move rockslide\n>p2 move dracometeor +2, switch 6\n>p1 move muddywater, move flareblitz +2\n>p2 move flamethrower +2, move iciclecrash +1\n>forcelose p2", "uploadtime": 1770833455, "views": 96, "formatid": "gen9randomdoublesbattle", "rating": 1718, "private": 0, "password": null}