{"id": "gen9randomdoublesbattle-2538290205", "format": "[Gen 9] Random Doubles Battle", "players": ["GabrielTatengue", "yes eye on1"], "log": "|j|☆GabrielTatengue\n|j|☆yes eye on1\n|t:|1770914122\n|gametype|doubles\n|player|p1|GabrielTatengue|blue|1524\n|player|p2|yes eye on1|169|1589\n|gen|9\n|tier|[Gen 9] Random Doubles Battle\n|rated|\n|rule|Species Clause: Limit one of each Pokémon\n|rule|HP Percentage Mod: HP is shown in percentages\n|rule|Illusion Level Mod: Illusion disguises the Pokémon's true level\n|rule|Sleep Clause Mod: Limit one foe put to sleep\n|\n|t:|1770914122\n|teamsize|p1|6\n|teamsize|p2|6\n|start\n|switch|p1a: Overqwil|Overqwil, L82, M|274/274\n|switch|p1b: Swampert|Swampert, L82, F|298/298\n|switch|p2a: Lurantis|Lurantis, L85, M|258/258\n|switch|p2b: Vikavolt|Vikavolt, L84, F|267/267\n|-ability|p1a: Overqwil|Intimidate|boost\n|-boost|p2a: Lurantis|atk|1\n|-unboost|p2b: Vikavolt|atk|1\n|turn|1\n|inactive|Battle timer is ON: inactive players will automatically lose when time's up. (requested by GabrielTatengue)\n|\n|t:|1770914148\n|switch|p2a: Excadrill|Excadrill, L82, M|315/315\n|-ability|p2a: Excadrill|Mold Breaker\n|move|p1a: Overqwil|Gunk Shot|p2a: Excadrill\n|-immune|p2a: Excadrill\n|move|p1b: Swampert|Flip Turn|p2a: Excadrill\n|-supereffective|p2a: Excadrill\n|-damage|p2a: Excadrill|145/315\n|\n|t:|1770914163\n|switch|p1b: Spidops|Spidops, M|282/282|[from] Flip Turn\n|move|p2b: Vikavolt|Sticky Web|p1b: Spidops\n|-sidestart|p1: GabrielTatengue|move: Sticky Web\n|\n|upkeep\n|turn|2\n|\n|t:|1770914180\n|move|p2a: Excadrill|Rock Slide|p1b: Spidops|[spread] p1a,p1b\n|-supereffective|p1b: Spidops\n|-damage|p1a: Overqwil|226/274\n|-damage|p1b: Spidops|206/282\n|move|p1a: Overqwil|Liquidation|p2a: Excadrill\n|-supereffective|p2a: Excadrill\n|-damage|p2a: Excadrill|0 fnt\n|faint|p2a: Excadrill\n|-damage|p1a: Overqwil|199/274|[from] item: Life Orb\n|move|p1b: Spidops|Sticky Web|p2b: Vikavolt\n|-sidestart|p2: yes eye on1|move: Sticky Web\n|move|p2b: Vikavolt|Thunderbolt|p1b: Spidops\n|-damage|p1b: Spidops|89/282\n|-status|p1b: Spidops|par\n|-enditem|p1b: Spidops|Sitrus Berry|[eat]\n|-heal|p1b: Spidops|159/282 par|[from] item: Sitrus Berry\n|\n|upkeep\n|inactive|yes eye on1 has 120 seconds left.\n|\n|t:|1770914207\n|switch|p2a: Thundurus|Thundurus, L79, M|254/254\n|turn|3\n|\n|t:|1770914216\n|move|p2a: Thundurus|Thunderbolt|p1a: Overqwil\n|-crit|p1a: Overqwil\n|-damage|p1a: Overqwil|16/274\n|move|p1a: Overqwil|Gunk Shot|p2a: Thundurus\n|-damage|p2a: Thundurus|24/254\n|-enditem|p2a: Thundurus|Sitrus Berry|[eat]\n|-heal|p2a: Thundurus|87/254|[from] item: Sitrus Berry\n|-damage|p1a: Overqwil|0 fnt|[from] item: Life Orb\n|faint|p1a: Overqwil\n|move|p2b: Vikavolt|Thunderbolt|p1b: Spidops\n|-damage|p1b: Spidops|48/282 par\n|move|p1b: Spidops|String Shot|p2b: Vikavolt|[spread] p2a\n|-miss|p1b: Spidops|p2b: Vikavolt\n|-unboost|p2a: Thundurus|spe|2\n|\n|upkeep\n|\n|t:|1770914244\n|switch|p1a: Luxray|Luxray, L86, M|278/278\n|-activate|p1a: Luxray|move: Sticky Web\n|-unboost|p1a: Luxray|spe|1\n|-ability|p1a: Luxray|Intimidate|boost\n|-unboost|p2a: Thundurus|atk|1\n|-unboost|p2b: Vikavolt|atk|1\n|turn|4\n|\n|t:|1770914257\n|move|p2b: Vikavolt|Thunderbolt|p1b: Spidops\n|-damage|p1b: Spidops|0 fnt\n|faint|p1b: Spidops\n|move|p1a: Luxray|Wild Charge|p2a: Thundurus\n|-damage|p2a: Thundurus|0 fnt\n|faint|p2a: Thundurus\n|-damage|p1a: Luxray|256/278|[from] Recoil\n|\n|upkeep\n|\n|t:|1770914271\n|switch|p2a: Archaludon|Archaludon, L77, M|265/265\n|switch|p1b: Sableye|Sableye, L92, F|241/241\n|-activate|p2a: Archaludon|move: Sticky Web\n|-unboost|p2a: Archaludon|spe|1\n|-activate|p1b: Sableye|move: Sticky Web\n|-unboost|p1b: Sableye|spe|1\n|turn|5\n|\n|t:|1770914292\n|move|p1b: Sableye|Fake Out|p2a: Archaludon\n|-resisted|p2a: Archaludon\n|-damage|p2a: Archaludon|253/265\n|-ability|p2a: Archaludon|Stamina|boost\n|-boost|p2a: Archaludon|def|1\n|move|p2b: Vikavolt|Bug Buzz|p1b: Sableye\n|-damage|p1b: Sableye|97/241\n|-enditem|p1b: Sableye|Sitrus Berry|[eat]\n|-heal|p1b: Sableye|157/241|[from] item: Sitrus Berry\n|cant|p2a: Archaludon|flinch\n|move|p1a: Luxray|Snarl|p2b: Vikavolt|[spread] p2a,p2b\n|-damage|p2a: Archaludon|215/265\n|-damage|p2b: Vikavolt|235/267\n|-unboost|p2a: Archaludon|spa|1\n|-unboost|p2b: Vikavolt|spa|1\n|-ability|p2a: Archaludon|Stamina|boost\n|-boost|p2a: Archaludon|def|1\n|\n|upkeep\n|turn|6\n|inactive|GabrielTatengue has 120 seconds left.\n|\n|t:|1770914323\n|move|p1b: Sableye|Will-O-Wisp|p2a: Archaludon|[miss]\n|-miss|p1b: Sableye|p2a: Archaludon\n|move|p2b: Vikavolt|Bug Buzz|p1b: Sableye\n|-damage|p1b: Sableye|48/241\n|move|p2a: Archaludon|Electro Shot||[still]\n|-prepare|p2a: Archaludon|Electro Shot\n|-boost|p2a: Archaludon|spa|1\n|-enditem|p2a: Archaludon|Power Herb\n|-anim|p2a: Archaludon|Electro Shot|p1b: Sableye\n|-damage|p1b: Sableye|0 fnt\n|faint|p1b: Sableye\n|move|p1a: Luxray|Crunch|p2b: Vikavolt\n|-damage|p2b: Vikavolt|169/267\n|\n|upkeep\n|inactive|GabrielTatengue has 120 seconds left.\n|\n|t:|1770914333\n|switch|p1b: Dusknoir|Dusknoir, L89, M|225/225\n|-activate|p1b: Dusknoir|move: Sticky Web\n|-unboost|p1b: Dusknoir|spe|1\n|-item|p2b: Vikavolt|Sitrus Berry|[from] ability: Frisk|[of] p1b: Dusknoir\n|turn|7\n|\n|t:|1770914347\n|move|p2b: Vikavolt|Bug Buzz|p1a: Luxray\n|-damage|p1a: Luxray|192/278\n|move|p2a: Archaludon|Flash Cannon|p1b: Dusknoir\n|-damage|p1b: Dusknoir|162/225\n|move|p1a: Luxray|Volt Switch|p2b: Vikavolt\n|-resisted|p2b: Vikavolt\n|-damage|p2b: Vikavolt|124/267\n|-enditem|p2b: Vikavolt|Sitrus Berry|[eat]\n|-heal|p2b: Vikavolt|190/267|[from] item: Sitrus Berry\n|\n|t:|1770914357\n|switch|p1a: Swampert|Swampert, L82, F|298/298|[from] Volt Switch\n|-activate|p1a: Swampert|move: Sticky Web\n|-unboost|p1a: Swampert|spe|1\n|move|p1b: Dusknoir|Will-O-Wisp|p2a: Archaludon|[miss]\n|-miss|p1b: Dusknoir|p2a: Archaludon\n|\n|upkeep\n|turn|8\n|c|☆GabrielTatengue|nice RNG\n|\n|t:|1770914371\n|move|p2b: Vikavolt|Thunderbolt|p1b: Dusknoir\n|-damage|p1b: Dusknoir|105/225\n|move|p2a: Archaludon|Flash Cannon|p1b: Dusknoir\n|-damage|p1b: Dusknoir|41/225\n|move|p1a: Swampert|High Horsepower|p2b: Vikavolt\n|-immune|p2b: Vikavolt|[from] ability: Levitate\n|move|p1b: Dusknoir|Will-O-Wisp|p2a: Archaludon|[miss]\n|-miss|p1b: Dusknoir|p2a: Archaludon\n|\n|upkeep\n|turn|9\n|c|☆GabrielTatengue|3 WOW MISS\n|c|☆GabrielTatengue|nice\n|-message|GabrielTatengue forfeited.\n|\n|win|yes eye on1\n|raw|GabrielTatengue's rating: 1524 &rarr; <strong>1508</strong><br />(-16 for losing)\n|raw|yes eye on1's rating: 1589 &rarr; <strong>1605</strong><br />(+16 for winning)\n|l|☆GabrielTatengue\n|player|p1|\n", "inputlog": ">version ccdc32dd7cde25fd9e4bed64820e885f66e78a4e\n>start {\"formatid\":\"gen9randomdoublesbattle\",\"seed\":\"sodium,48e5d87cbae24f325c59705ec9538ea2\",\"rated\":\"Rated battle\"}\n>player p1 {\"name\":\"GabrielTatengue\",\"avatar\":\"blue\",\"rating\":1524,\"seed\":\"sodium,604d3baad414e2d77cfc6b187751df94\"}\n>player p2 {\"name\":\"yes eye on1\",\"avatar\":\"169\",\"rating\":1589,\"seed\":\"sodium,dca1c9f5da5b6114bebf7f0184a923a1\"}\n>p1 move gunkshot +1, move flipturn +1\n>p2 switch 3, move stickyweb\n>p1 pass, switch 5\n>p1 move liquidation +1, move stickyweb\n>p2 move rockslide, move thunderbolt +2\n>p2 switch 4, pass\n>p1 move gunkshot +1, move stringshot\n>p2 move thunderbolt +1, move thunderbolt +1\n>p1 switch 6, pass\n>p1 move wildcharge +1, move knockoff +2\n>p2 move knockoff +1, move thunderbolt +2\n>p1 pass, switch 3\n>p2 switch 6, pass\n>p1 move snarl, move fakeout +1\n>p2 move electroshot +2, move bugbuzz +2\n>p1 move crunch +2, move willowisp +1\n>p2 move electroshot +2, move bugbuzz +2\n>p1 pass, switch 4\n>p1 move voltswitch +2, move willowisp +1\n>p2 move flashcannon +2, move bugbuzz +1\n>p1 switch 5, pass\n>chat ☆GabrielTatengue|nice RNG\n>p1 move highhorsepower +2, move willowisp +1\n>p2 move flashcannon +2, move thunderbolt +2\n>chat ☆GabrielTatengue|3 WOW MISS\n>chat ☆GabrielTatengue|nice\n>forcelose p1", "uploadtime": 1770914394, "views": 73, "formatid": "gen9randomdoublesbattle", "rating": 1508, "private": 0, "password": null}