{"id": "gen9randomdoublesbattle-2537050735", "format": "[Gen 9] Random Doubles Battle", "players": ["rocci", "frankpgh"], "log": "|j|☆rocci\n|j|☆frankpgh\n|t:|1770760477\n|gametype|doubles\n|player|p1|rocci|beauty-gen4dp|1592\n|player|p2|frankpgh|n|1587\n|gen|9\n|tier|[Gen 9] Random Doubles Battle\n|rated|\n|rule|Species Clause: Limit one of each Pokémon\n|rule|HP Percentage Mod: HP is shown in percentages\n|rule|Illusion Level Mod: Illusion disguises the Pokémon's true level\n|rule|Sleep Clause Mod: Limit one foe put to sleep\n|\n|t:|1770760477\n|teamsize|p1|6\n|teamsize|p2|6\n|start\n|switch|p1a: Meowscarada|Meowscarada, L79, F|250/250\n|switch|p1b: Cinccino|Cinccino, L85, F|266/266\n|switch|p2a: Galvantula|Galvantula, L85, M|258/258\n|switch|p2b: Glaceon|Glaceon, L86, F|252/252\n|turn|1\n|\n|t:|1770760506\n|move|p1b: Cinccino|Tail Slap|p2b: Glaceon\n|-damage|p2b: Glaceon|216/252\n|-damage|p2b: Glaceon|183/252\n|-crit|p2b: Glaceon\n|-damage|p2b: Glaceon|131/252\n|-damage|p2b: Glaceon|94/252\n|-damage|p2b: Glaceon|63/252\n|-hitcount|p2b: Glaceon|5\n|move|p1a: Meowscarada|Triple Axel|p2a: Galvantula\n|-start|p1a: Meowscarada|typechange|Ice|[from] ability: Protean\n|-damage|p2a: Galvantula|219/258\n|-damage|p2a: Galvantula|140/258\n|-damage|p2a: Galvantula|23/258\n|-enditem|p2a: Galvantula|Sitrus Berry|[eat]\n|-heal|p2a: Galvantula|87/258|[from] item: Sitrus Berry\n|-hitcount|p2a: Galvantula|3\n|move|p2a: Galvantula|Bug Buzz|p1a: Meowscarada\n|-damage|p1a: Meowscarada|118/250\n|move|p2b: Glaceon|Mud Shot|p1b: Cinccino\n|-damage|p1b: Cinccino|199/266\n|-unboost|p1b: Cinccino|spe|1\n|\n|upkeep\n|turn|2\n|\n|t:|1770760545\n|move|p2b: Glaceon|Protect|p2b: Glaceon\n|-singleturn|p2b: Glaceon|Protect\n|move|p1a: Meowscarada|Triple Axel|p2a: Galvantula\n|-damage|p2a: Galvantula|48/258\n|-damage|p2a: Galvantula|0 fnt\n|faint|p2a: Galvantula\n|-hitcount|p2: Galvantula|2\n|move|p1b: Cinccino|Tail Slap|p2b: Glaceon\n|-activate|p2b: Glaceon|move: Protect\n|\n|upkeep\n|\n|t:|1770760558\n|switch|p2a: Delphox|Delphox, L83, F|260/260\n|turn|3\n|\n|t:|1770760571\n|switch|p1a: Palkia|Palkia, L74|255/255\n|-terastallize|p2a: Delphox|Fire\n|move|p2a: Delphox|Heat Wave|p1b: Cinccino|[spread] p1a,p1b\n|-resisted|p1a: Palkia\n|-damage|p1a: Palkia|221/255\n|-damage|p1b: Cinccino|4/266\n|-damage|p2a: Delphox|234/260|[from] item: Life Orb\n|move|p1b: Cinccino|Knock Off|p2a: Delphox\n|-crit|p2a: Delphox\n|-damage|p2a: Delphox|119/260\n|-enditem|p2a: Delphox|Life Orb|[from] move: Knock Off|[of] p1b: Cinccino\n|move|p2b: Glaceon|Blizzard|p1a: Palkia|[spread] p1a,p1b\n|-damage|p1a: Palkia|115/255\n|-damage|p1b: Cinccino|0 fnt\n|faint|p1b: Cinccino\n|\n|upkeep\n|inactive|Battle timer is ON: inactive players will automatically lose when time's up. (requested by frankpgh)\n|\n|t:|1770760609\n|switch|p1b: Sneasler|Sneasler, L77, M|250/250\n|turn|4\n|\n|t:|1770760627\n|move|p2a: Delphox|Protect|p2a: Delphox\n|-singleturn|p2a: Delphox|Protect\n|move|p1b: Sneasler|Dire Claw|p2a: Delphox\n|-activate|p2a: Delphox|move: Protect\n|move|p1a: Palkia|Spacial Rend|p2b: Glaceon\n|-damage|p2b: Glaceon|0 fnt\n|faint|p2b: Glaceon\n|\n|upkeep\n|\n|t:|1770760639\n|switch|p2b: Necrozma|Necrozma-Dusk-Mane, L70|252/252\n|turn|5\n|\n|t:|1770760651\n|switch|p2a: Urshifu|Urshifu-Rapid-Strike, L75, F|274/274\n|move|p1a: Palkia|Protect|p1a: Palkia\n|-singleturn|p1a: Palkia|Protect\n|move|p1b: Sneasler|Dire Claw|p2a: Urshifu\n|-damage|p2a: Urshifu|150/274\n|move|p2b: Necrozma|Trick Room|p2b: Necrozma\n|-fieldstart|move: Trick Room|[of] p2b: Necrozma\n|\n|upkeep\n|turn|6\n|inactive|frankpgh has 120 seconds left.\n|\n|t:|1770760684\n|switch|p2a: Carbink|Carbink, L88|231/231\n|move|p2b: Necrozma|Earthquake|p1b: Sneasler|[spread] p2a,p1a,p1b\n|-supereffective|p2a: Carbink\n|-supereffective|p1b: Sneasler\n|-damage|p2a: Carbink|155/231\n|-damage|p1a: Palkia|58/255\n|-damage|p1b: Sneasler|86/250\n|move|p1a: Palkia|Fire Blast|p2b: Necrozma\n|-supereffective|p2b: Necrozma\n|-damage|p2b: Necrozma|114/252\n|-enditem|p2b: Necrozma|Weakness Policy\n|-boost|p2b: Necrozma|atk|2|[from] item: Weakness Policy\n|-boost|p2b: Necrozma|spa|2|[from] item: Weakness Policy\n|move|p1b: Sneasler|Dire Claw|p2a: Carbink\n|-damage|p2a: Carbink|79/231\n|-status|p2a: Carbink|psn|[from] ability: Poison Touch|[of] p1b: Sneasler\n|\n|-heal|p2a: Carbink|93/231 psn|[from] item: Leftovers\n|-damage|p2a: Carbink|65/231 psn|[from] psn\n|upkeep\n|turn|7\n|inactive|frankpgh has 120 seconds left.\n|\n|t:|1770760713\n|move|p2a: Carbink|Moonblast|p1a: Palkia\n|-supereffective|p1a: Palkia\n|-damage|p1a: Palkia|0 fnt\n|faint|p1a: Palkia\n|move|p2b: Necrozma|Sunsteel Strike|p1b: Sneasler\n|-damage|p1b: Sneasler|0 fnt\n|faint|p1b: Sneasler\n|\n|-heal|p2a: Carbink|79/231 psn|[from] item: Leftovers\n|-damage|p2a: Carbink|51/231 psn|[from] psn\n|upkeep\n|\n|t:|1770760722\n|switch|p1a: Scovillain|Scovillain, L90, M|263/263\n|switch|p1b: Mismagius|Mismagius, L88, F|249/249\n|turn|8\n|inactive|rocci has 120 seconds left.\n|\n|t:|1770760757\n|move|p1a: Scovillain|Rage Powder|p1a: Scovillain\n|-singleturn|p1a: Scovillain|move: Rage Powder\n|move|p2a: Carbink|Moonblast|p1a: Scovillain\n|-resisted|p1a: Scovillain\n|-damage|p1a: Scovillain|222/263\n|move|p2b: Necrozma|Sunsteel Strike|p1a: Scovillain\n|-resisted|p1a: Scovillain\n|-damage|p1a: Scovillain|102/263\n|-enditem|p1a: Scovillain|Sitrus Berry|[eat]\n|-heal|p1a: Scovillain|167/263|[from] item: Sitrus Berry\n|move|p1b: Mismagius|Will-O-Wisp|p2b: Necrozma\n|-status|p2b: Necrozma|brn\n|\n|-heal|p2a: Carbink|65/231 psn|[from] item: Leftovers\n|-damage|p2a: Carbink|37/231 psn|[from] psn\n|-damage|p2b: Necrozma|99/252 brn|[from] brn\n|upkeep\n|turn|9\n|-message|frankpgh forfeited.\n|\n|win|rocci\n|raw|rocci's rating: 1592 &rarr; <strong>1612</strong><br />(+20 for winning)\n|raw|frankpgh's rating: 1587 &rarr; <strong>1567</strong><br />(-20 for losing)\n|l|☆frankpgh\n|player|p2|\n", "inputlog": ">version ccdc32dd7cde25fd9e4bed64820e885f66e78a4e\n>start {\"formatid\":\"gen9randomdoublesbattle\",\"seed\":\"sodium,918921f120b700322b05f47044b4a349\",\"rated\":\"Rated battle\"}\n>player p1 {\"name\":\"rocci\",\"avatar\":\"beauty-gen4dp\",\"rating\":1592,\"seed\":\"sodium,0c53666702611a861ca92a55792e1ba0\"}\n>player p2 {\"name\":\"frankpgh\",\"avatar\":\"n\",\"rating\":1587,\"seed\":\"sodium,bdcc1390aedf8efe7dee3997780fb9a0\"}\n>p1 move tripleaxel +1, move tailslap +2\n>p2 move bugbuzz +1, move mudshot +2\n>p1 move tripleaxel +1, move tailslap +2\n>p2 move stickyweb, move protect\n>p2 switch 5, pass\n>p1 switch 3, move knockoff +1\n>p2 move heatwave terastallize, move blizzard\n>p1 pass, switch 5\n>p1 move spacialrend +2, move direclaw +1\n>p2 move protect, move freezedry +1\n>p2 pass, switch 3\n>p1 move protect, move direclaw +1\n>p2 switch 4, move trickroom\n>p1 move fireblast +2, move direclaw +1\n>p2 switch 6, move earthquake\n>p1 move fireblast +2, move direclaw +1\n>p2 move moonblast +1, move sunsteelstrike +2\n>p1 switch 6, switch 4\n>p1 move ragepowder, move willowisp +2\n>p2 move moonblast +2, move sunsteelstrike +2\n>forcelose p2", "uploadtime": 1770760776, "views": 76, "formatid": "gen9randomdoublesbattle", "rating": 1567, "private": 0, "password": null}