{"id": "gen9randomdoublesbattle-2536682156", "format": "[Gen 9] Random Doubles Battle", "players": ["Ditto TH", "guilleurbano"], "log": "|j|☆Ditto TH\n|j|☆guilleurbano\n|t:|1770725391\n|gametype|doubles\n|player|p1|Ditto TH|2|1494\n|player|p2|guilleurbano|n|1545\n|gen|9\n|tier|[Gen 9] Random Doubles Battle\n|rated|\n|rule|Species Clause: Limit one of each Pokémon\n|rule|HP Percentage Mod: HP is shown in percentages\n|rule|Illusion Level Mod: Illusion disguises the Pokémon's true level\n|rule|Sleep Clause Mod: Limit one foe put to sleep\n|\n|t:|1770725391\n|teamsize|p1|6\n|teamsize|p2|6\n|start\n|switch|p1a: Froslass|Froslass, L88, F|266/266\n|switch|p1b: Cetitan|Cetitan, L83, F|418/418\n|switch|p2a: Bellibolt|Bellibolt, L81, M|309/309\n|switch|p2b: Delibird|Delibird, M|252/252\n|turn|1\n|\n|t:|1770725430\n|switch|p2a: Magmar|Magmar, L84, M|246/246\n|move|p1a: Froslass|Poltergeist|p2b: Delibird\n|-activate|p2b: Delibird|move: Poltergeist|Choice Band\n|-damage|p2b: Delibird|101/252\n|move|p2b: Delibird|Brave Bird|p1a: Froslass\n|-damage|p1a: Froslass|0 fnt\n|faint|p1a: Froslass\n|-damage|p2b: Delibird|13/252|[from] Recoil\n|move|p1b: Cetitan|Icicle Crash|p2b: Delibird\n|-damage|p2b: Delibird|0 fnt\n|faint|p2b: Delibird\n|\n|upkeep\n|\n|t:|1770725450\n|switch|p1a: Vaporeon|Vaporeon, L84, M|356/356\n|switch|p2b: Bellibolt|Bellibolt, L81, M|309/309\n|turn|2\n|\n|t:|1770725464\n|-terastallize|p1b: Cetitan|Ground\n|move|p2a: Magmar|Heat Wave|p1b: Cetitan|[spread] p1a,p1b\n|-resisted|p1a: Vaporeon\n|-damage|p1a: Vaporeon|318/356\n|-damage|p1b: Cetitan|318/418\n|move|p1b: Cetitan|High Horsepower|p2a: Magmar\n|-supereffective|p2a: Magmar\n|-damage|p2a: Magmar|0 fnt\n|-status|p1b: Cetitan|brn|[from] ability: Flame Body|[of] p2a: Magmar\n|faint|p2a: Magmar\n|-damage|p1b: Cetitan|277/418 brn|[from] item: Life Orb\n|move|p1a: Vaporeon|Muddy Water|p2b: Bellibolt\n|-damage|p2b: Bellibolt|189/309\n|-unboost|p2b: Bellibolt|accuracy|1\n|-start|p2b: Bellibolt|Charge|Muddy Water|[from] ability: Electromorphosis\n|move|p2b: Bellibolt|Thunderbolt|p1a: Vaporeon|[miss]\n|-miss|p2b: Bellibolt|p1a: Vaporeon\n|-end|p2b: Bellibolt|Charge|[silent]\n|\n|-damage|p1b: Cetitan|251/418 brn|[from] brn\n|upkeep\n|\n|t:|1770725489\n|switch|p2a: Tsareena|Tsareena, L85, F|261/261\n|turn|3\n|\n|t:|1770725502\n|move|p2a: Tsareena|Power Whip|p1b: Cetitan\n|-supereffective|p1b: Cetitan\n|-damage|p1b: Cetitan|0 fnt\n|faint|p1b: Cetitan\n|move|p1a: Vaporeon|Icy Wind|p2a: Tsareena|[spread] p2a,p2b\n|-supereffective|p2a: Tsareena\n|-damage|p2a: Tsareena|221/261\n|-damage|p2b: Bellibolt|156/309\n|-unboost|p2a: Tsareena|spe|1\n|-unboost|p2b: Bellibolt|spe|1\n|-start|p2b: Bellibolt|Charge|Icy Wind|[from] ability: Electromorphosis\n|move|p2b: Bellibolt|Slack Off|p2b: Bellibolt\n|-heal|p2b: Bellibolt|309/309\n|\n|upkeep\n|\n|t:|1770725520\n|switch|p1b: Urshifu|Urshifu, L75, M|274/274\n|turn|4\n|\n|t:|1770725544\n|move|p1b: Urshifu|Wicked Blow|p2a: Tsareena\n|-crit|p2a: Tsareena\n|-damage|p2a: Tsareena|72/261\n|-damage|p1b: Urshifu|247/274|[from] item: Life Orb\n|move|p1a: Vaporeon|Muddy Water|p2b: Bellibolt|[spread] p2b\n|-miss|p1a: Vaporeon|p2a: Tsareena\n|-damage|p2b: Bellibolt|222/309\n|-start|p2b: Bellibolt|Charge|Muddy Water|[from] ability: Electromorphosis\n|move|p2a: Tsareena|High Jump Kick|p1b: Urshifu\n|-supereffective|p1b: Urshifu\n|-damage|p1b: Urshifu|3/274\n|move|p2b: Bellibolt|Thunderbolt|p1a: Vaporeon|[miss]\n|-miss|p2b: Bellibolt|p1a: Vaporeon\n|-end|p2b: Bellibolt|Charge|[silent]\n|\n|upkeep\n|turn|5\n|\n|t:|1770725573\n|move|p1b: Urshifu|Wicked Blow|p2b: Bellibolt\n|-crit|p2b: Bellibolt\n|-damage|p2b: Bellibolt|54/309\n|-start|p2b: Bellibolt|Charge|Wicked Blow|[from] ability: Electromorphosis\n|-enditem|p2b: Bellibolt|Sitrus Berry|[eat]\n|-heal|p2b: Bellibolt|131/309|[from] item: Sitrus Berry\n|-damage|p1b: Urshifu|0 fnt|[from] item: Life Orb\n|faint|p1b: Urshifu\n|move|p1a: Vaporeon|Muddy Water|p2a: Tsareena|[spread] p2a,p2b\n|-resisted|p2a: Tsareena\n|-damage|p2a: Tsareena|48/261\n|-damage|p2b: Bellibolt|52/309\n|-unboost|p2a: Tsareena|accuracy|1\n|-start|p2b: Bellibolt|Charge|Muddy Water|[from] ability: Electromorphosis\n|move|p2a: Tsareena|Power Whip|p1a: Vaporeon|[miss]\n|-miss|p2a: Tsareena|p1a: Vaporeon\n|move|p2b: Bellibolt|Muddy Water|p1a: Vaporeon\n|-heal|p1a: Vaporeon|356/356|[from] ability: Water Absorb|[of] p2b: Bellibolt\n|\n|upkeep\n|\n|t:|1770725600\n|switch|p1b: Gliscor|Gliscor, L81, F|254/254\n|turn|6\n|\n|t:|1770725632\n|switch|p2a: Roaring Moon|Roaring Moon, L76|285/285\n|-enditem|p2a: Roaring Moon|Booster Energy\n|-activate|p2a: Roaring Moon|ability: Protosynthesis|[fromitem]\n|-start|p2a: Roaring Moon|protosynthesisatk\n|move|p1b: Gliscor|Swords Dance|p1b: Gliscor\n|-boost|p1b: Gliscor|atk|2\n|move|p1a: Vaporeon|Muddy Water|p2a: Roaring Moon|[spread] p2a,p2b\n|-resisted|p2a: Roaring Moon\n|-damage|p2a: Roaring Moon|245/285\n|-damage|p2b: Bellibolt|0 fnt\n|faint|p2b: Bellibolt\n|\n|-status|p1b: Gliscor|tox|[from] item: Toxic Orb\n|upkeep\n|\n|t:|1770725650\n|switch|p2b: Gouging Fire|Gouging Fire, L75|281/281\n|turn|7\n|\n|t:|1770725664\n|move|p1b: Gliscor|Protect|p1b: Gliscor\n|-singleturn|p1b: Gliscor|Protect\n|move|p2b: Gouging Fire|Burning Bulwark|p2b: Gouging Fire\n|-singleturn|p2b: Gouging Fire|move: Protect\n|move|p2a: Roaring Moon|Breaking Swipe|p1a: Vaporeon|[spread] p1a\n|-activate|p1b: Gliscor|move: Protect\n|-damage|p1a: Vaporeon|274/356\n|-unboost|p1a: Vaporeon|atk|1\n|move|p1a: Vaporeon|Icy Wind|p2a: Roaring Moon|[spread] p2a\n|-activate|p2b: Gouging Fire|move: Protect\n|-supereffective|p2a: Roaring Moon\n|-damage|p2a: Roaring Moon|183/285\n|-unboost|p2a: Roaring Moon|spe|1\n|\n|upkeep\n|turn|8\n|\n|t:|1770725693\n|move|p1a: Vaporeon|Protect|p1a: Vaporeon\n|-singleturn|p1a: Vaporeon|Protect\n|move|p1b: Gliscor|Earthquake|p2b: Gouging Fire|[spread] p2a,p2b\n|-activate|p1a: Vaporeon|move: Protect\n|-supereffective|p2b: Gouging Fire\n|-damage|p2a: Roaring Moon|0 fnt\n|-damage|p2b: Gouging Fire|47/281\n|faint|p2a: Roaring Moon\n|-end|p2a: Roaring Moon|Protosynthesis|[silent]\n|move|p2b: Gouging Fire|Dragon Claw|p1b: Gliscor\n|-damage|p1b: Gliscor|191/254 tox\n|\n|-heal|p1b: Gliscor|222/254 tox|[from] ability: Poison Heal\n|upkeep\n|-message|guilleurbano forfeited.\n|\n|win|Ditto TH\n|raw|Ditto TH's rating: 1494 &rarr; <strong>1517</strong><br />(+23 for winning)\n|raw|guilleurbano's rating: 1545 &rarr; <strong>1522</strong><br />(-23 for losing)\n|l|☆guilleurbano\n|player|p2|\n", "inputlog": ">version ccdc32dd7cde25fd9e4bed64820e885f66e78a4e\n>start {\"formatid\":\"gen9randomdoublesbattle\",\"seed\":\"sodium,df2323ed09c58bfff643fcca6fbec0b2\",\"rated\":\"Rated battle\"}\n>player p1 {\"name\":\"Ditto TH\",\"avatar\":\"2\",\"rating\":1494,\"seed\":\"sodium,a5f017ad0746d3feef456f420b522cff\"}\n>player p2 {\"name\":\"guilleurbano\",\"avatar\":\"n\",\"rating\":1545,\"seed\":\"sodium,dab3c4530ac488cfbde4f46ae5567fea\"}\n>p1 move poltergeist +2, move iciclecrash +2\n>p2 switch 6, move bravebird +1\n>p1 switch 6, pass\n>p2 pass, switch 6\n>p1 move muddywater, move highhorsepower +1 terastallize\n>p2 move heatwave, move thunderbolt +1\n>p2 switch 4, pass\n>p1 move icywind, move iciclecrash +1\n>p2 move powerwhip +2, move slackoff\n>p1 pass, switch 5\n>p1 move muddywater, move wickedblow +1\n>p2 move highjumpkick +2, move thunderbolt +1\n>p1 move muddywater, move wickedblow +2\n>p2 move powerwhip +1, move muddywater\n>p1 pass, switch 4\n>p1 move muddywater, move swordsdance\n>p2 switch 3, move slackoff\n>p2 pass, switch 5\n>p1 move icywind, move protect\n>p2 move breakingswipe, move burningbulwark\n>p1 move protect, move earthquake\n>p2 move acrobatics +1, move dragonclaw +2\n>forcelose p2", "uploadtime": 1770725708, "views": 57, "formatid": "gen9randomdoublesbattle", "rating": 1517, "private": 0, "password": null}