{"id": "gen9randomdoublesbattle-2538327005", "format": "[Gen 9] Random Doubles Battle", "players": ["godsend888", "cmadridmch"], "log": "|j|☆godsend888\n|j|☆cmadridmch\n|t:|1770917443\n|gametype|doubles\n|player|p1|godsend888|265|1732\n|player|p2|cmadridmch|102|1736\n|gen|9\n|tier|[Gen 9] Random Doubles Battle\n|rated|\n|rule|Species Clause: Limit one of each Pokémon\n|rule|HP Percentage Mod: HP is shown in percentages\n|rule|Illusion Level Mod: Illusion disguises the Pokémon's true level\n|rule|Sleep Clause Mod: Limit one foe put to sleep\n|\n|t:|1770917443\n|teamsize|p1|6\n|teamsize|p2|6\n|start\n|switch|p1a: Solgaleo|Solgaleo, L74|325/325\n|switch|p1b: Sableye|Sableye, L92, F|241/241\n|switch|p2a: Floatzel|Floatzel, L86, F|286/286\n|switch|p2b: Kyogre|Kyogre, L65|238/238\n|-weather|RainDance|[from] ability: Drizzle|[of] p2b: Kyogre\n|turn|1\n|inactive|Battle timer is ON: inactive players will automatically lose when time's up. (requested by cmadridmch)\n|\n|t:|1770917479\n|switch|p2b: Luxray|Luxray, L86, M|278/278\n|-ability|p2b: Luxray|Intimidate|boost\n|-fail|p1a: Solgaleo|unboost|[from] ability: Full Metal Body|[of] p1a: Solgaleo\n|-unboost|p1b: Sableye|atk|1\n|move|p1b: Sableye|Fake Out|p2b: Luxray\n|-damage|p2b: Luxray|259/278\n|move|p2a: Floatzel|Wave Crash|p1b: Sableye\n|-damage|p1b: Sableye|0 fnt\n|faint|p1b: Sableye\n|-damage|p2a: Floatzel|206/286|[from] Recoil\n|-damage|p2a: Floatzel|178/286|[from] item: Life Orb\n|move|p1a: Solgaleo|Flame Charge|p2a: Floatzel\n|-resisted|p2a: Floatzel\n|-damage|p2a: Floatzel|166/286\n|-boost|p1a: Solgaleo|spe|1\n|\n|-weather|RainDance|[upkeep]\n|upkeep\n|\n|t:|1770917489\n|switch|p1b: Salamence|Salamence, L80, F|283/283\n|-ability|p1b: Salamence|Intimidate|boost\n|-unboost|p2a: Floatzel|atk|1\n|-unboost|p2b: Luxray|atk|1\n|turn|2\n|inactive|godsend888 has 120 seconds left.\n|\n|t:|1770917527\n|move|p1a: Solgaleo|Close Combat|p2a: Floatzel\n|-damage|p2a: Floatzel|43/286\n|-unboost|p1a: Solgaleo|def|1\n|-unboost|p1a: Solgaleo|spd|1\n|move|p2a: Floatzel|Ice Spinner|p1b: Salamence\n|-supereffective|p1b: Salamence\n|-damage|p1b: Salamence|39/283\n|-damage|p2a: Floatzel|15/286|[from] item: Life Orb\n|move|p1b: Salamence|Draco Meteor|p2b: Luxray\n|-damage|p2b: Luxray|129/278\n|-unboost|p1b: Salamence|spa|2\n|-damage|p1b: Salamence|11/283|[from] item: Life Orb\n|move|p2b: Luxray|Wild Charge|p1a: Solgaleo\n|-damage|p1a: Solgaleo|211/325\n|-damage|p2b: Luxray|100/278|[from] Recoil\n|\n|-weather|RainDance|[upkeep]\n|upkeep\n|turn|3\n|inactive|godsend888 has 120 seconds left.\n|\n|t:|1770917549\n|switch|p1b: Electivire|Electivire, L86, F|269/269\n|move|p2a: Floatzel|Aqua Jet|p1b: Electivire\n|-damage|p1b: Electivire|187/269\n|-damage|p2a: Floatzel|0 fnt|[from] item: Life Orb\n|faint|p2a: Floatzel\n|move|p1a: Solgaleo|Flame Charge|p2b: Luxray\n|-damage|p2b: Luxray|81/278\n|-boost|p1a: Solgaleo|spe|1\n|move|p2b: Luxray|Wild Charge|p1a: Solgaleo\n|-damage|p1a: Solgaleo|100/325\n|-damage|p2b: Luxray|53/278|[from] Recoil\n|\n|-weather|RainDance|[upkeep]\n|upkeep\n|\n|t:|1770917570\n|switch|p2a: Iron Leaves|Iron Leaves, L81|278/278\n|-enditem|p2a: Iron Leaves|Booster Energy\n|-activate|p2a: Iron Leaves|ability: Quark Drive|[fromitem]\n|-start|p2a: Iron Leaves|quarkdriveatk\n|turn|4\n|\n|t:|1770917593\n|move|p2a: Iron Leaves|Protect|p2a: Iron Leaves\n|-singleturn|p2a: Iron Leaves|Protect\n|move|p1a: Solgaleo|Sunsteel Strike|p2a: Iron Leaves\n|-activate|p2a: Iron Leaves|move: Protect\n|move|p1b: Electivire|Knock Off|p2b: Luxray\n|-damage|p2b: Luxray|0 fnt\n|-enditem|p2b: Luxray|Assault Vest|[from] move: Knock Off|[of] p1b: Electivire\n|faint|p2b: Luxray\n|\n|-weather|RainDance|[upkeep]\n|upkeep\n|inactive|cmadridmch has 120 seconds left.\n|\n|t:|1770917609\n|switch|p2b: Smeargle|Smeargle, M|272/272\n|turn|5\n|\n|t:|1770917627\n|move|p1a: Solgaleo|Protect|p1a: Solgaleo\n|-singleturn|p1a: Solgaleo|Protect\n|move|p2b: Smeargle|Fake Out|p1a: Solgaleo\n|-activate|p1a: Solgaleo|move: Protect\n|move|p2a: Iron Leaves|Leaf Blade|p1a: Solgaleo\n|-activate|p1a: Solgaleo|move: Protect\n|move|p1b: Electivire|Knock Off|p2a: Iron Leaves\n|-supereffective|p2a: Iron Leaves\n|-damage|p2a: Iron Leaves|166/278\n|\n|-weather|none\n|upkeep\n|turn|6\n|\n|t:|1770917644\n|move|p2b: Smeargle|Follow Me|p2b: Smeargle\n|-singleturn|p2b: Smeargle|move: Follow Me\n|move|p1a: Solgaleo|Close Combat|p2b: Smeargle\n|-supereffective|p2b: Smeargle\n|-damage|p2b: Smeargle|10/272\n|-unboost|p1a: Solgaleo|def|1\n|-unboost|p1a: Solgaleo|spd|1\n|-enditem|p2b: Smeargle|Sitrus Berry|[eat]\n|-heal|p2b: Smeargle|78/272|[from] item: Sitrus Berry\n|move|p2a: Iron Leaves|Leaf Blade|p1a: Solgaleo\n|-resisted|p1a: Solgaleo\n|-damage|p1a: Solgaleo|0 fnt\n|faint|p1a: Solgaleo\n|move|p1b: Electivire|Knock Off|p2b: Smeargle\n|-damage|p2b: Smeargle|0 fnt\n|faint|p2b: Smeargle\n|\n|upkeep\n|\n|t:|1770917657\n|switch|p2b: Dialga|Dialga, L74|270/270\n|switch|p1a: Salamence|Salamence, L80, F|11/283\n|-ability|p1a: Salamence|Intimidate|boost\n|-unboost|p2a: Iron Leaves|atk|1\n|-unboost|p2b: Dialga|atk|1\n|turn|7\n|\n|t:|1770917674\n|move|p2a: Iron Leaves|Leaf Blade|p1a: Salamence\n|-resisted|p1a: Salamence\n|-damage|p1a: Salamence|0 fnt\n|faint|p1a: Salamence\n|move|p1b: Electivire|Knock Off|p2a: Iron Leaves\n|-supereffective|p2a: Iron Leaves\n|-damage|p2a: Iron Leaves|42/278\n|move|p2b: Dialga|Draco Meteor|p1b: Electivire\n|-damage|p1b: Electivire|75/269\n|-unboost|p2b: Dialga|spa|2\n|\n|upkeep\n|\n|t:|1770917684\n|switch|p1a: Smeargle|Smeargle, F|272/272\n|turn|8\n|\n|t:|1770917692\n|move|p2a: Iron Leaves|Protect|p2a: Iron Leaves\n|-singleturn|p2a: Iron Leaves|Protect\n|move|p2b: Dialga|Protect|p2b: Dialga\n|-singleturn|p2b: Dialga|Protect\n|move|p1b: Electivire|Cross Chop|p2b: Dialga\n|-activate|p2b: Dialga|move: Protect\n|move|p1a: Smeargle|No Retreat|p1a: Smeargle\n|-boost|p1a: Smeargle|atk|1\n|-boost|p1a: Smeargle|def|1\n|-boost|p1a: Smeargle|spa|1\n|-boost|p1a: Smeargle|spd|1\n|-boost|p1a: Smeargle|spe|1\n|-start|p1a: Smeargle|move: No Retreat\n|\n|upkeep\n|turn|9\n|\n|t:|1770917708\n|move|p1a: Smeargle|Baton Pass|p1a: Smeargle\n|\n|t:|1770917713\n|switch|p1a: Brambleghast|Brambleghast, L86, M|235/235|[from] Baton Pass\n|move|p2a: Iron Leaves|Close Combat|p1a: Brambleghast\n|-immune|p1a: Brambleghast\n|move|p1b: Electivire|Cross Chop|p2b: Dialga\n|-supereffective|p2b: Dialga\n|-crit|p2b: Dialga\n|-damage|p2b: Dialga|30/270\n|-enditem|p2b: Dialga|Sitrus Berry|[eat]\n|-heal|p2b: Dialga|97/270|[from] item: Sitrus Berry\n|move|p2b: Dialga|Draco Meteor|p1b: Electivire\n|-damage|p1b: Electivire|26/269\n|-unboost|p2b: Dialga|spa|2\n|\n|upkeep\n|turn|10\n|\n|t:|1770917734\n|move|p1a: Brambleghast|Rapid Spin|p2a: Iron Leaves\n|-damage|p2a: Iron Leaves|0 fnt\n|-boost|p1a: Brambleghast|spe|1\n|faint|p2a: Iron Leaves\n|-end|p2a: Iron Leaves|Quark Drive|[silent]\n|move|p1b: Electivire|Cross Chop|p2b: Dialga\n|-supereffective|p2b: Dialga\n|-crit|p2b: Dialga\n|-damage|p2b: Dialga|0 fnt\n|faint|p2b: Dialga\n|\n|upkeep\n|\n|t:|1770917738\n|switch|p2a: Kyogre|Kyogre, L65|238/238\n|-weather|RainDance|[from] ability: Drizzle|[of] p2a: Kyogre\n|turn|11\n|\n|t:|1770917747\n|-terastallize|p2a: Kyogre|Water\n|move|p1a: Brambleghast|Power Whip|p2a: Kyogre\n|-supereffective|p2a: Kyogre\n|-damage|p2a: Kyogre|0 fnt\n|faint|p2a: Kyogre\n|\n|win|godsend888\n|raw|godsend888's rating: 1732 &rarr; <strong>1752</strong><br />(+20 for winning)\n|raw|cmadridmch's rating: 1736 &rarr; <strong>1716</strong><br />(-20 for losing)\n|l|☆cmadridmch\n|player|p2|\n|l|☆godsend888\n|player|p1|\n|j|☆godsend888\n|player|p1|godsend888|265|\n", "inputlog": ">version ccdc32dd7cde25fd9e4bed64820e885f66e78a4e\n>start {\"formatid\":\"gen9randomdoublesbattle\",\"seed\":\"sodium,e5df3b1319bfdcff792dc58c09735eaa\",\"rated\":\"Rated battle\"}\n>player p1 {\"name\":\"godsend888\",\"avatar\":\"265\",\"rating\":1732,\"seed\":\"sodium,9b75cc8e6f5a29c0ff3b9afb07b62a09\"}\n>player p2 {\"name\":\"cmadridmch\",\"avatar\":\"102\",\"rating\":1736,\"seed\":\"sodium,713501cb74025ff0fb0a2457ccdd82da\"}\n>p1 move flamecharge +1, move fakeout +2\n>p2 move wavecrash +2, switch 5\n>p1 pass, switch 5\n>p1 move closecombat +1, move dracometeor +2\n>p2 move icespinner +2, move wildcharge +1\n>p1 move flamecharge +1, switch 6\n>p2 move aquajet +2, move wildcharge +1\n>p2 switch 4, pass\n>p1 move sunsteelstrike +1, move knockoff +2\n>p2 move protect, move wildcharge +1\n>p2 pass, switch 6\n>p1 move protect, move knockoff +1\n>p2 move leafblade +1, move fakeout +1\n>p1 move closecombat +2, move knockoff +1\n>p2 move leafblade +1, move followme\n>p1 switch 6, pass\n>p2 pass, switch 3\n>p1 move tailwind, move knockoff +1\n>p2 move leafblade +1, move dracometeor +2\n>p1 switch 3, pass\n>p1 move noretreat, move crosschop +2\n>p2 move protect, move protect\n>p1 move batonpass, move crosschop +2\n>p2 move closecombat +1, move dracometeor +2\n>p1 switch 4, pass\n>p1 move rapidspin +1, move crosschop +2\n>p2 move psyblade +2, move heavyslam +1\n>p2 switch 5, pass\n>p1 move powerwhip +1, move wildcharge +1\n>p2 move originpulse terastallize, pass", "uploadtime": 1770917770, "views": 88, "formatid": "gen9randomdoublesbattle", "rating": 1716, "private": 0, "password": null}