{"id": "gen9randomdoublesbattle-2538375505", "format": "[Gen 9] Random Doubles Battle", "players": ["dualityyuri", "JaxAG"], "log": "|j|☆dualityyuri\n|j|☆JaxAG\n|t:|1770921844\n|gametype|doubles\n|player|p1|dualityyuri|n|1566\n|player|p2|JaxAG|unknown|1653\n|gen|9\n|tier|[Gen 9] Random Doubles Battle\n|rated|\n|rule|Species Clause: Limit one of each Pokémon\n|rule|HP Percentage Mod: HP is shown in percentages\n|rule|Illusion Level Mod: Illusion disguises the Pokémon's true level\n|rule|Sleep Clause Mod: Limit one foe put to sleep\n|\n|t:|1770921844\n|teamsize|p1|6\n|teamsize|p2|6\n|start\n|switch|p1a: Hydreigon|Hydreigon, L82, F|285/285\n|switch|p1b: Rampardos|Rampardos, L87, F|311/311\n|switch|p2a: Vigoroth|Vigoroth, L91, F|293/293\n|switch|p2b: Golduck|Golduck, L91, F|293/293\n|-ability|p2b: Golduck|Cloud Nine\n|turn|1\n|inactive|Battle timer is ON: inactive players will automatically lose when time's up. (requested by dualityyuri)\n|\n|t:|1770921869\n|move|p2b: Golduck|Protect|p2b: Golduck\n|-singleturn|p2b: Golduck|Protect\n|move|p1b: Rampardos|Rock Slide|p2a: Vigoroth|[spread] \n|-activate|p2b: Golduck|move: Protect\n|-miss|p1b: Rampardos|p2a: Vigoroth\n|move|p2a: Vigoroth|Icy Wind|p1a: Hydreigon|[spread] p1a,p1b\n|-supereffective|p1a: Hydreigon\n|-damage|p1a: Hydreigon|243/285\n|-damage|p1b: Rampardos|277/311\n|-unboost|p1a: Hydreigon|spe|1\n|-unboost|p1b: Rampardos|spe|1\n|move|p1a: Hydreigon|Snarl|p2a: Vigoroth|[spread] p2a\n|-activate|p2b: Golduck|move: Protect\n|-damage|p2a: Vigoroth|235/293\n|-unboost|p2a: Vigoroth|spa|1\n|-damage|p1a: Hydreigon|215/285|[from] item: Life Orb\n|\n|upkeep\n|turn|2\n|\n|t:|1770921894\n|switch|p1b: Trevenant|Trevenant, L88, F|293/293\n|switch|p1a: Magnezone|Magnezone, L84|255/255\n|move|p2a: Vigoroth|Body Slam|p1a: Magnezone\n|-resisted|p1a: Magnezone\n|-damage|p1a: Magnezone|219/255\n|move|p2b: Golduck|Hydro Pump|p1b: Trevenant\n|-resisted|p1b: Trevenant\n|-damage|p1b: Trevenant|220/293\n|\n|upkeep\n|turn|3\n|\n|t:|1770921916\n|switch|p2b: Froslass|Froslass, L88, F|266/266\n|move|p1b: Trevenant|Protect|p1b: Trevenant\n|-singleturn|p1b: Trevenant|Protect\n|move|p2a: Vigoroth|Knock Off|p1b: Trevenant\n|-activate|p1b: Trevenant|move: Protect\n|move|p1a: Magnezone|Electroweb|p2a: Vigoroth|[spread] p2a,p2b\n|-damage|p2a: Vigoroth|186/293\n|-damage|p2b: Froslass|203/266\n|-unboost|p2a: Vigoroth|spe|1\n|-unboost|p2b: Froslass|spe|1\n|\n|upkeep\n|turn|4\n|\n|t:|1770921942\n|switch|p1b: Hydreigon|Hydreigon, L82, F|215/285\n|move|p2b: Froslass|Will-O-Wisp|p1b: Hydreigon\n|-status|p1b: Hydreigon|brn\n|move|p1a: Magnezone|Electroweb|p2b: Froslass|[spread] p2a,p2b\n|-damage|p2a: Vigoroth|140/293\n|-damage|p2b: Froslass|143/266\n|-unboost|p2a: Vigoroth|spe|1\n|-unboost|p2b: Froslass|spe|1\n|-start|p1a: Magnezone|Disable|Electroweb|[from] ability: Cursed Body|[of] p2b: Froslass\n|move|p2a: Vigoroth|Knock Off|p1a: Magnezone\n|-damage|p1a: Magnezone|158/255\n|-enditem|p1a: Magnezone|Assault Vest|[from] move: Knock Off|[of] p2a: Vigoroth\n|\n|-damage|p1b: Hydreigon|198/285 brn|[from] brn\n|upkeep\n|turn|5\n|inactive|JaxAG has 120 seconds left.\n|\n|t:|1770921991\n|switch|p2b: Jumpluff|Jumpluff, L92, M|287/287\n|move|p1b: Hydreigon|Dark Pulse|p2a: Vigoroth\n|-damage|p2a: Vigoroth|33/293\n|-damage|p1b: Hydreigon|170/285 brn|[from] item: Life Orb\n|move|p1a: Magnezone|Flash Cannon|p2b: Jumpluff\n|-damage|p2b: Jumpluff|194/287\n|move|p2a: Vigoroth|Icy Wind|p1b: Hydreigon|[spread] p1a,p1b\n|-resisted|p1a: Magnezone\n|-supereffective|p1b: Hydreigon\n|-damage|p1a: Magnezone|151/255\n|-damage|p1b: Hydreigon|138/285 brn\n|-unboost|p1a: Magnezone|spe|1\n|-unboost|p1b: Hydreigon|spe|1\n|\n|-damage|p1b: Hydreigon|121/285 brn|[from] brn\n|upkeep\n|turn|6\n|inactive|JaxAG has 120 seconds left.\n|inactive|dualityyuri has 120 seconds left.\n|\n|t:|1770922030\n|move|p2b: Jumpluff|Encore|p1a: Magnezone\n|-start|p1a: Magnezone|Encore\n|move|p1b: Hydreigon|Snarl|p2b: Jumpluff|[spread] p2b\n|-miss|p1b: Hydreigon|p2a: Vigoroth\n|-damage|p2b: Jumpluff|138/287\n|-unboost|p2b: Jumpluff|spa|1\n|-damage|p1b: Hydreigon|93/285 brn|[from] item: Life Orb\n|move|p2a: Vigoroth|Body Slam|p1b: Hydreigon\n|-damage|p1b: Hydreigon|6/285 brn\n|move|p1a: Magnezone|Flash Cannon|p2b: Jumpluff\n|-damage|p2b: Jumpluff|54/287\n|\n|-damage|p1b: Hydreigon|0 fnt|[from] brn\n|faint|p1b: Hydreigon\n|upkeep\n|\n|t:|1770922049\n|switch|p1b: Entei|Entei, L77|304/304\n|turn|7\n|inactive|JaxAG has 120 seconds left.\n|\n|t:|1770922085\n|move|p1b: Entei|Extreme Speed|p2b: Jumpluff\n|-damage|p2b: Jumpluff|0 fnt\n|faint|p2b: Jumpluff\n|move|p2a: Vigoroth|Knock Off|p1a: Magnezone\n|-damage|p1a: Magnezone|113/255\n|move|p1a: Magnezone|Flash Cannon|p2a: Vigoroth\n|-damage|p2a: Vigoroth|0 fnt\n|faint|p2a: Vigoroth\n|\n|-end|p1a: Magnezone|Disable\n|upkeep\n|inactive|JaxAG has 90 seconds left.\n|\n|t:|1770922099\n|switch|p2b: Golduck|Golduck, L91, F|293/293\n|switch|p2a: Hawlucha|Hawlucha, L84, F|268/268\n|-ability|p2b: Golduck|Cloud Nine\n|turn|8\n|inactive|dualityyuri has 120 seconds left.\n|\n|t:|1770922132\n|switch|p1b: Oranguru|Oranguru, L90, F|308/308\n|switch|p1a: Trevenant|Trevenant, L88, F|220/293\n|move|p2a: Hawlucha|Swords Dance|p2a: Hawlucha\n|-boost|p2a: Hawlucha|atk|2\n|move|p2b: Golduck|Hydro Pump|p1a: Trevenant|[miss]\n|-miss|p2b: Golduck|p1a: Trevenant\n|\n|upkeep\n|turn|9\n|inactive|JaxAG has 120 seconds left.\n|\n|t:|1770922157\n|move|p1a: Trevenant|Protect|p1a: Trevenant\n|-singleturn|p1a: Trevenant|Protect\n|move|p2a: Hawlucha|Close Combat|p1b: Oranguru\n|-damage|p1b: Oranguru|61/308\n|-unboost|p2a: Hawlucha|def|1\n|-unboost|p2a: Hawlucha|spd|1\n|-enditem|p1b: Oranguru|Sitrus Berry|[eat]\n|-heal|p1b: Oranguru|138/308|[from] item: Sitrus Berry\n|-enditem|p2a: Hawlucha|White Herb\n|-clearnegativeboost|p2a: Hawlucha|[silent]\n|move|p2b: Golduck|Hydro Pump|p1b: Oranguru\n|-damage|p1b: Oranguru|26/308\n|move|p1b: Oranguru|Trick Room|p1b: Oranguru\n|-fieldstart|move: Trick Room|[of] p1b: Oranguru\n|\n|upkeep\n|turn|10\n|inactive|JaxAG has 120 seconds left.\n|\n|t:|1770922176\n|switch|p2b: Entei|Entei, L77|304/304\n|move|p2a: Hawlucha|Protect|p2a: Hawlucha\n|-singleturn|p2a: Hawlucha|Protect\n|move|p1a: Trevenant|Wood Hammer|p2b: Entei\n|-resisted|p2b: Entei\n|-damage|p2b: Entei|225/304\n|-damage|p1a: Trevenant|194/293|[from] Recoil\n|move|p1b: Oranguru|Psychic|p2a: Hawlucha\n|-activate|p2a: Hawlucha|move: Protect\n|\n|upkeep\n|turn|11\n|\n|t:|1770922192\n|switch|p1b: Magnezone|Magnezone, L84|113/255\n|move|p2b: Entei|Extreme Speed|p1b: Magnezone\n|-resisted|p1b: Magnezone\n|-damage|p1b: Magnezone|79/255\n|move|p1a: Trevenant|Poltergeist|p2b: Entei|[miss]\n|-miss|p1a: Trevenant|p2b: Entei\n|move|p2a: Hawlucha|Brave Bird|p1a: Trevenant\n|-supereffective|p1a: Trevenant\n|-damage|p1a: Trevenant|0 fnt\n|faint|p1a: Trevenant\n|-damage|p2a: Hawlucha|204/268|[from] Recoil\n|\n|upkeep\n|\n|t:|1770922209\n|switch|p1a: Rampardos|Rampardos, L87, F|277/311\n|turn|12\n|\n|t:|1770922222\n|switch|p2b: Golduck|Golduck, L91, F|293/293\n|-ability|p2b: Golduck|Cloud Nine\n|move|p2a: Hawlucha|Protect|p2a: Hawlucha\n|-singleturn|p2a: Hawlucha|Protect\n|move|p1b: Magnezone|Thunderbolt|p2a: Hawlucha\n|-activate|p2a: Hawlucha|move: Protect\n|move|p1a: Rampardos|Rock Slide|p2a: Hawlucha|[spread] \n|-activate|p2a: Hawlucha|move: Protect\n|-miss|p1a: Rampardos|p2b: Golduck\n|\n|upkeep\n|turn|13\n|inactive|JaxAG has 120 seconds left.\n|\n|t:|1770922261\n|switch|p1a: Entei|Entei, L77|304/304\n|-terastallize|p2a: Hawlucha|Fire\n|move|p1b: Magnezone|Thunderbolt|p2a: Hawlucha\n|-damage|p2a: Hawlucha|41/268\n|move|p2b: Golduck|Hydro Pump|p1a: Entei\n|-supereffective|p1a: Entei\n|-damage|p1a: Entei|0 fnt\n|faint|p1a: Entei\n|move|p2a: Hawlucha|Close Combat|p1b: Magnezone\n|-supereffective|p1b: Magnezone\n|-damage|p1b: Magnezone|0 fnt\n|-unboost|p2a: Hawlucha|def|1\n|-unboost|p2a: Hawlucha|spd|1\n|faint|p1b: Magnezone\n|\n|-fieldend|move: Trick Room\n|upkeep\n|\n|t:|1770922276\n|switch|p1a: Rampardos|Rampardos, L87, F|277/311\n|switch|p1b: Oranguru|Oranguru, L90, F|26/308\n|turn|14\n|\n|t:|1770922288\n|move|p2a: Hawlucha|Close Combat|p1a: Rampardos\n|-supereffective|p1a: Rampardos\n|-damage|p1a: Rampardos|0 fnt\n|-unboost|p2a: Hawlucha|def|1\n|-unboost|p2a: Hawlucha|spd|1\n|faint|p1a: Rampardos\n|move|p2b: Golduck|Grass Knot|p1b: Oranguru\n|-damage|p1b: Oranguru|0 fnt\n|faint|p1b: Oranguru\n|\n|win|JaxAG\n|raw|dualityyuri's rating: 1566 &rarr; <strong>1551</strong><br />(-15 for losing)\n|raw|JaxAG's rating: 1653 &rarr; <strong>1668</strong><br />(+15 for winning)\n|l|☆dualityyuri\n|player|p1|\n", "inputlog": ">version ccdc32dd7cde25fd9e4bed64820e885f66e78a4e\n>start {\"formatid\":\"gen9randomdoublesbattle\",\"seed\":\"sodium,e9dbbaab2d6ee4f3cced678d6ef3d0ce\",\"rated\":\"Rated battle\"}\n>player p1 {\"name\":\"dualityyuri\",\"avatar\":\"n\",\"rating\":1566,\"seed\":\"sodium,6f330bdfa88b0a61f0f68075705cf4de\"}\n>player p2 {\"name\":\"JaxAG\",\"avatar\":\"unknown\",\"rating\":1653,\"seed\":\"sodium,25c0b472e29f014fdb9fbda88b504397\"}\n>p1 move snarl, move rockslide\n>p2 move icywind, move protect\n>p1 switch 4, switch 3\n>p2 move bodyslam +1, move hydropump +2\n>p1 move electroweb, move protect\n>p2 move knockoff +2, switch 6\n>p1 move electroweb, switch 4\n>p2 move knockoff +1, move willowisp +2\n>p1 move flashcannon +2, move darkpulse +1\n>p2 move icywind, switch 3\n>p1 move thunderbolt +2, move snarl\n>p2 move bodyslam +2, move encore +1\n>p1 pass, switch 5\n>p1 move flashcannon +1, move extremespeed +2\n>p2 move knockoff +1, move sleeppowder +2\n>p2 switch 4, switch 6\n>p1 switch 4, switch 6\n>p2 move swordsdance, move hydropump +1\n>p1 move protect, move trickroom\n>p2 move closecombat +2, move hydropump +2\n>p1 move woodhammer +2, move psychic +1\n>p2 move protect, switch 5\n>p1 move poltergeist +2, switch 4\n>p2 move bravebird +1, move extremespeed +2\n>p1 switch 3, pass\n>p1 move rockslide, move thunderbolt +1\n>p2 move protect, switch 5\n>p1 switch 6, move thunderbolt +1\n>p2 move closecombat +2 terastallize, move hydropump +1\n>p1 switch 6, switch 4\n>p1 move rockslide, move hypervoice\n>p2 move closecombat +1, move grassknot +2", "uploadtime": 1770922301, "views": 75, "formatid": "gen9randomdoublesbattle", "rating": 1551, "private": 0, "password": null}