{"id": "gen9randomdoublesbattle-2535844319", "format": "[Gen 9] Random Doubles Battle", "players": ["Amcritchie", "baseballlover"], "log": "|j|☆Amcritchie\n|j|☆baseballlover\n|t:|1770618926\n|gametype|doubles\n|player|p1|Amcritchie|1|1685\n|player|p2|baseballlover|2|1591\n|gen|9\n|tier|[Gen 9] Random Doubles Battle\n|rated|\n|rule|Species Clause: Limit one of each Pokémon\n|rule|HP Percentage Mod: HP is shown in percentages\n|rule|Illusion Level Mod: Illusion disguises the Pokémon's true level\n|rule|Sleep Clause Mod: Limit one foe put to sleep\n|\n|t:|1770618926\n|teamsize|p1|6\n|teamsize|p2|6\n|start\n|switch|p1a: Inteleon|Inteleon, L78, M|237/237\n|switch|p1b: Bronzong|Bronzong, L87|258/258\n|switch|p2a: Latias|Latias, L80, F|259/259\n|switch|p2b: Iron Treads|Iron Treads, L81|278/278\n|turn|1\n|inactive|Battle timer is ON: inactive players will automatically lose when time's up. (requested by baseballlover)\n|\n|t:|1770618956\n|move|p1a: Inteleon|Muddy Water|p2b: Iron Treads|[spread] p2a,p2b\n|-resisted|p2a: Latias\n|-supereffective|p2b: Iron Treads\n|-damage|p2a: Latias|214/259\n|-damage|p2b: Iron Treads|80/278\n|-unboost|p2a: Latias|accuracy|1\n|-unboost|p2b: Iron Treads|accuracy|1\n|move|p2a: Latias|Mist Ball|p1a: Inteleon|[miss]\n|-miss|p2a: Latias|p1a: Inteleon\n|move|p2b: Iron Treads|Knock Off|p1b: Bronzong|[miss]\n|-miss|p2b: Iron Treads|p1b: Bronzong\n|move|p1b: Bronzong|Iron Defense|p1b: Bronzong\n|-boost|p1b: Bronzong|def|2\n|\n|upkeep\n|turn|2\n|inactive|baseballlover has 120 seconds left.\n|\n|t:|1770619000\n|switch|p2a: Oinkologne|Oinkologne, L92, M|352/352\n|-end|p2b: Iron Treads|Quark Drive|[silent]\n|switch|p2b: Volcanion|Volcanion, L75|244/244\n|move|p1a: Inteleon|Muddy Water|p2b: Volcanion|[spread] \n|-immune|p2b: Volcanion|[from] ability: Water Absorb\n|-miss|p1a: Inteleon|p2a: Oinkologne\n|move|p1b: Bronzong|Iron Defense|p1b: Bronzong\n|-boost|p1b: Bronzong|def|2\n|\n|upkeep\n|turn|3\n|inactive|baseballlover has 120 seconds left.\n|inactive|Amcritchie has 120 seconds left.\n|\n|t:|1770619042\n|move|p1a: Inteleon|Muddy Water|p2a: Oinkologne|[spread] p2a\n|-immune|p2b: Volcanion|[from] ability: Water Absorb\n|-damage|p2a: Oinkologne|234/352\n|-unboost|p2a: Oinkologne|accuracy|1\n|move|p2a: Oinkologne|Double-Edge|p1a: Inteleon\n|-damage|p1a: Inteleon|0 fnt\n|faint|p1a: Inteleon\n|-damage|p2a: Oinkologne|156/352|[from] Recoil\n|move|p2b: Volcanion|Steam Eruption|p1b: Bronzong\n|-damage|p1b: Bronzong|156/258\n|move|p1b: Bronzong|Trick Room|p1b: Bronzong\n|-fieldstart|move: Trick Room|[of] p1b: Bronzong\n|\n|-heal|p1b: Bronzong|172/258|[from] item: Leftovers\n|upkeep\n|\n|t:|1770619064\n|switch|p1a: Banette|Banette, L94, M|273/273\n|-item|p2a: Oinkologne|Choice Band|[from] ability: Frisk|[of] p1a: Banette\n|-item|p2b: Volcanion|Sitrus Berry|[from] ability: Frisk|[of] p1a: Banette\n|turn|4\n|\n|t:|1770619087\n|switch|p2a: Eternatus|Eternatus, L70|312/312\n|-ability|p2a: Eternatus|Pressure\n|move|p1a: Banette|Shadow Sneak|p2b: Volcanion\n|-damage|p2b: Volcanion|180/244\n|-damage|p1a: Banette|246/273|[from] item: Life Orb\n|move|p1b: Bronzong|Body Press|p2b: Volcanion\n|-damage|p2b: Volcanion|2/244\n|-enditem|p2b: Volcanion|Sitrus Berry|[eat]\n|-heal|p2b: Volcanion|63/244|[from] item: Sitrus Berry\n|move|p2b: Volcanion|Heat Wave|p1b: Bronzong|[spread] p1a,p1b\n|-supereffective|p1b: Bronzong\n|-damage|p1a: Banette|159/273\n|-damage|p1b: Bronzong|62/258\n|-status|p1a: Banette|brn\n|\n|-heal|p1b: Bronzong|78/258|[from] item: Leftovers\n|-damage|p1a: Banette|142/273 brn|[from] brn\n|upkeep\n|turn|5\n|inactive|Amcritchie has 120 seconds left.\n|\n|t:|1770619122\n|move|p2b: Volcanion|Protect|p2b: Volcanion\n|-singleturn|p2b: Volcanion|Protect\n|move|p1b: Bronzong|Psychic Noise|p2a: Eternatus\n|-supereffective|p2a: Eternatus\n|-damage|p2a: Eternatus|132/312\n|-start|p2a: Eternatus|move: Heal Block\n|move|p1a: Banette|Gunk Shot|p2b: Volcanion\n|-activate|p2b: Volcanion|move: Protect\n|move|p2a: Eternatus|Fire Blast|p1b: Bronzong\n|-supereffective|p1b: Bronzong\n|-damage|p1b: Bronzong|0 fnt\n|faint|p1b: Bronzong\n|\n|-damage|p1a: Banette|125/273 brn|[from] brn\n|upkeep\n|\n|t:|1770619134\n|switch|p1b: Vileplume|Vileplume, L89, F|278/278\n|turn|6\n|inactive|baseballlover has 120 seconds left.\n|\n|t:|1770619165\n|move|p1b: Vileplume|Sludge Bomb|p2b: Volcanion\n|-damage|p2b: Volcanion|0 fnt\n|faint|p2b: Volcanion\n|move|p1a: Banette|Poltergeist|p2a: Eternatus\n|-activate|p2a: Eternatus|move: Poltergeist|Power Herb\n|-damage|p2a: Eternatus|19/312\n|-damage|p1a: Banette|98/273 brn|[from] item: Life Orb\n|move|p2a: Eternatus|Fire Blast|p1b: Vileplume\n|-supereffective|p1b: Vileplume\n|-damage|p1b: Vileplume|128/278\n|-status|p1b: Vileplume|brn\n|-enditem|p1b: Vileplume|Sitrus Berry|[eat]\n|-heal|p1b: Vileplume|197/278 brn|[from] item: Sitrus Berry\n|\n|-damage|p1b: Vileplume|180/278 brn|[from] brn\n|-damage|p1a: Banette|81/273 brn|[from] brn\n|-end|p2a: Eternatus|move: Heal Block\n|upkeep\n|inactive|baseballlover has 120 seconds left.\n|\n|t:|1770619189\n|switch|p2b: Latias|Latias, L80, F|214/259\n|turn|7\n|inactive|Amcritchie has 120 seconds left.\n|\n|t:|1770619210\n|-terastallize|p1b: Vileplume|Steel\n|move|p2b: Latias|Protect|p2b: Latias\n|-singleturn|p2b: Latias|Protect\n|move|p2a: Eternatus|Protect|p2a: Eternatus\n|-singleturn|p2a: Eternatus|Protect\n|move|p1b: Vileplume|Sludge Bomb|p2a: Eternatus\n|-activate|p2a: Eternatus|move: Protect\n|move|p1a: Banette|Poltergeist|p2b: Latias\n|-activate|p2b: Latias|move: Protect\n|\n|-damage|p1b: Vileplume|163/278 brn|[from] brn\n|-damage|p1a: Banette|64/273 brn|[from] brn\n|-fieldend|move: Trick Room\n|upkeep\n|turn|8\n|\n|t:|1770619234\n|move|p1a: Banette|Shadow Sneak|p2a: Eternatus\n|-damage|p2a: Eternatus|0 fnt\n|faint|p2a: Eternatus\n|-damage|p1a: Banette|37/273 brn|[from] item: Life Orb\n|move|p2b: Latias|Mist Ball|p1a: Banette\n|-damage|p1a: Banette|0 fnt\n|faint|p1a: Banette\n|move|p1b: Vileplume|Strength Sap|p2b: Latias\n|-unboost|p2b: Latias|atk|1\n|-heal|p1b: Vileplume|278/278 brn\n|\n|-damage|p1b: Vileplume|261/278 brn|[from] brn\n|upkeep\n|\n|t:|1770619244\n|switch|p2a: Iron Treads|Iron Treads, L81|80/278\n|switch|p1a: Tatsugiri|Tatsugiri, L84, M|251/251\n|turn|9\n|\n|t:|1770619266\n|switch|p1b: Virizion|Virizion, L86|297/297\n|move|p2b: Latias|Draco Meteor|p1a: Tatsugiri|[miss]\n|-miss|p2b: Latias|p1a: Tatsugiri\n|move|p2a: Iron Treads|High Horsepower|p1b: Virizion\n|-resisted|p1b: Virizion\n|-damage|p1b: Virizion|235/297\n|move|p1a: Tatsugiri|Muddy Water|p2b: Latias|[spread] p2a,p2b\n|-supereffective|p2a: Iron Treads\n|-resisted|p2b: Latias\n|-damage|p2a: Iron Treads|0 fnt\n|-damage|p2b: Latias|184/259\n|faint|p2a: Iron Treads\n|-end|p2a: Iron Treads|Quark Drive|[silent]\n|\n|upkeep\n|inactive|baseballlover has 120 seconds left.\n|inactive|baseballlover has 90 seconds left.\n|\n|t:|1770619316\n|switch|p2a: Calyrex|Calyrex-Ice, L65|238/238\n|-ability|p2a: Calyrex|As One\n|-ability|p2a: Calyrex|Unnerve\n|turn|10\n|inactive|Amcritchie has 120 seconds left.\n|\n|t:|1770619371\n|move|p1b: Virizion|Leaf Storm|p2a: Calyrex\n|-damage|p2a: Calyrex|117/238\n|-unboost|p1b: Virizion|spa|2\n|move|p2b: Latias|Draco Meteor|p1a: Tatsugiri\n|-supereffective|p1a: Tatsugiri\n|-damage|p1a: Tatsugiri|21/251\n|-unboost|p2b: Latias|spa|2\n|move|p1a: Tatsugiri|Draco Meteor|p2b: Latias\n|-supereffective|p2b: Latias\n|-damage|p2b: Latias|0 fnt\n|-unboost|p1a: Tatsugiri|spa|2\n|faint|p2b: Latias\n|move|p2a: Calyrex|Trick Room|p2a: Calyrex\n|-fieldstart|move: Trick Room|[of] p2a: Calyrex\n|\n|upkeep\n|\n|t:|1770619385\n|switch|p2b: Oinkologne|Oinkologne, L92, M|156/352\n|turn|11\n|inactive|baseballlover has 120 seconds left.\n|inactive|Amcritchie has 120 seconds left.\n|\n|t:|1770619401\n|switch|p1a: Vileplume|Vileplume, L89, F, tera:Steel|261/278 brn\n|move|p2a: Calyrex|Glacial Lance|p1b: Virizion|[spread] p1a,p1b\n|-resisted|p1a: Vileplume\n|-supereffective|p1b: Virizion\n|-damage|p1a: Vileplume|219/278 brn\n|-damage|p1b: Virizion|11/297\n|move|p2b: Oinkologne|Double-Edge|p1b: Virizion\n|-damage|p1b: Virizion|0 fnt\n|faint|p1b: Virizion\n|-damage|p2b: Oinkologne|152/352|[from] Recoil\n|\n|-damage|p1a: Vileplume|202/278 brn|[from] brn\n|upkeep\n|\n|t:|1770619411\n|switch|p1b: Tatsugiri|Tatsugiri, L84, M|21/251\n|turn|12\n|\n|t:|1770619427\n|move|p2a: Calyrex|Glacial Lance|p1a: Vileplume|[spread] p1a,p1b\n|-resisted|p1a: Vileplume\n|-crit|p1a: Vileplume\n|-damage|p1a: Vileplume|138/278 brn\n|-damage|p1b: Tatsugiri|0 fnt\n|faint|p1b: Tatsugiri\n|-ability|p2a: Calyrex|Chilling Neigh|boost\n|-boost|p2a: Calyrex|atk|1\n|move|p1a: Vileplume|Strength Sap|p2a: Calyrex\n|-unboost|p2a: Calyrex|atk|1\n|-heal|p1a: Vileplume|278/278 brn\n|move|p2b: Oinkologne|Double-Edge|p1a: Vileplume\n|-resisted|p1a: Vileplume\n|-damage|p1a: Vileplume|176/278 brn\n|-damage|p2b: Oinkologne|118/352|[from] Recoil\n|\n|-damage|p1a: Vileplume|159/278 brn|[from] brn\n|upkeep\n|turn|13\n|inactive|baseballlover has 120 seconds left.\n|inactive|baseballlover has 90 seconds left.\n|\n|t:|1770619491\n|-terastallize|p2a: Calyrex|Ground\n|move|p2a: Calyrex|High Horsepower|p1a: Vileplume\n|-supereffective|p1a: Vileplume\n|-damage|p1a: Vileplume|0 fnt\n|faint|p1a: Vileplume\n|\n|win|baseballlover\n|raw|Amcritchie's rating: 1685 &rarr; <strong>1660</strong><br />(-25 for losing)\n|raw|baseballlover's rating: 1591 &rarr; <strong>1616</strong><br />(+25 for winning)\n", "inputlog": ">version ccdc32dd7cde25fd9e4bed64820e885f66e78a4e\n>start {\"formatid\":\"gen9randomdoublesbattle\",\"seed\":\"sodium,c254b015b10d42c2be2e4884a53b05ca\",\"rated\":\"Rated battle\"}\n>player p1 {\"name\":\"Amcritchie\",\"avatar\":\"1\",\"rating\":1685,\"seed\":\"sodium,9c1946a64cfbe10ea8510406d44f58ef\"}\n>player p2 {\"name\":\"baseballlover\",\"avatar\":\"2\",\"rating\":1591,\"seed\":\"sodium,82bf37f5c3832784861ea7e682b40dde\"}\n>p1 move muddywater, move irondefense\n>p2 move mistball +1, move knockoff +2\n>p1 move muddywater, move irondefense\n>p2 switch 3, switch 6\n>p1 move muddywater, move trickroom\n>p2 move doubleedge +1, move steameruption +2\n>p1 switch 6, pass\n>p1 move shadowsneak +2, move bodypress +2\n>p2 switch 5, move heatwave\n>p1 move gunkshot +2, move psychicnoise +1\n>p2 move fireblast +2, move protect\n>p1 pass, switch 4\n>p1 move poltergeist +1, move sludgebomb +2\n>p2 move fireblast +2, move heatwave\n>p2 pass, switch 3\n>p1 move poltergeist +2, move sludgebomb +1 terastallize\n>p2 move protect, move protect\n>p1 move shadowsneak +1, move strengthsap +2\n>p2 move fireblast +2, move mistball +1\n>p1 switch 5, pass\n>p2 switch 6, pass\n>p1 move muddywater, switch 3\n>p2 move highhorsepower +2, move dracometeor +1\n>p2 switch 4, pass\n>p1 move dracometeor +2, move leafstorm +1\n>p2 move trickroom, move dracometeor +1\n>p2 pass, switch 5\n>p1 switch 3, move coaching -1\n>p2 move glaciallance, move doubleedge +2\n>p1 pass, switch 3\n>p1 move strengthsap +1, move dracometeor +2\n>p2 move glaciallance, move doubleedge +1\n>p1 move strengthsap +1, pass\n>p2 move highhorsepower +1 terastallize, move doubleedge +1", "uploadtime": 1770619491, "views": 66, "formatid": "gen9randomdoublesbattle", "rating": 1616, "private": 0, "password": null}