{"id": "gen9randomdoublesbattle-2534180435", "format": "[Gen 9] Random Doubles Battle", "players": ["AddledAnorak", "Hvxd"], "log": "|j|☆AddledAnorak\n|j|☆Hvxd\n|t:|1770395349\n|gametype|doubles\n|player|p1|AddledAnorak|lucas|1639\n|player|p2|Hvxd|2|1809\n|gen|9\n|tier|[Gen 9] Random Doubles Battle\n|rated|\n|rule|Species Clause: Limit one of each Pokémon\n|rule|HP Percentage Mod: HP is shown in percentages\n|rule|Illusion Level Mod: Illusion disguises the Pokémon's true level\n|rule|Sleep Clause Mod: Limit one foe put to sleep\n|\n|t:|1770395349\n|teamsize|p1|6\n|teamsize|p2|6\n|start\n|switch|p1a: Slaking|Slaking, L89, F|412/412\n|switch|p1b: Thundurus|Thundurus-Therian, L78, M|251/251\n|switch|p2a: Tatsugiri|Tatsugiri, L84, F|251/251\n|switch|p2b: Goodra|Goodra-Hisui, L81, F|262/262\n|turn|1\n|inactive|Battle timer is ON: inactive players will automatically lose when time's up. (requested by AddledAnorak)\n|inactive|AddledAnorak has 120 seconds left.\n|\n|t:|1770395398\n|switch|p2b: Dachsbun|Dachsbun, L90, F|249/249\n|move|p1a: Slaking|High Horsepower|p2b: Dachsbun\n|-damage|p2b: Dachsbun|119/249\n|-enditem|p2b: Dachsbun|Sitrus Berry|[eat]\n|-heal|p2b: Dachsbun|181/249|[from] item: Sitrus Berry\n|move|p1b: Thundurus|Volt Switch|p2a: Tatsugiri\n|-crit|p2a: Tatsugiri\n|-damage|p2a: Tatsugiri|129/251\n|-damage|p1b: Thundurus|226/251|[from] item: Life Orb\n|\n|t:|1770395411\n|switch|p1b: Hitmontop|Hitmontop, L88, M|231/231|[from] Volt Switch\n|-ability|p1b: Hitmontop|Intimidate|boost\n|-unboost|p2a: Tatsugiri|atk|1\n|-unboost|p2b: Dachsbun|atk|1\n|move|p2a: Tatsugiri|Icy Wind|p1b: Hitmontop|[spread] p1a,p1b\n|-damage|p1a: Slaking|371/412\n|-damage|p1b: Hitmontop|212/231\n|-unboost|p1a: Slaking|spe|1\n|-unboost|p1b: Hitmontop|spe|1\n|\n|upkeep\n|turn|2\n|\n|t:|1770395430\n|switch|p1a: Toxapex|Toxapex, L92, M|241/241\n|move|p1b: Hitmontop|Fake Out|p2b: Dachsbun\n|-damage|p2b: Dachsbun|155/249\n|cant|p2b: Dachsbun|flinch\n|move|p2a: Tatsugiri|Draco Meteor|p1b: Hitmontop\n|-damage|p1b: Hitmontop|119/231\n|-unboost|p2a: Tatsugiri|spa|2\n|\n|upkeep\n|turn|3\n|c|☆Hvxd|How tf did you switch\n|\n|t:|1770395455\n|switch|p2a: Goodra|Goodra-Hisui, L81, F|262/262\n|move|p2b: Dachsbun|Yawn|p1a: Toxapex\n|-start|p1a: Toxapex|move: Yawn|[of] p2b: Dachsbun\n|move|p1a: Toxapex|Toxic|p2b: Dachsbun\n|-status|p2b: Dachsbun|tox\n|move|p1b: Hitmontop|Triple Axel|p2a: Goodra\n|-damage|p2a: Goodra|247/262\n|-damage|p2a: Goodra|218/262\n|-hitcount|p2a: Goodra|2\n|\n|-damage|p2b: Dachsbun|140/249 tox|[from] psn\n|upkeep\n|turn|4\n|\n|t:|1770395479\n|switch|p1a: Scovillain|Scovillain, L90, F|263/263\n|move|p2b: Dachsbun|Play Rough|p1b: Hitmontop\n|-supereffective|p1b: Hitmontop\n|-damage|p1b: Hitmontop|0 fnt\n|faint|p1b: Hitmontop\n|move|p2a: Goodra|Heavy Slam|p1a: Scovillain\n|-resisted|p1a: Scovillain\n|-damage|p1a: Scovillain|196/263\n|\n|-damage|p2b: Dachsbun|110/249 tox|[from] psn\n|upkeep\n|\n|t:|1770395493\n|switch|p1b: Slaking|Slaking, L89, F|371/412\n|turn|5\n|inactive|Hvxd has 120 seconds left.\n|\n|t:|1770395537\n|move|p1b: Slaking|High Horsepower|p2a: Goodra\n|-supereffective|p2a: Goodra\n|-damage|p2a: Goodra|0 fnt\n|faint|p2a: Goodra\n|move|p2b: Dachsbun|Yawn|p1b: Slaking\n|-start|p1b: Slaking|move: Yawn|[of] p2b: Dachsbun\n|move|p1a: Scovillain|Energy Ball|p2b: Dachsbun\n|-damage|p2b: Dachsbun|0 fnt\n|faint|p2b: Dachsbun\n|\n|upkeep\n|\n|t:|1770395551\n|switch|p2b: Tatsugiri|Tatsugiri, L84, F|129/251\n|switch|p2a: Grimmsnarl|Grimmsnarl, L82, M|290/290\n|turn|6\n|\n|t:|1770395565\n|switch|p1b: Toxapex|Toxapex, L92, M|241/241\n|move|p2a: Grimmsnarl|Light Screen|p2a: Grimmsnarl\n|-sidestart|p2: Hvxd|move: Light Screen\n|move|p1a: Scovillain|Energy Ball|p2b: Tatsugiri\n|-damage|p2b: Tatsugiri|82/251\n|move|p2b: Tatsugiri|Icy Wind|p1a: Scovillain|[spread] p1a,p1b\n|-resisted|p1b: Toxapex\n|-damage|p1a: Scovillain|159/263\n|-damage|p1b: Toxapex|230/241\n|-unboost|p1a: Scovillain|spe|1\n|-unboost|p1b: Toxapex|spe|1\n|\n|-heal|p1b: Toxapex|241/241|[from] item: Leftovers\n|upkeep\n|turn|7\n|c|☆Hvxd|How are you switching??\n|inactive|Hvxd has 120 seconds left.\n|\n|t:|1770395602\n|move|p2a: Grimmsnarl|Thunder Wave|p1b: Toxapex\n|-status|p1b: Toxapex|par\n|move|p2b: Tatsugiri|Draco Meteor|p1a: Scovillain\n|-damage|p1a: Scovillain|0 fnt\n|-unboost|p2b: Tatsugiri|spa|2\n|faint|p1a: Scovillain\n|move|p1b: Toxapex|Infestation|p2b: Tatsugiri\n|-damage|p2b: Tatsugiri|77/251\n|-activate|p2b: Tatsugiri|move: Infestation|[of] p1b: Toxapex\n|\n|-damage|p2b: Tatsugiri|46/251|[from] move: Infestation|[partiallytrapped]\n|upkeep\n|inactive|AddledAnorak has 120 seconds left.\n|\n|t:|1770395630\n|switch|p1a: Lycanroc|Lycanroc-Midnight, L84, F|280/280\n|turn|8\n|\n|t:|1770395649\n|move|p2a: Grimmsnarl|Thunder Wave|p1a: Lycanroc\n|-status|p1a: Lycanroc|par\n|move|p2b: Tatsugiri|Muddy Water|p1a: Lycanroc|[spread] p1a,p1b\n|-supereffective|p1a: Lycanroc\n|-resisted|p1b: Toxapex\n|-damage|p1a: Lycanroc|190/280 par\n|-damage|p1b: Toxapex|228/241 par\n|move|p1a: Lycanroc|Rock Slide|p2a: Grimmsnarl|[spread] p2a,p2b\n|-damage|p2a: Grimmsnarl|158/290\n|-damage|p2b: Tatsugiri|0 fnt\n|faint|p2b: Tatsugiri\n|move|p1b: Toxapex|Toxic|p2a: Grimmsnarl\n|-status|p2a: Grimmsnarl|tox\n|\n|-heal|p1b: Toxapex|241/241 par|[from] item: Leftovers\n|-damage|p2a: Grimmsnarl|140/290 tox|[from] psn\n|upkeep\n|\n|t:|1770395657\n|switch|p2b: Entei|Entei, L77|304/304\n|turn|9\n|\n|t:|1770395670\n|move|p2b: Entei|Stomping Tantrum|p1a: Lycanroc\n|-supereffective|p1a: Lycanroc\n|-damage|p1a: Lycanroc|24/280 par\n|move|p2a: Grimmsnarl|Spirit Break|p1a: Lycanroc\n|-damage|p1a: Lycanroc|0 fnt\n|faint|p1a: Lycanroc\n|cant|p1b: Toxapex|par\n|\n|-damage|p2a: Grimmsnarl|104/290 tox|[from] psn\n|upkeep\n|\n|t:|1770395683\n|switch|p1a: Thundurus|Thundurus-Therian, L78, M|226/251\n|turn|10\n|\n|t:|1770395709\n|move|p1a: Thundurus|Wildbolt Storm|p2a: Grimmsnarl|[spread] p2a,p2b\n|-damage|p2a: Grimmsnarl|4/290 tox\n|-damage|p2b: Entei|205/304\n|-damage|p1a: Thundurus|201/251|[from] item: Life Orb\n|move|p2b: Entei|Stomping Tantrum|p1b: Toxapex\n|-supereffective|p1b: Toxapex\n|-damage|p1b: Toxapex|155/241 par\n|move|p2a: Grimmsnarl|Spirit Break|p1a: Thundurus\n|-damage|p1a: Thundurus|81/251\n|-unboost|p1a: Thundurus|spa|1\n|move|p1b: Toxapex|Toxic|p2b: Entei\n|-status|p2b: Entei|tox\n|\n|-heal|p1b: Toxapex|170/241 par|[from] item: Leftovers\n|-damage|p2b: Entei|186/304 tox|[from] psn\n|-damage|p2a: Grimmsnarl|0 fnt|[from] psn\n|faint|p2a: Grimmsnarl\n|upkeep\n|\n|t:|1770395717\n|switch|p2a: Veluza|Veluza, L88, F|302/302\n|turn|11\n|\n|t:|1770395744\n|-terastallize|p2a: Veluza|Dark\n|-terastallize|p1b: Toxapex|Grass\n|move|p1a: Thundurus|Volt Switch|p2a: Veluza\n|-damage|p2a: Veluza|236/302\n|-damage|p1a: Thundurus|56/251|[from] item: Life Orb\n|\n|t:|1770395752\n|switch|p1a: Slaking|Slaking, L89, F|371/412|[from] Volt Switch\n|move|p2b: Entei|Stomping Tantrum|p1b: Toxapex\n|-resisted|p1b: Toxapex\n|-damage|p1b: Toxapex|148/241 par\n|move|p2a: Veluza|Psycho Cut|p1a: Slaking\n|-damage|p1a: Slaking|211/412\n|cant|p1b: Toxapex|par\n|\n|-heal|p1b: Toxapex|163/241 par|[from] item: Leftovers\n|-damage|p2b: Entei|148/304 tox|[from] psn\n|upkeep\n|turn|12\n|c|☆Hvxd|Reporting toy\n|\n|t:|1770395768\n|move|p1a: Slaking|Giga Impact|p2a: Veluza\n|-damage|p2a: Veluza|0 fnt\n|-mustrecharge|p1a: Slaking\n|faint|p2a: Veluza\n|move|p2b: Entei|Stomping Tantrum|p1a: Slaking\n|-damage|p1a: Slaking|142/412\n|move|p1b: Toxapex|Infestation|p2b: Entei\n|-resisted|p2b: Entei\n|-crit|p2b: Entei\n|-damage|p2b: Entei|138/304 tox\n|-activate|p2b: Entei|move: Infestation|[of] p1b: Toxapex\n|\n|-heal|p1b: Toxapex|178/241 par|[from] item: Leftovers\n|-damage|p2b: Entei|81/304 tox|[from] psn\n|-damage|p2b: Entei|43/304 tox|[from] move: Infestation|[partiallytrapped]\n|upkeep\n|turn|13\n|\n|t:|1770395785\n|cant|p1a: Slaking|recharge\n|move|p2b: Entei|Stomping Tantrum|p1a: Slaking\n|-damage|p1a: Slaking|76/412\n|move|p1b: Toxapex|Recover|p1b: Toxapex\n|-heal|p1b: Toxapex|241/241 par\n|\n|-damage|p2b: Entei|0 fnt|[from] psn\n|faint|p2b: Entei\n|\n|win|AddledAnorak\n|raw|AddledAnorak's rating: 1639 &rarr; <strong>1668</strong><br />(+29 for winning)\n|raw|Hvxd's rating: 1809 &rarr; <strong>1780</strong><br />(-29 for losing)\n", "inputlog": ">version ccdc32dd7cde25fd9e4bed64820e885f66e78a4e\n>start {\"formatid\":\"gen9randomdoublesbattle\",\"seed\":\"sodium,7347e4877fc8ad0535a1a02774011dba\",\"rated\":\"Rated battle\"}\n>player p1 {\"name\":\"AddledAnorak\",\"avatar\":\"lucas\",\"rating\":1639,\"seed\":\"sodium,c831a11293f16aaa8bad02d90322afe9\"}\n>player p2 {\"name\":\"Hvxd\",\"avatar\":\"2\",\"rating\":1809,\"seed\":\"sodium,7a688e5fe71dd2320effe06ebf29223f\"}\n>p1 move highhorsepower +2, move voltswitch +1\n>p2 move icywind, switch 5\n>p1 pass, switch 5\n>p1 switch 4, move fakeout +2\n>p2 move dracometeor +2, move playrough +2\n>chat ☆Hvxd|How tf did you switch\n>p1 move toxic +2, move tripleaxel +1\n>p2 switch 5, move yawn +1\n>p1 switch 6, move closecombat +1\n>p2 move heavyslam +2, move playrough +2\n>p1 pass, switch 4\n>p1 move energyball +2, move highhorsepower +1\n>p2 move dracometeor +1, move yawn +2\n>p2 switch 3, switch 5\n>p1 move energyball +2, switch 6\n>p2 move lightscreen, move icywind\n>chat ☆Hvxd|How are you switching??\n>p1 move energyball +2, move infestation +2\n>p2 move thunderwave +2, move dracometeor +1\n>p1 switch 3, pass\n>p1 move rockslide, move toxic +1\n>p2 move thunderwave +1, move muddywater\n>p2 pass, switch 4\n>p1 move rockslide, move toxic +2\n>p2 move spiritbreak +1, move stompingtantrum +1\n>p1 switch 5, pass\n>p1 move wildboltstorm, move toxic +2\n>p2 move spiritbreak +1, move stompingtantrum +2\n>p2 switch 6, pass\n>p1 move voltswitch +1, move infestation +2 terastallize\n>p2 move psychocut +1 terastallize, move stompingtantrum +2\n>p1 switch 6, pass\n>chat ☆Hvxd|Reporting toy\n>p1 move gigaimpact +1, move infestation +2\n>p2 move psychocut +1, move stompingtantrum +1\n>p1 move recharge +1, move recover\n>p2 pass, move stompingtantrum +1", "uploadtime": 1770395926, "views": 86, "formatid": "gen9randomdoublesbattle", "rating": 1668, "private": 0, "password": null}