{"id": "gen9randomdoublesbattle-2539690431", "format": "[Gen 9] Random Doubles Battle", "players": ["pejelegante", "sera-chu"], "log": "|j|☆pejelegante\n|j|☆sera-chu\n|t:|1771097021\n|gametype|doubles\n|player|p1|pejelegante|hugh|1816\n|player|p2|sera-chu|teamrocket|1720\n|gen|9\n|tier|[Gen 9] Random Doubles Battle\n|rated|\n|rule|Species Clause: Limit one of each Pokémon\n|rule|HP Percentage Mod: HP is shown in percentages\n|rule|Illusion Level Mod: Illusion disguises the Pokémon's true level\n|rule|Sleep Clause Mod: Limit one foe put to sleep\n|\n|t:|1771097021\n|teamsize|p1|6\n|teamsize|p2|6\n|start\n|switch|p1a: Ambipom|Ambipom, L87, M|272/272\n|switch|p1b: Mewtwo|Mewtwo, L73|275/275\n|switch|p2a: Klawf|Klawf, L91, F|275/275\n|switch|p2b: Koraidon|Koraidon, L66|242/242\n|-ability|p1b: Mewtwo|Unnerve\n|-weather|SunnyDay|[from] ability: Orichalcum Pulse|[of] p2b: Koraidon\n|-activate|p2b: Koraidon|Orichalcum Pulse|[source]\n|turn|1\n|inactive|Battle timer is ON: inactive players will automatically lose when time's up. (requested by sera-chu)\n|inactive|pejelegante also wants the timer to be on.\n|\n|t:|1771097040\n|move|p2b: Koraidon|Protect|p2b: Koraidon\n|-singleturn|p2b: Koraidon|Protect\n|move|p2a: Klawf|Protect|p2a: Klawf\n|-singleturn|p2a: Klawf|Protect\n|move|p1a: Ambipom|Fake Out|p2a: Klawf\n|-activate|p2a: Klawf|move: Protect\n|move|p1b: Mewtwo|Nasty Plot|p1b: Mewtwo\n|-boost|p1b: Mewtwo|spa|2\n|\n|-weather|SunnyDay|[upkeep]\n|upkeep\n|turn|2\n|\n|t:|1771097054\n|switch|p2b: Mightyena|Mightyena, L95, F|287/287\n|-ability|p2b: Mightyena|Intimidate|boost\n|-unboost|p1a: Ambipom|atk|1\n|-unboost|p1b: Mewtwo|atk|1\n|-terastallize|p2a: Klawf|Dark\n|move|p1a: Ambipom|Double-Edge|p2b: Mightyena\n|-damage|p2b: Mightyena|181/287\n|-damage|p1a: Ambipom|237/272|[from] Recoil\n|move|p1b: Mewtwo|Aura Sphere|p2a: Klawf\n|-supereffective|p2a: Klawf\n|-damage|p2a: Klawf|0 fnt\n|faint|p2a: Klawf\n|\n|-weather|SunnyDay|[upkeep]\n|upkeep\n|\n|t:|1771097078\n|switch|p2a: Cinderace|Cinderace, L82, M|265/265\n|turn|3\n|\n|t:|1771097090\n|switch|p1a: Gastrodon|Gastrodon-East, L82, F|316/316\n|move|p2a: Cinderace|Protect|p2a: Cinderace\n|-singleturn|p2a: Cinderace|Protect\n|move|p2b: Mightyena|Sucker Punch|p1b: Mewtwo\n|-supereffective|p1b: Mewtwo\n|-damage|p1b: Mewtwo|2/275\n|-damage|p2b: Mightyena|153/287|[from] item: Life Orb\n|move|p1b: Mewtwo|Psystrike|p2a: Cinderace\n|-activate|p2a: Cinderace|move: Protect\n|\n|-weather|SunnyDay|[upkeep]\n|-heal|p1b: Mewtwo|19/275|[from] item: Leftovers\n|upkeep\n|turn|4\n|\n|t:|1771097108\n|switch|p2a: Bruxish|Bruxish, L86, M|257/257\n|move|p1b: Mewtwo|Recover|p1b: Mewtwo\n|-heal|p1b: Mewtwo|157/275\n|move|p2b: Mightyena|Howl|p2b: Mightyena|[spread] p2a,p2b\n|-boost|p2a: Bruxish|atk|1\n|-boost|p2b: Mightyena|atk|1\n|move|p1a: Gastrodon|Icy Wind|p2a: Bruxish|[spread] p2a,p2b\n|-resisted|p2a: Bruxish\n|-damage|p2a: Bruxish|243/257\n|-damage|p2b: Mightyena|123/287\n|-unboost|p2a: Bruxish|spe|1\n|-unboost|p2b: Mightyena|spe|1\n|\n|-weather|SunnyDay|[upkeep]\n|-heal|p1b: Mewtwo|174/275|[from] item: Leftovers\n|upkeep\n|turn|5\n|\n|t:|1771097128\n|move|p1b: Mewtwo|Recover|p1b: Mewtwo\n|-heal|p1b: Mewtwo|275/275\n|move|p2a: Bruxish|Crunch|p1b: Mewtwo\n|-supereffective|p1b: Mewtwo\n|-damage|p1b: Mewtwo|0 fnt\n|faint|p1b: Mewtwo\n|move|p2b: Mightyena|Howl|p2b: Mightyena|[spread] p2a,p2b\n|-boost|p2a: Bruxish|atk|1\n|-boost|p2b: Mightyena|atk|1\n|move|p1a: Gastrodon|Icy Wind|p2b: Mightyena|[spread] p2a,p2b\n|-resisted|p2a: Bruxish\n|-crit|p2a: Bruxish\n|-damage|p2a: Bruxish|220/257\n|-damage|p2b: Mightyena|92/287\n|-unboost|p2a: Bruxish|spe|1\n|-unboost|p2b: Mightyena|spe|1\n|\n|-weather|none\n|upkeep\n|\n|t:|1771097135\n|switch|p1b: Rampardos|Rampardos, L87, M|311/311\n|turn|6\n|\n|t:|1771097140\n|move|p2b: Mightyena|Sucker Punch|p1b: Rampardos\n|-damage|p1b: Rampardos|3/311\n|-damage|p2b: Mightyena|64/287|[from] item: Life Orb\n|move|p1b: Rampardos|Rock Slide|p2a: Bruxish|[spread] p2a,p2b\n|-crit|p2b: Mightyena\n|-damage|p2a: Bruxish|70/257\n|-damage|p2b: Mightyena|0 fnt\n|faint|p2b: Mightyena\n|move|p1a: Gastrodon|Clear Smog|p2a: Bruxish\n|-damage|p2a: Bruxish|32/257\n|-clearboost|p2a: Bruxish\n|move|p2a: Bruxish|Crunch|p1a: Gastrodon\n|-crit|p1a: Gastrodon\n|-damage|p1a: Gastrodon|73/316\n|-unboost|p1a: Gastrodon|def|1\n|\n|upkeep\n|\n|t:|1771097153\n|switch|p2b: Cinderace|Cinderace, L82, M|265/265\n|turn|7\n|\n|t:|1771097162\n|move|p2b: Cinderace|Sucker Punch|p1b: Rampardos\n|-damage|p1b: Rampardos|0 fnt\n|faint|p1b: Rampardos\n|-damage|p2b: Cinderace|239/265|[from] item: Life Orb\n|move|p2a: Bruxish|Crunch|p1a: Gastrodon\n|-damage|p1a: Gastrodon|0 fnt\n|faint|p1a: Gastrodon\n|\n|upkeep\n|\n|t:|1771097169\n|switch|p1b: Ambipom|Ambipom, L87, M|237/272\n|switch|p1a: Iron Hands|Iron Hands, L77|364/364\n|turn|8\n|\n|t:|1771097187\n|move|p2b: Cinderace|Protect|p2b: Cinderace\n|-singleturn|p2b: Cinderace|Protect\n|move|p1b: Ambipom|Fake Out|p2a: Bruxish\n|-damage|p2a: Bruxish|0 fnt\n|faint|p2a: Bruxish\n|move|p1a: Iron Hands|Swords Dance|p1a: Iron Hands\n|-boost|p1a: Iron Hands|atk|2\n|\n|upkeep\n|\n|t:|1771097194\n|switch|p2a: Koraidon|Koraidon, L66|242/242\n|-weather|SunnyDay|[from] ability: Orichalcum Pulse|[of] p2a: Koraidon\n|-activate|p2a: Koraidon|Orichalcum Pulse|[source]\n|turn|9\n|\n|t:|1771097204\n|move|p1b: Ambipom|Protect|p1b: Ambipom\n|-singleturn|p1b: Ambipom|Protect\n|move|p1a: Iron Hands|Protect|p1a: Iron Hands\n|-singleturn|p1a: Iron Hands|Protect\n|move|p2b: Cinderace|Pyro Ball|p1a: Iron Hands\n|-activate|p1a: Iron Hands|move: Protect\n|move|p2a: Koraidon|Collision Course|p1b: Ambipom\n|-activate|p1b: Ambipom|move: Protect\n|\n|-weather|SunnyDay|[upkeep]\n|upkeep\n|turn|10\n|\n|t:|1771097218\n|-terastallize|p1b: Ambipom|Normal\n|move|p1b: Ambipom|Double-Edge|p2a: Koraidon\n|-damage|p2a: Koraidon|2/242\n|-damage|p1b: Ambipom|158/272|[from] Recoil\n|move|p2b: Cinderace|Pyro Ball|p1a: Iron Hands\n|-crit|p1a: Iron Hands\n|-damage|p1a: Iron Hands|17/364\n|-damage|p2b: Cinderace|213/265|[from] item: Life Orb\n|move|p2a: Koraidon|Collision Course|p1a: Iron Hands\n|-crit|p1a: Iron Hands\n|-damage|p1a: Iron Hands|0 fnt\n|faint|p1a: Iron Hands\n|-end|p1a: Iron Hands|Quark Drive|[silent]\n|-damage|p2a: Koraidon|0 fnt|[from] item: Life Orb\n|faint|p2a: Koraidon\n|\n|-weather|SunnyDay|[upkeep]\n|upkeep\n|\n|t:|1771097238\n|switch|p2a: Haxorus|Haxorus, L84, M|265/265\n|switch|p1a: Glastrier|Glastrier, L80|291/291\n|-ability|p2a: Haxorus|Unnerve\n|turn|11\n|\n|t:|1771097265\n|move|p1b: Ambipom|Protect|p1b: Ambipom\n|-singleturn|p1b: Ambipom|Protect\n|move|p2b: Cinderace|Sucker Punch||[still]\n|-fail|p2b: Cinderace\n|move|p2a: Haxorus|Close Combat|p1a: Glastrier\n|-supereffective|p1a: Glastrier\n|-crit|p1a: Glastrier\n|-damage|p1a: Glastrier|0 fnt\n|-unboost|p2a: Haxorus|def|1\n|-unboost|p2a: Haxorus|spd|1\n|faint|p1a: Glastrier\n|-damage|p2a: Haxorus|239/265|[from] item: Life Orb\n|\n|-weather|SunnyDay|[upkeep]\n|upkeep\n|turn|12\n|\n|t:|1771097278\n|move|p2b: Cinderace|Sucker Punch|p1b: Ambipom\n|-damage|p1b: Ambipom|71/272\n|-damage|p2b: Cinderace|187/265|[from] item: Life Orb\n|move|p1b: Ambipom|Double-Edge|p2b: Cinderace\n|-damage|p2b: Cinderace|0 fnt\n|faint|p2b: Cinderace\n|-damage|p1b: Ambipom|9/272|[from] Recoil\n|move|p2a: Haxorus|Close Combat|p1b: Ambipom\n|-supereffective|p1b: Ambipom\n|-damage|p1b: Ambipom|0 fnt\n|-unboost|p2a: Haxorus|def|1\n|-unboost|p2a: Haxorus|spd|1\n|faint|p1b: Ambipom\n|-damage|p2a: Haxorus|213/265|[from] item: Life Orb\n|\n|win|sera-chu\n|raw|pejelegante's rating: 1816 &rarr; <strong>1791</strong><br />(-25 for losing)\n|raw|sera-chu's rating: 1720 &rarr; <strong>1745</strong><br />(+25 for winning)\n|l|☆sera-chu\n|player|p2|\n|c|☆pejelegante|Gg\n", "inputlog": ">version ccdc32dd7cde25fd9e4bed64820e885f66e78a4e\n>start {\"formatid\":\"gen9randomdoublesbattle\",\"seed\":\"sodium,cf5038cefe372038ec35f22ddcfe150d\",\"rated\":\"Rated battle\"}\n>player p1 {\"name\":\"pejelegante\",\"avatar\":\"hugh\",\"rating\":1816,\"seed\":\"sodium,503f8906841811c7aaab1efee9889a0a\"}\n>player p2 {\"name\":\"sera-chu\",\"avatar\":\"teamrocket\",\"rating\":1720,\"seed\":\"sodium,f6e7855402ad28079419e78e2ec5e233\"}\n>p1 move fakeout +1, move nastyplot\n>p2 move protect, move protect\n>p1 move doubleedge +2, move aurasphere +1\n>p2 move knockoff +2 terastallize, switch 4\n>p2 switch 5, pass\n>p1 switch 4, move psystrike +1\n>p2 move protect, move suckerpunch +2\n>p1 move icywind, move recover\n>p2 switch 6, move howl\n>p1 move icywind, move recover\n>p2 move crunch +2, move howl\n>p1 pass, switch 6\n>p1 move clearsmog +1, move rockslide\n>p2 move crunch +1, move suckerpunch +2\n>p2 pass, switch 6\n>p1 move icywind, move rockslide\n>p2 move crunch +1, move suckerpunch +2\n>p1 switch 5, switch 4\n>p1 move swordsdance, move fakeout +1\n>p2 move crunch +1, move protect\n>p2 switch 4, pass\n>p1 move protect, move protect\n>p2 move collisioncourse +2, move pyroball +1\n>p1 move drainpunch +2, move doubleedge +1 terastallize\n>p2 move collisioncourse +1, move pyroball +1\n>p1 switch 3, pass\n>p2 switch 3, pass\n>p1 move iciclecrash +1, move protect\n>p2 move closecombat +1, move suckerpunch +2\n>p1 pass, move doubleedge +2\n>p2 move closecombat +2, move suckerpunch +2", "uploadtime": 1771097283, "views": 67, "formatid": "gen9randomdoublesbattle", "rating": 1745, "private": 0, "password": null}