{"id": "gen9randomdoublesbattle-2536783338", "format": "[Gen 9] Random Doubles Battle", "players": ["Diego1912", "Frosty Toasty D"], "log": "|j|☆Diego1912\n|j|☆Frosty Toasty D\n|t:|1770736481\n|gametype|doubles\n|player|p1|Diego1912|265|1744\n|player|p2|Frosty Toasty D|arven-s|1850\n|gen|9\n|tier|[Gen 9] Random Doubles Battle\n|rated|\n|rule|Species Clause: Limit one of each Pokémon\n|rule|HP Percentage Mod: HP is shown in percentages\n|rule|Illusion Level Mod: Illusion disguises the Pokémon's true level\n|rule|Sleep Clause Mod: Limit one foe put to sleep\n|\n|t:|1770736481\n|teamsize|p1|6\n|teamsize|p2|6\n|start\n|switch|p1a: Dudunsparce|Dudunsparce, L86, M|355/355\n|switch|p1b: Sinistcha|Sinistcha, L81|248/248\n|switch|p2a: Coalossal|Coalossal, L90, F|344/344\n|switch|p2b: Pikachu|Pikachu-Hoenn, L94, M|218/218\n|turn|1\n|inactive|Battle timer is ON: inactive players will automatically lose when time's up. (requested by Diego1912)\n|\n|t:|1770736512\n|move|p1b: Sinistcha|Protect|p1b: Sinistcha\n|-singleturn|p1b: Sinistcha|Protect\n|move|p2b: Pikachu|Knock Off|p1b: Sinistcha\n|-activate|p1b: Sinistcha|move: Protect\n|move|p1a: Dudunsparce|Tailwind|p1a: Dudunsparce\n|-sidestart|p1: Diego1912|move: Tailwind\n|move|p2a: Coalossal|Incinerate|p1b: Sinistcha|[spread] p1a\n|-activate|p1b: Sinistcha|move: Protect\n|-damage|p1a: Dudunsparce|301/355\n|-enditem|p1a: Dudunsparce|Sitrus Berry|[from] move: Incinerate\n|\n|upkeep\n|turn|2\n|\n|t:|1770736535\n|switch|p2b: Dudunsparce|Dudunsparce, L86, F|355/355\n|move|p1b: Sinistcha|Matcha Gotcha|p2a: Coalossal|[spread] p2a,p2b\n|-damage|p2a: Coalossal|277/344\n|-damage|p2b: Dudunsparce|270/355\n|move|p1a: Dudunsparce|Earth Power|p2a: Coalossal\n|-supereffective|p2a: Coalossal\n|-damage|p2a: Coalossal|49/344\n|-enditem|p2a: Coalossal|Sitrus Berry|[eat]\n|-heal|p2a: Coalossal|135/344|[from] item: Sitrus Berry\n|move|p2a: Coalossal|Incinerate|p1b: Sinistcha|[spread] p1a,p1b\n|-supereffective|p1b: Sinistcha\n|-damage|p1a: Dudunsparce|253/355\n|-damage|p1b: Sinistcha|138/248\n|\n|-heal|p1b: Sinistcha|153/248|[from] item: Leftovers\n|upkeep\n|turn|3\n|inactive|Diego1912 has 120 seconds left.\n|\n|t:|1770736569\n|move|p1b: Sinistcha|Matcha Gotcha|p2b: Dudunsparce|[spread] p2a,p2b\n|-damage|p2a: Coalossal|68/344\n|-heal|p1b: Sinistcha|187/248|[from] drain|[of] p2a: Coalossal\n|-damage|p2b: Dudunsparce|197/355\n|-heal|p1b: Sinistcha|224/248|[from] drain|[of] p2b: Dudunsparce\n|move|p1a: Dudunsparce|Earth Power|p2a: Coalossal\n|-supereffective|p2a: Coalossal\n|-damage|p2a: Coalossal|0 fnt\n|faint|p2a: Coalossal\n|move|p2b: Dudunsparce|Boomburst|p1a: Dudunsparce|[spread] p1a\n|-immune|p1b: Sinistcha\n|-damage|p1a: Dudunsparce|138/355\n|\n|-heal|p1b: Sinistcha|239/248|[from] item: Leftovers\n|upkeep\n|\n|t:|1770736583\n|switch|p2a: Pikachu|Pikachu-Hoenn, L94, M|218/218\n|turn|4\n|\n|t:|1770736591\n|switch|p2b: Spectrier|Spectrier, L77|281/281\n|move|p1a: Dudunsparce|Protect|p1a: Dudunsparce\n|-singleturn|p1a: Dudunsparce|Protect\n|move|p2a: Pikachu|Fake Out|p1a: Dudunsparce\n|-activate|p1a: Dudunsparce|move: Protect\n|move|p1b: Sinistcha|Matcha Gotcha|p2a: Pikachu|[spread] p2a,p2b\n|-damage|p2a: Pikachu|128/218\n|-heal|p1b: Sinistcha|248/248|[from] drain|[of] p2a: Pikachu\n|-damage|p2b: Spectrier|202/281\n|\n|-sideend|p1: Diego1912|move: Tailwind\n|upkeep\n|turn|5\n|\n|t:|1770736614\n|-terastallize|p2b: Spectrier|Fairy\n|move|p2b: Spectrier|Nasty Plot|p2b: Spectrier\n|-boost|p2b: Spectrier|spa|2\n|move|p2a: Pikachu|Volt Tackle|p1a: Dudunsparce\n|-damage|p1a: Dudunsparce|0 fnt\n|faint|p1a: Dudunsparce\n|-damage|p2a: Pikachu|82/218|[from] Recoil\n|move|p1b: Sinistcha|Shadow Ball|p2b: Spectrier\n|-damage|p2b: Spectrier|94/281\n|\n|upkeep\n|inactive|Diego1912 has 120 seconds left.\n|\n|t:|1770736636\n|switch|p1a: Lokix|Lokix, L88, M|268/268\n|turn|6\n|\n|t:|1770736643\n|switch|p2a: Dudunsparce|Dudunsparce, L86, F|197/355\n|-terastallize|p1a: Lokix|Bug\n|move|p2b: Spectrier|Protect|p2b: Spectrier\n|-singleturn|p2b: Spectrier|Protect\n|move|p1b: Sinistcha|Protect|p1b: Sinistcha\n|-singleturn|p1b: Sinistcha|Protect\n|move|p1a: Lokix|First Impression|p2b: Spectrier\n|-activate|p2b: Spectrier|move: Protect\n|\n|upkeep\n|turn|7\n|\n|t:|1770736673\n|switch|p1b: Bombirdier|Bombirdier, L84, F|255/255\n|move|p2a: Dudunsparce|Helping Hand|p2b: Spectrier\n|-singleturn|p2b: Spectrier|Helping Hand|[of] p2a: Dudunsparce\n|move|p2b: Spectrier|Draining Kiss|p1b: Bombirdier\n|-supereffective|p1b: Bombirdier\n|-damage|p1b: Bombirdier|0 fnt\n|-heal|p2b: Spectrier|281/281|[from] drain|[of] p1b: Bombirdier\n|faint|p1b: Bombirdier\n|-ability|p2b: Spectrier|Grim Neigh|boost\n|-boost|p2b: Spectrier|spa|1\n|-damage|p2b: Spectrier|253/281|[from] item: Life Orb\n|move|p1a: Lokix|Knock Off|p2b: Spectrier\n|-resisted|p2b: Spectrier\n|-damage|p2b: Spectrier|27/281\n|-enditem|p2b: Spectrier|Life Orb|[from] move: Knock Off|[of] p1a: Lokix\n|-damage|p1a: Lokix|242/268|[from] item: Life Orb\n|\n|upkeep\n|inactive|Diego1912 has 120 seconds left.\n|\n|t:|1770736688\n|switch|p1b: Sinistcha|Sinistcha, L81|248/248\n|-heal|p1a: Lokix|268/268|[from] ability: Hospitality|[of] p1b: Sinistcha\n|turn|8\n|\n|t:|1770736703\n|move|p2b: Spectrier|Protect|p2b: Spectrier\n|-singleturn|p2b: Spectrier|Protect\n|move|p1a: Lokix|Knock Off|p2b: Spectrier\n|-activate|p2b: Spectrier|move: Protect\n|move|p1b: Sinistcha|Calm Mind|p1b: Sinistcha\n|-boost|p1b: Sinistcha|spa|1\n|-boost|p1b: Sinistcha|spd|1\n|move|p2a: Dudunsparce|Boomburst|p1a: Lokix|[spread] p1a\n|-activate|p2b: Spectrier|move: Protect\n|-immune|p1b: Sinistcha\n|-damage|p1a: Lokix|126/268\n|\n|upkeep\n|turn|9\n|\n|t:|1770736726\n|switch|p2a: Pikachu|Pikachu-Hoenn, L94, M|82/218\n|move|p1a: Lokix|Protect|p1a: Lokix\n|-singleturn|p1a: Lokix|Protect\n|move|p2b: Spectrier|Draining Kiss|p1a: Lokix\n|-activate|p1a: Lokix|move: Protect\n|move|p1b: Sinistcha|Matcha Gotcha|p2a: Pikachu|[spread] p2a,p2b\n|-damage|p2a: Pikachu|0 fnt\n|-damage|p2b: Spectrier|0 fnt\n|faint|p2a: Pikachu\n|faint|p2b: Spectrier\n|\n|upkeep\n|\n|t:|1770736732\n|switch|p2b: Darkrai|Darkrai, L80|243/243\n|switch|p2a: Mewtwo|Mewtwo, L73|275/275\n|-ability|p2a: Mewtwo|Unnerve\n|turn|10\n|inactive|Frosty Toasty D has 120 seconds left.\n|\n|t:|1770736764\n|move|p2b: Darkrai|Dark Pulse|p1a: Lokix\n|-damage|p1a: Lokix|0 fnt\n|faint|p1a: Lokix\n|-damage|p2b: Darkrai|219/243|[from] item: Life Orb\n|move|p2a: Mewtwo|Nasty Plot|p2a: Mewtwo\n|-boost|p2a: Mewtwo|spa|2\n|move|p1b: Sinistcha|Shadow Ball|p2a: Mewtwo\n|-supereffective|p2a: Mewtwo\n|-damage|p2a: Mewtwo|0 fnt\n|faint|p2a: Mewtwo\n|\n|upkeep\n|\n|t:|1770736776\n|switch|p2a: Dudunsparce|Dudunsparce, L86, F|197/355\n|switch|p1a: Flapple|Flapple, L95, M|287/287\n|turn|11\n|\n|t:|1770736808\n|move|p2a: Dudunsparce|Helping Hand|p2b: Darkrai\n|-singleturn|p2b: Darkrai|Helping Hand|[of] p2a: Dudunsparce\n|move|p2b: Darkrai|Dark Pulse|p1b: Sinistcha\n|-supereffective|p1b: Sinistcha\n|-damage|p1b: Sinistcha|0 fnt\n|faint|p1b: Sinistcha\n|-damage|p2b: Darkrai|195/243|[from] item: Life Orb\n|move|p1a: Flapple|Grav Apple|p2b: Darkrai\n|-damage|p2b: Darkrai|14/243\n|-unboost|p2b: Darkrai|def|1\n|\n|upkeep\n|\n|t:|1770736819\n|switch|p1b: Solgaleo|Solgaleo, L74|325/325\n|turn|12\n|\n|t:|1770736834\n|move|p2a: Dudunsparce|Helping Hand|p2b: Darkrai\n|-singleturn|p2b: Darkrai|Helping Hand|[of] p2a: Dudunsparce\n|move|p1b: Solgaleo|Protect|p1b: Solgaleo\n|-singleturn|p1b: Solgaleo|Protect\n|move|p2b: Darkrai|Sludge Bomb|p1a: Flapple\n|-supereffective|p1a: Flapple\n|-damage|p1a: Flapple|0 fnt\n|faint|p1a: Flapple\n|-damage|p2b: Darkrai|0 fnt|[from] item: Life Orb\n|faint|p2b: Darkrai\n|\n|upkeep\n|turn|13\n|-message|Frosty Toasty D forfeited.\n|\n|win|Diego1912\n|raw|Diego1912's rating: 1744 &rarr; <strong>1770</strong><br />(+26 for winning)\n|raw|Frosty Toasty D's rating: 1850 &rarr; <strong>1824</strong><br />(-26 for losing)\n|l|☆Frosty Toasty D\n|player|p2|\n|c|☆Diego1912|Gg\n", "inputlog": ">version ccdc32dd7cde25fd9e4bed64820e885f66e78a4e\n>start {\"formatid\":\"gen9randomdoublesbattle\",\"seed\":\"sodium,0e5915b496c36a7db2bec2d3ccff403e\",\"rated\":\"Rated battle\"}\n>player p1 {\"name\":\"Diego1912\",\"avatar\":\"265\",\"rating\":1744,\"seed\":\"sodium,c98a18f70a2ff8addfb629dc8d0f38d4\"}\n>player p2 {\"name\":\"Frosty Toasty D\",\"avatar\":\"arven-s\",\"rating\":1850,\"seed\":\"sodium,2051d38a559ae10c48d0886fadf56441\"}\n>p1 move tailwind, move protect\n>p2 move incinerate, move knockoff +2\n>p1 move earthpower +1, move matchagotcha\n>p2 move incinerate, switch 4\n>p1 move earthpower +1, move matchagotcha\n>p2 move heatwave, move boomburst\n>p2 switch 4, pass\n>p1 move protect, move matchagotcha\n>p2 move fakeout +1, switch 5\n>p1 move tailwind, move shadowball +2\n>p2 move volttackle +1, move nastyplot terastallize\n>p1 switch 5, pass\n>p1 move firstimpression +2 terastallize, move protect\n>p2 switch 5, move protect\n>p1 move knockoff +2, switch 3\n>p2 move helpinghand -2, move drainingkiss +2\n>p1 pass, switch 3\n>p1 move knockoff +2, move calmmind\n>p2 move boomburst, move protect\n>p1 move protect, move matchagotcha\n>p2 switch 5, move drainingkiss +1\n>p2 switch 3, switch 6\n>p1 move leechlife +2, move shadowball +1\n>p2 move nastyplot, move darkpulse +1\n>p1 switch 6, pass\n>p2 switch 5, pass\n>p1 move gravapple +2, move matchagotcha\n>p2 move helpinghand -2, move darkpulse +2\n>p1 pass, switch 4\n>p1 move terablast +2, move protect\n>p2 move helpinghand -2, move sludgebomb +1\n>forcelose p2", "uploadtime": 1770736852, "views": 66, "formatid": "gen9randomdoublesbattle", "rating": 1770, "private": 0, "password": null}