{"id": "gen9randomdoublesbattle-2536399396", "format": "[Gen 9] Random Doubles Battle", "players": ["Lv. 21XX", "Ashnz966"], "log": "|j|☆Lv. 21XX\n|j|☆Ashnz966\n|t:|1770683316\n|gametype|doubles\n|player|p1|Lv. 21XX|102|1546\n|player|p2|Ashnz966|102|1529\n|gen|9\n|tier|[Gen 9] Random Doubles Battle\n|rated|\n|rule|Species Clause: Limit one of each Pokémon\n|rule|HP Percentage Mod: HP is shown in percentages\n|rule|Illusion Level Mod: Illusion disguises the Pokémon's true level\n|rule|Sleep Clause Mod: Limit one foe put to sleep\n|\n|t:|1770683316\n|teamsize|p1|6\n|teamsize|p2|6\n|start\n|switch|p1a: Shiftry|Shiftry, L84, F|288/288\n|switch|p1b: Volbeat|Volbeat, L82, M|241/241\n|switch|p2a: Reuniclus|Reuniclus, L84, M|322/322\n|switch|p2b: Drifblim|Drifblim, L85, F|394/394\n|turn|1\n|inactive|Battle timer is ON: inactive players will automatically lose when time's up. (requested by Ashnz966)\n|\n|t:|1770683339\n|move|p2a: Reuniclus|Protect|p2a: Reuniclus\n|-singleturn|p2a: Reuniclus|Protect\n|move|p1a: Shiftry|Fake Out|p2a: Reuniclus\n|-activate|p2a: Reuniclus|move: Protect\n|move|p1b: Volbeat|Tailwind|p1b: Volbeat\n|-sidestart|p1: Lv. 21XX|move: Tailwind\n|-ability|p1a: Shiftry|Wind Rider|boost\n|-boost|p1a: Shiftry|atk|1\n|move|p2b: Drifblim|Will-O-Wisp|p1a: Shiftry\n|-status|p1a: Shiftry|brn\n|\n|-damage|p1a: Shiftry|270/288 brn|[from] brn\n|upkeep\n|turn|2\n|\n|t:|1770683365\n|switch|p2b: Torkoal|Torkoal, L86, M|261/261\n|-weather|SunnyDay|[from] ability: Drought|[of] p2b: Torkoal\n|move|p1b: Volbeat|Encore||[still]\n|-fail|p1b: Volbeat\n|move|p1a: Shiftry|Knock Off|p2a: Reuniclus\n|-supereffective|p2a: Reuniclus\n|-damage|p2a: Reuniclus|150/322\n|-enditem|p2a: Reuniclus|Life Orb|[from] move: Knock Off|[of] p1a: Shiftry\n|move|p2a: Reuniclus|Trick Room|p2a: Reuniclus\n|-fieldstart|move: Trick Room|[of] p2a: Reuniclus\n|\n|-weather|SunnyDay|[upkeep]\n|-damage|p1a: Shiftry|252/288 brn|[from] brn\n|upkeep\n|turn|3\n|inactive|Lv. 21XX has 120 seconds left.\n|\n|t:|1770683404\n|switch|p2a: Luxray|Luxray, L86, F|278/278\n|-ability|p2a: Luxray|Intimidate|boost\n|-unboost|p1a: Shiftry|atk|1\n|-unboost|p1b: Volbeat|atk|1\n|switch|p1a: Dragalge|Dragalge, L88, M|258/258\n|move|p1b: Volbeat|Encore||[still]\n|-fail|p1b: Volbeat\n|move|p2b: Torkoal|Heat Wave|p1a: Dragalge|[spread] p1a,p1b\n|-resisted|p1a: Dragalge\n|-supereffective|p1b: Volbeat\n|-damage|p1a: Dragalge|217/258\n|-damage|p1b: Volbeat|25/241\n|-enditem|p1b: Volbeat|Sitrus Berry|[eat]\n|-heal|p1b: Volbeat|85/241|[from] item: Sitrus Berry\n|\n|-weather|SunnyDay|[upkeep]\n|upkeep\n|turn|4\n|inactive|Lv. 21XX has 120 seconds left.\n|\n|t:|1770683432\n|switch|p1b: Shiftry|Shiftry, L84, F|252/288 brn\n|-ability|p1b: Shiftry|Wind Rider|boost\n|-boost|p1b: Shiftry|atk|1\n|move|p2b: Torkoal|Heat Wave|p1b: Shiftry|[spread] p1a\n|-ability|p1b: Shiftry|Wind Rider|boost\n|-boost|p1b: Shiftry|atk|1\n|-resisted|p1a: Dragalge\n|-damage|p1a: Dragalge|178/258\n|move|p2a: Luxray|Snarl|p1a: Dragalge|[spread] p1a,p1b\n|-resisted|p1b: Shiftry\n|-damage|p1a: Dragalge|156/258\n|-damage|p1b: Shiftry|233/288 brn\n|-unboost|p1a: Dragalge|spa|1\n|-unboost|p1b: Shiftry|spa|1\n|move|p1a: Dragalge|Draco Meteor|p2b: Torkoal\n|-damage|p2b: Torkoal|58/261\n|-unboost|p1a: Dragalge|spa|2\n|-enditem|p2b: Torkoal|Sitrus Berry|[eat]\n|-heal|p2b: Torkoal|123/261|[from] item: Sitrus Berry\n|-damage|p1a: Dragalge|131/258|[from] item: Life Orb\n|\n|-weather|SunnyDay|[upkeep]\n|-damage|p1b: Shiftry|215/288 brn|[from] brn\n|-sideend|p1: Lv. 21XX|move: Tailwind\n|upkeep\n|turn|5\n|inactive|Lv. 21XX has 120 seconds left.\n|inactive|Lv. 21XX has 90 seconds left.\n|\n|t:|1770683486\n|switch|p1a: Sylveon|Sylveon, L79, M|280/280\n|move|p1b: Shiftry|Fake Out|p2a: Luxray\n|-damage|p2a: Luxray|249/278\n|move|p2b: Torkoal|Body Press|p1b: Shiftry\n|-supereffective|p1b: Shiftry\n|-crit|p1b: Shiftry\n|-damage|p1b: Shiftry|0 fnt\n|faint|p1b: Shiftry\n|cant|p2a: Luxray|flinch\n|\n|-weather|SunnyDay|[upkeep]\n|upkeep\n|inactive|Lv. 21XX has 90 seconds left.\n|\n|t:|1770683507\n|switch|p1b: Dragalge|Dragalge, L88, M|131/258\n|turn|6\n|inactive|Lv. 21XX has 90 seconds left.\n|\n|t:|1770683529\n|move|p2b: Torkoal|Heat Wave|p1b: Dragalge|[spread] p1a,p1b\n|-resisted|p1b: Dragalge\n|-damage|p1a: Sylveon|199/280\n|-damage|p1b: Dragalge|94/258\n|move|p1b: Dragalge|Draco Meteor|p2a: Luxray\n|-damage|p2a: Luxray|59/278\n|-unboost|p1b: Dragalge|spa|2\n|-damage|p1b: Dragalge|69/258|[from] item: Life Orb\n|move|p1a: Sylveon|Calm Mind|p1a: Sylveon\n|-boost|p1a: Sylveon|spa|1\n|-boost|p1a: Sylveon|spd|1\n|move|p2a: Luxray|Snarl|p1b: Dragalge|[spread] p1a\n|-miss|p2a: Luxray|p1b: Dragalge\n|-resisted|p1a: Sylveon\n|-damage|p1a: Sylveon|191/280\n|-unboost|p1a: Sylveon|spa|1\n|\n|-weather|none\n|-heal|p1a: Sylveon|208/280|[from] item: Leftovers\n|-fieldend|move: Trick Room\n|upkeep\n|turn|7\n|inactive|Lv. 21XX has 90 seconds left.\n|\n|t:|1770683554\n|move|p2a: Luxray|Wild Charge|p1a: Sylveon\n|-damage|p1a: Sylveon|42/280\n|-damage|p2a: Luxray|17/278|[from] Recoil\n|move|p1a: Sylveon|Hyper Voice|p2b: Torkoal|[spread] p2a,p2b\n|-resisted|p2b: Torkoal\n|-damage|p2a: Luxray|0 fnt\n|-damage|p2b: Torkoal|72/261\n|faint|p2a: Luxray\n|move|p1b: Dragalge|Sludge Bomb|p2b: Torkoal\n|-crit|p2b: Torkoal\n|-damage|p2b: Torkoal|0 fnt\n|faint|p2b: Torkoal\n|-damage|p1b: Dragalge|44/258|[from] item: Life Orb\n|\n|-heal|p1a: Sylveon|59/280|[from] item: Leftovers\n|upkeep\n|inactive|Ashnz966 has 120 seconds left.\n|\n|t:|1770683585\n|switch|p2a: Drifblim|Drifblim, L85, F|394/394\n|switch|p2b: Glaceon|Glaceon, L86, F|252/252\n|turn|8\n|inactive|Lv. 21XX has 90 seconds left.\n|\n|t:|1770683609\n|move|p2a: Drifblim|Shadow Ball|p1a: Sylveon\n|-damage|p1a: Sylveon|19/280\n|-unboost|p1a: Sylveon|spd|1\n|move|p2b: Glaceon|Freeze-Dry|p1b: Dragalge\n|-supereffective|p1b: Dragalge\n|-damage|p1b: Dragalge|0 fnt\n|faint|p1b: Dragalge\n|move|p1a: Sylveon|Hyper Voice|p2a: Drifblim|[spread] p2a,p2b\n|-damage|p2a: Drifblim|288/394\n|-damage|p2b: Glaceon|170/252\n|\n|-heal|p1a: Sylveon|36/280|[from] item: Leftovers\n|upkeep\n|inactive|Lv. 21XX has 90 seconds left.\n|\n|t:|1770683624\n|switch|p1b: Volbeat|Volbeat, L82, M|85/241\n|turn|9\n|\n|t:|1770683641\n|move|p1b: Volbeat|Tailwind|p1b: Volbeat\n|-sidestart|p1: Lv. 21XX|move: Tailwind\n|move|p1a: Sylveon|Hyper Voice|p2b: Glaceon|[spread] p2a,p2b\n|-damage|p2a: Drifblim|173/394\n|-damage|p2b: Glaceon|92/252\n|-enditem|p2a: Drifblim|Sitrus Berry|[eat]\n|-heal|p2a: Drifblim|271/394|[from] item: Sitrus Berry\n|move|p2a: Drifblim|Tailwind|p2a: Drifblim\n|-sidestart|p2: Ashnz966|move: Tailwind\n|move|p2b: Glaceon|Freeze-Dry|p1a: Sylveon\n|-damage|p1a: Sylveon|0 fnt\n|faint|p1a: Sylveon\n|\n|upkeep\n|inactive|Lv. 21XX has 90 seconds left.\n|\n|t:|1770683668\n|switch|p1a: Seviper|Seviper, L96, F|296/296\n|turn|10\n|\n|t:|1770683678\n|move|p1b: Volbeat|Thunder Wave|p2a: Drifblim\n|-status|p2a: Drifblim|par\n|move|p2a: Drifblim|Will-O-Wisp|p1a: Seviper\n|-status|p1a: Seviper|brn\n|move|p1a: Seviper|Flamethrower|p2b: Glaceon\n|-supereffective|p2b: Glaceon\n|-crit|p2b: Glaceon\n|-damage|p2b: Glaceon|0 fnt\n|faint|p2b: Glaceon\n|-damage|p1a: Seviper|267/296 brn|[from] item: Life Orb\n|\n|-damage|p1a: Seviper|249/296 brn|[from] brn\n|upkeep\n|\n|t:|1770683696\n|switch|p2b: Reuniclus|Reuniclus, L84, M|150/322\n|turn|11\n|inactive|Lv. 21XX has 120 seconds left.\n|\n|t:|1770683715\n|move|p1b: Volbeat|Lunge|p2b: Reuniclus\n|-supereffective|p2b: Reuniclus\n|-damage|p2b: Reuniclus|0 fnt\n|faint|p2b: Reuniclus\n|move|p2a: Drifblim|Shadow Ball|p1b: Volbeat\n|-damage|p1b: Volbeat|1/241\n|move|p1a: Seviper|Flamethrower|p2a: Drifblim\n|-crit|p2a: Drifblim\n|-damage|p2a: Drifblim|47/394 par\n|-damage|p1a: Seviper|220/296 brn|[from] item: Life Orb\n|\n|-activate|p1a: Seviper|ability: Shed Skin\n|-curestatus|p1a: Seviper|brn|[msg]\n|upkeep\n|\n|t:|1770683724\n|switch|p2b: Roaring Moon|Roaring Moon, L76|285/285\n|-enditem|p2b: Roaring Moon|Booster Energy\n|-activate|p2b: Roaring Moon|ability: Protosynthesis|[fromitem]\n|-start|p2b: Roaring Moon|protosynthesisatk\n|turn|12\n|\n|t:|1770683743\n|switch|p1b: Polteageist|Polteageist-Antique, L85|241/241\n|move|p1a: Seviper|Protect|p1a: Seviper\n|-singleturn|p1a: Seviper|Protect\n|move|p2b: Roaring Moon|Acrobatics|p1b: Polteageist\n|-damage|p1b: Polteageist|99/241\n|cant|p2a: Drifblim|par\n|\n|-sideend|p1: Lv. 21XX|move: Tailwind\n|-sideend|p2: Ashnz966|move: Tailwind\n|upkeep\n|turn|13\n|inactive|Lv. 21XX has 120 seconds left.\n|inactive|Lv. 21XX has 90 seconds left.\n|\n|t:|1770683807\n|-terastallize|p1b: Polteageist|Normal\n|move|p2b: Roaring Moon|Acrobatics|p1b: Polteageist\n|-damage|p1b: Polteageist|0 fnt\n|-start|p2b: Roaring Moon|Disable|Acrobatics|[from] ability: Cursed Body|[of] p1b: Polteageist\n|faint|p1b: Polteageist\n|move|p2a: Drifblim|Tailwind|p2a: Drifblim\n|-sidestart|p2: Ashnz966|move: Tailwind\n|move|p1a: Seviper|Knock Off|p2a: Drifblim\n|-supereffective|p2a: Drifblim\n|-damage|p2a: Drifblim|0 fnt\n|faint|p2a: Drifblim\n|-damage|p1a: Seviper|191/296|[from] item: Life Orb\n|\n|upkeep\n|inactive|Lv. 21XX has 90 seconds left.\n|\n|t:|1770683818\n|switch|p1b: Volbeat|Volbeat, L82, M|1/241\n|turn|14\n|inactive|Lv. 21XX has 90 seconds left.\n|\n|t:|1770683839\n|-terastallize|p2b: Roaring Moon|Flying\n|move|p1b: Volbeat|Tailwind|p1b: Volbeat\n|-sidestart|p1: Lv. 21XX|move: Tailwind\n|move|p2b: Roaring Moon|Knock Off|p1a: Seviper\n|-damage|p1a: Seviper|29/296\n|-enditem|p1a: Seviper|Life Orb|[from] move: Knock Off|[of] p2b: Roaring Moon\n|move|p1a: Seviper|Gunk Shot|p2b: Roaring Moon|[miss]\n|-miss|p1a: Seviper|p2b: Roaring Moon\n|\n|upkeep\n|turn|15\n|\n|t:|1770683856\n|move|p1b: Volbeat|Encore|p2b: Roaring Moon\n|-start|p2b: Roaring Moon|Encore\n|move|p2b: Roaring Moon|Knock Off|p1b: Volbeat\n|-damage|p1b: Volbeat|0 fnt\n|faint|p1b: Volbeat\n|move|p1a: Seviper|Gunk Shot|p2b: Roaring Moon\n|-damage|p2b: Roaring Moon|74/285\n|\n|upkeep\n|turn|16\n|inactive|Lv. 21XX has 120 seconds left.\n|\n|t:|1770683880\n|move|p1a: Seviper|Protect|p1a: Seviper\n|-singleturn|p1a: Seviper|Protect\n|move|p2b: Roaring Moon|Knock Off|p1a: Seviper\n|-activate|p1a: Seviper|move: Protect\n|\n|-end|p2b: Roaring Moon|Disable\n|-sideend|p2: Ashnz966|move: Tailwind\n|upkeep\n|turn|17\n|inactive|Lv. 21XX has 120 seconds left.\n|\n|t:|1770683893\n|move|p1a: Seviper|Flamethrower|p2b: Roaring Moon\n|-damage|p2b: Roaring Moon|0 fnt\n|faint|p2b: Roaring Moon\n|-end|p2b: Roaring Moon|Protosynthesis|[silent]\n|\n|win|Lv. 21XX\n|raw|Lv. 21XX's rating: 1546 &rarr; <strong>1565</strong><br />(+19 for winning)\n|raw|Ashnz966's rating: 1529 &rarr; <strong>1510</strong><br />(-19 for losing)\n|c|☆Lv. 21XX|Gg\n|l|☆Ashnz966\n|player|p2|\n", "inputlog": ">version ccdc32dd7cde25fd9e4bed64820e885f66e78a4e\n>start {\"formatid\":\"gen9randomdoublesbattle\",\"seed\":\"sodium,0af4a0d2c11dc12e9e993900dee457f4\",\"rated\":\"Rated battle\"}\n>player p1 {\"name\":\"Lv. 21XX\",\"avatar\":\"102\",\"rating\":1546,\"seed\":\"sodium,8a53e6d9d2d6de2f7cb0170693ec2add\"}\n>player p2 {\"name\":\"Ashnz966\",\"avatar\":\"102\",\"rating\":1529,\"seed\":\"sodium,55ce59609667e28b0ff84e70e130937e\"}\n>p1 move fakeout +1, move tailwind\n>p2 move protect, move willowisp +1\n>p1 move knockoff +1, move encore +2\n>p2 move trickroom, switch 5\n>p1 switch 4, move encore +1\n>p2 switch 3, move heatwave\n>p1 move dracometeor +2, switch 4\n>p2 move snarl, move heatwave\n>p1 switch 5, move fakeout +1\n>p2 move playrough +2, move bodypress +2\n>p1 pass, switch 5\n>p1 move calmmind, move dracometeor +1\n>p2 move snarl, move heatwave\n>p1 move hypervoice, move sludgebomb +2\n>p2 move wildcharge +1, move heatwave\n>p2 switch 5, switch 6\n>p1 move hypervoice, move dracometeor +2\n>p2 move shadowball +1, move freezedry +2\n>p1 pass, switch 4\n>p1 move hypervoice, move tailwind\n>p2 move tailwind, move freezedry +1\n>p1 switch 6, pass\n>p1 move flamethrower +2, move thunderwave +1\n>p2 move willowisp +1, move freezedry +2\n>p2 pass, switch 3\n>p1 move flamethrower +2, move lunge +2\n>p2 move shadowball +2, move psychic +1\n>p2 pass, switch 4\n>p1 move protect, switch 3\n>p2 move strengthsap +1, move acrobatics +2\n>p1 move knockoff +1, move shellsmash terastallize\n>p2 move tailwind, move acrobatics +2\n>p1 pass, switch 3\n>p1 move gunkshot +2, move tailwind\n>p2 pass, move knockoff +1 terastallize\n>p1 move gunkshot +2, move encore +2\n>p2 pass, move knockoff +2\n>p1 move protect, pass\n>p2 pass, move knockoff +1\n>p1 move flamethrower +2, pass\n>p2 pass, move knockoff +1", "uploadtime": 1770683907, "views": 68, "formatid": "gen9randomdoublesbattle", "rating": 1510, "private": 0, "password": null}