{"id": "gen9randomdoublesbattle-2538028101", "format": "[Gen 9] Random Doubles Battle", "players": ["Sly Gambit", "nomadel147"], "log": "|j|☆Sly Gambit\n|j|☆nomadel147\n|t:|1770880483\n|gametype|doubles\n|player|p1|Sly Gambit|blue|1632\n|player|p2|nomadel147|265|1799\n|gen|9\n|tier|[Gen 9] Random Doubles Battle\n|rated|\n|rule|Species Clause: Limit one of each Pokémon\n|rule|HP Percentage Mod: HP is shown in percentages\n|rule|Illusion Level Mod: Illusion disguises the Pokémon's true level\n|rule|Sleep Clause Mod: Limit one foe put to sleep\n|\n|t:|1770880483\n|teamsize|p1|6\n|teamsize|p2|6\n|start\n|switch|p1a: Granbull|Granbull, L88, M|302/302\n|switch|p1b: Scizor|Scizor, L80, F|243/243\n|switch|p2a: Ursaluna|Ursaluna-Bloodmoon, L78, M|304/304\n|switch|p2b: Tauros|Tauros-Paldea-Aqua, L80, M|251/251\n|-ability|p2b: Tauros|Intimidate|boost\n|-unboost|p1a: Granbull|atk|1\n|-unboost|p1b: Scizor|atk|1\n|-ability|p1a: Granbull|Intimidate|boost\n|-unboost|p2a: Ursaluna|atk|1\n|-unboost|p2b: Tauros|atk|1\n|turn|1\n|inactive|Battle timer is ON: inactive players will automatically lose when time's up. (requested by Sly Gambit)\n|inactive|nomadel147 has 120 seconds left.\n|\n|t:|1770880528\n|switch|p2b: Brambleghast|Brambleghast, L86, M|235/235\n|move|p1b: Scizor|Swords Dance|p1b: Scizor\n|-boost|p1b: Scizor|atk|2\n|move|p1a: Granbull|Play Rough|p2b: Brambleghast\n|-damage|p2b: Brambleghast|142/235\n|move|p2a: Ursaluna|Blood Moon|p1a: Granbull\n|-damage|p1a: Granbull|148/302\n|\n|upkeep\n|turn|2\n|\n|t:|1770880550\n|switch|p2a: Tauros|Tauros-Paldea-Aqua, L80, M|251/251\n|-ability|p2a: Tauros|Intimidate|boost\n|-unboost|p1a: Granbull|atk|1\n|-unboost|p1b: Scizor|atk|1\n|move|p2b: Brambleghast|Poltergeist|p1b: Scizor|[miss]\n|-miss|p2b: Brambleghast|p1b: Scizor\n|move|p1b: Scizor|Bug Bite|p2b: Brambleghast\n|-damage|p2b: Brambleghast|18/235\n|move|p1a: Granbull|Close Combat|p2a: Tauros\n|-damage|p2a: Tauros|199/251\n|-unboost|p1a: Granbull|def|1\n|-unboost|p1a: Granbull|spd|1\n|\n|upkeep\n|turn|3\n|inactive|nomadel147 has 120 seconds left.\n|\n|t:|1770880588\n|switch|p2a: Slaking|Slaking, L89, M|412/412\n|switch|p2b: Heracross|Heracross, L82, F|265/265\n|move|p1b: Scizor|Bullet Punch|p2b: Heracross\n|-damage|p2b: Heracross|186/265\n|move|p1a: Granbull|Super Fang|p2a: Slaking\n|-damage|p2a: Slaking|206/412\n|\n|upkeep\n|turn|4\n|inactive|nomadel147 has 120 seconds left.\n|\n|t:|1770880611\n|switch|p1b: Skarmory|Skarmory, L85, F|249/249\n|move|p2a: Slaking|Knock Off|p1b: Skarmory\n|-damage|p1b: Skarmory|130/249\n|-enditem|p1b: Skarmory|Leftovers|[from] move: Knock Off|[of] p2a: Slaking\n|move|p2b: Heracross|Rock Slide|p1a: Granbull|[spread] p1a,p1b\n|-damage|p1a: Granbull|40/302\n|-damage|p1b: Skarmory|81/249\n|move|p1a: Granbull|Close Combat|p2a: Slaking\n|-supereffective|p2a: Slaking\n|-damage|p2a: Slaking|112/412\n|-unboost|p1a: Granbull|def|1\n|-unboost|p1a: Granbull|spd|1\n|\n|upkeep\n|turn|5\n|\n|t:|1770880632\n|switch|p2a: Brambleghast|Brambleghast, L86, M|18/235\n|move|p2b: Heracross|Rock Slide|p1a: Granbull|[spread] p1a\n|-miss|p2b: Heracross|p1b: Skarmory\n|-damage|p1a: Granbull|0 fnt\n|faint|p1a: Granbull\n|-ability|p2b: Heracross|Moxie|boost\n|-boost|p2b: Heracross|atk|1\n|move|p1b: Skarmory|Body Press|p2a: Brambleghast\n|-immune|p2a: Brambleghast\n|\n|upkeep\n|\n|t:|1770880639\n|switch|p1a: Lapras|Lapras, L83, M|351/351\n|turn|6\n|\n|t:|1770880652\n|move|p1a: Lapras|Protect|p1a: Lapras\n|-singleturn|p1a: Lapras|Protect\n|move|p2a: Brambleghast|Shadow Sneak|p1b: Skarmory\n|-damage|p1b: Skarmory|38/249\n|-damage|p2a: Brambleghast|0 fnt|[from] item: Life Orb\n|faint|p2a: Brambleghast\n|move|p2b: Heracross|Rock Slide|p1b: Skarmory|[spread] p1b\n|-activate|p1a: Lapras|move: Protect\n|-damage|p1b: Skarmory|0 fnt\n|faint|p1b: Skarmory\n|-ability|p2b: Heracross|Moxie|boost\n|-boost|p2b: Heracross|atk|1\n|\n|upkeep\n|\n|t:|1770880669\n|switch|p2a: Slaking|Slaking, L89, M|112/412\n|switch|p1b: Armarouge|Armarouge, L80, F|267/267\n|turn|7\n|\n|t:|1770880687\n|move|p1b: Armarouge|Protect|p1b: Armarouge\n|-singleturn|p1b: Armarouge|Protect\n|move|p2a: Slaking|Double-Edge|p1a: Lapras\n|-damage|p1a: Lapras|11/351\n|-enditem|p1a: Lapras|Sitrus Berry|[eat]\n|-heal|p1a: Lapras|98/351|[from] item: Sitrus Berry\n|-damage|p2a: Slaking|0 fnt|[from] Recoil\n|faint|p2a: Slaking\n|move|p2b: Heracross|Rock Slide|p1b: Armarouge|[spread] p1a\n|-activate|p1b: Armarouge|move: Protect\n|-supereffective|p1a: Lapras\n|-damage|p1a: Lapras|0 fnt\n|faint|p1a: Lapras\n|-ability|p2b: Heracross|Moxie|boost\n|-boost|p2b: Heracross|atk|1\n|\n|upkeep\n|inactive|Sly Gambit has 120 seconds left.\n|\n|t:|1770880709\n|switch|p2a: Kyogre|Kyogre, L65|238/238\n|switch|p1a: Brute Bonnet|Brute Bonnet, L80|309/309\n|-weather|RainDance|[from] ability: Drizzle|[of] p2a: Kyogre\n|turn|8\n|\n|t:|1770880724\n|-terastallize|p2b: Heracross|Rock\n|-terastallize|p1b: Armarouge|Dark\n|move|p2a: Kyogre|Water Spout|p1b: Armarouge|[spread] p1a,p1b\n|-resisted|p1a: Brute Bonnet\n|-damage|p1a: Brute Bonnet|230/309\n|-damage|p1b: Armarouge|93/267\n|move|p2b: Heracross|Rock Slide|p1b: Armarouge|[spread] p1a,p1b\n|-damage|p1a: Brute Bonnet|0 fnt\n|-damage|p1b: Armarouge|0 fnt\n|faint|p1a: Brute Bonnet\n|-end|p1a: Brute Bonnet|Protosynthesis|[silent]\n|faint|p1b: Armarouge\n|-ability|p2b: Heracross|Moxie|boost\n|-boost|p2b: Heracross|atk|2\n|\n|-weather|RainDance|[upkeep]\n|upkeep\n|-message|Sly Gambit forfeited.\n|\n|win|nomadel147\n|raw|Sly Gambit's rating: 1632 &rarr; <strong>1621</strong><br />(-11 for losing)\n|raw|nomadel147's rating: 1799 &rarr; <strong>1810</strong><br />(+11 for winning)\n|l|☆Sly Gambit\n|player|p1|\n", "inputlog": ">version ccdc32dd7cde25fd9e4bed64820e885f66e78a4e\n>start {\"formatid\":\"gen9randomdoublesbattle\",\"seed\":\"sodium,8c55a8d2cbb0b619c9cdd37405e26505\",\"rated\":\"Rated battle\"}\n>player p1 {\"name\":\"Sly Gambit\",\"avatar\":\"blue\",\"rating\":1632,\"seed\":\"sodium,02f5a997d5c3020a824e6dcab0ad1009\"}\n>player p2 {\"name\":\"nomadel147\",\"avatar\":\"265\",\"rating\":1799,\"seed\":\"sodium,7e9d0ed4cf7139de1c64a78fded359cf\"}\n>p1 move playrough +2, move swordsdance\n>p2 move bloodmoon +1, switch 3\n>p1 move closecombat +1, move bugbite +2\n>p2 switch 3, move poltergeist +2\n>p1 move superfang +1, move bulletpunch +2\n>p2 switch 4, switch 5\n>p1 move closecombat +1, switch 3\n>p2 move knockoff +2, move rockslide\n>p1 move closecombat +1, move bodypress +1\n>p2 switch 5, move rockslide\n>p1 switch 4, pass\n>p1 move protect, move bravebird +2\n>p2 move shadowsneak +2, move rockslide\n>p1 pass, switch 5\n>p2 switch 5, pass\n>p1 move muddywater, move protect\n>p2 move doubleedge +1, move rockslide\n>p1 switch 6, pass\n>p2 switch 6, pass\n>p1 move spore +2, move psychic +2 terastallize\n>p2 move waterspout, move rockslide terastallize\n>forcelose p1", "uploadtime": 1770880744, "views": 72, "formatid": "gen9randomdoublesbattle", "rating": 1621, "private": 0, "password": null}