{"id": "gen9randomdoublesbattle-2539361523", "format": "[Gen 9] Random Doubles Battle", "players": ["Atatwe", "Muito Prazer"], "log": "|j|☆Atatwe\n|j|☆Muito Prazer\n|t:|1771043990\n|gametype|doubles\n|player|p1|Atatwe|102|1775\n|player|p2|Muito Prazer|lance|1815\n|gen|9\n|tier|[Gen 9] Random Doubles Battle\n|rated|\n|rule|Species Clause: Limit one of each Pokémon\n|rule|HP Percentage Mod: HP is shown in percentages\n|rule|Illusion Level Mod: Illusion disguises the Pokémon's true level\n|rule|Sleep Clause Mod: Limit one foe put to sleep\n|\n|t:|1771043990\n|teamsize|p1|6\n|teamsize|p2|6\n|start\n|switch|p1a: Kingambit|Kingambit, L77, F|281/281\n|switch|p1b: Zangoose|Zangoose, L87, F|269/269\n|switch|p2a: Skeledirge|Skeledirge, L80, M|298/298\n|switch|p2b: Iron Jugulis|Iron Jugulis, L79|278/278\n|turn|1\n|\n|t:|1771044016\n|move|p1b: Zangoose|Protect|p1b: Zangoose\n|-singleturn|p1b: Zangoose|Protect\n|move|p2b: Iron Jugulis|Tailwind|p2b: Iron Jugulis\n|-sidestart|p2: Muito Prazer|move: Tailwind\n|move|p2a: Skeledirge|Torch Song|p1a: Kingambit\n|-supereffective|p1a: Kingambit\n|-damage|p1a: Kingambit|99/281\n|-boost|p2a: Skeledirge|spa|1\n|-enditem|p1a: Kingambit|Sitrus Berry|[eat]\n|-heal|p1a: Kingambit|169/281|[from] item: Sitrus Berry\n|move|p1a: Kingambit|Swords Dance|p1a: Kingambit\n|-boost|p1a: Kingambit|atk|2\n|\n|-status|p1b: Zangoose|tox|[from] item: Toxic Orb\n|upkeep\n|turn|2\n|\n|t:|1771044046\n|switch|p2a: Regirock|Regirock, L82|265/265\n|move|p1a: Kingambit|Sucker Punch||[still]\n|-fail|p1a: Kingambit\n|move|p2b: Iron Jugulis|Dark Pulse|p1b: Zangoose\n|-damage|p1b: Zangoose|108/269 tox\n|-damage|p2b: Iron Jugulis|251/278|[from] item: Life Orb\n|move|p1b: Zangoose|Facade|p2b: Iron Jugulis\n|-damage|p2b: Iron Jugulis|0 fnt\n|faint|p2b: Iron Jugulis\n|-end|p2b: Iron Jugulis|Quark Drive|[silent]\n|\n|-damage|p1b: Zangoose|92/269 tox|[from] psn\n|upkeep\n|inactive|Battle timer is ON: inactive players will automatically lose when time's up. (requested by Atatwe)\n|\n|t:|1771044132\n|switch|p2b: Hitmonchan|Hitmonchan, L90, M|236/236\n|turn|3\n|\n|t:|1771044145\n|move|p1b: Zangoose|Protect|p1b: Zangoose\n|-singleturn|p1b: Zangoose|Protect\n|move|p2b: Hitmonchan|Fake Out|p1b: Zangoose\n|-activate|p1b: Zangoose|move: Protect\n|move|p1a: Kingambit|Sucker Punch||[still]\n|-fail|p1a: Kingambit\n|move|p2a: Regirock|Body Press|p1a: Kingambit\n|-supereffective|p1a: Kingambit\n|-damage|p1a: Kingambit|0 fnt\n|faint|p1a: Kingambit\n|\n|-damage|p1b: Zangoose|60/269 tox|[from] psn\n|upkeep\n|\n|t:|1771044163\n|switch|p1a: Banette|Banette, L94, M|273/273\n|-item|p2a: Regirock|Chesto Berry|[from] ability: Frisk|[of] p1a: Banette\n|-item|p2b: Hitmonchan|Assault Vest|[from] ability: Frisk|[of] p1a: Banette\n|turn|4\n|inactive|Muito Prazer has 120 seconds left.\n|\n|t:|1771044196\n|move|p1b: Zangoose|Protect|p1b: Zangoose\n|-singleturn|p1b: Zangoose|Protect\n|move|p2b: Hitmonchan|Knock Off|p1a: Banette\n|-supereffective|p1a: Banette\n|-damage|p1a: Banette|87/273\n|-enditem|p1a: Banette|Life Orb|[from] move: Knock Off|[of] p2b: Hitmonchan\n|move|p2a: Regirock|Body Press|p1b: Zangoose\n|-activate|p1b: Zangoose|move: Protect\n|move|p1a: Banette|Poltergeist|p2b: Hitmonchan\n|-activate|p2b: Hitmonchan|move: Poltergeist|Assault Vest\n|-damage|p2b: Hitmonchan|74/236\n|\n|-damage|p1b: Zangoose|12/269 tox|[from] psn\n|-sideend|p2: Muito Prazer|move: Tailwind\n|upkeep\n|turn|5\n|\n|t:|1771044219\n|move|p1a: Banette|Shadow Sneak|p2b: Hitmonchan\n|-damage|p2b: Hitmonchan|11/236\n|move|p1b: Zangoose|Close Combat|p2a: Regirock\n|-supereffective|p2a: Regirock\n|-damage|p2a: Regirock|101/265\n|-unboost|p1b: Zangoose|def|1\n|-unboost|p1b: Zangoose|spd|1\n|move|p2b: Hitmonchan|Knock Off|p1a: Banette\n|-supereffective|p1a: Banette\n|-damage|p1a: Banette|0 fnt\n|faint|p1a: Banette\n|move|p2a: Regirock|Iron Defense|p2a: Regirock\n|-boost|p2a: Regirock|def|2\n|\n|-damage|p1b: Zangoose|0 fnt|[from] psn\n|faint|p1b: Zangoose\n|upkeep\n|\n|t:|1771044238\n|switch|p1b: Dachsbun|Dachsbun, L90, F|249/249\n|switch|p1a: Mew|Mew, L84|305/305\n|turn|6\n|\n|t:|1771044249\n|move|p1b: Dachsbun|Snarl|p2a: Regirock|[spread] p2a,p2b\n|-resisted|p2b: Hitmonchan\n|-damage|p2a: Regirock|83/265\n|-damage|p2b: Hitmonchan|5/236\n|-unboost|p2b: Hitmonchan|spa|1\n|move|p1a: Mew|Psychic|p2a: Regirock\n|-damage|p2a: Regirock|0 fnt\n|faint|p2a: Regirock\n|-damage|p1a: Mew|275/305|[from] item: Life Orb\n|move|p2b: Hitmonchan|Knock Off|p1a: Mew\n|-supereffective|p1a: Mew\n|-damage|p1a: Mew|109/305\n|-enditem|p1a: Mew|Life Orb|[from] move: Knock Off|[of] p2b: Hitmonchan\n|\n|upkeep\n|\n|t:|1771044257\n|switch|p2a: Skeledirge|Skeledirge, L80, M|298/298\n|turn|7\n|\n|t:|1771044265\n|move|p1b: Dachsbun|Snarl|p2a: Skeledirge|[spread] p2a,p2b\n|-supereffective|p2a: Skeledirge\n|-resisted|p2b: Hitmonchan\n|-damage|p2a: Skeledirge|246/298\n|-damage|p2b: Hitmonchan|0 fnt\n|-unboost|p2a: Skeledirge|spa|1\n|faint|p2b: Hitmonchan\n|move|p1a: Mew|Psychic|p2a: Skeledirge\n|-damage|p2a: Skeledirge|138/298\n|move|p2a: Skeledirge|Shadow Ball|p1a: Mew\n|-supereffective|p1a: Mew\n|-damage|p1a: Mew|0 fnt\n|faint|p1a: Mew\n|\n|-heal|p2a: Skeledirge|156/298|[from] item: Leftovers\n|upkeep\n|\n|t:|1771044279\n|switch|p1a: Feraligatr|Feraligatr, L82, M|274/274\n|switch|p2b: Torterra|Torterra, L81, M|287/287\n|turn|8\n|\n|t:|1771044306\n|-terastallize|p1a: Feraligatr|Fire\n|move|p1b: Dachsbun|Yawn|p2b: Torterra\n|-start|p2b: Torterra|move: Yawn|[of] p1b: Dachsbun\n|move|p1a: Feraligatr|Dragon Dance|p1a: Feraligatr\n|-boost|p1a: Feraligatr|atk|1\n|-boost|p1a: Feraligatr|spe|1\n|move|p2a: Skeledirge|Slack Off|p2a: Skeledirge\n|-heal|p2a: Skeledirge|298/298\n|move|p2b: Torterra|Shell Smash|p2b: Torterra\n|-unboost|p2b: Torterra|def|1\n|-unboost|p2b: Torterra|spd|1\n|-boost|p2b: Torterra|atk|2\n|-boost|p2b: Torterra|spa|2\n|-boost|p2b: Torterra|spe|2\n|-enditem|p2b: Torterra|White Herb\n|-clearnegativeboost|p2b: Torterra|[silent]\n|\n|upkeep\n|turn|9\n|inactive|Muito Prazer has 120 seconds left.\n|\n|t:|1771044349\n|move|p1a: Feraligatr|Protect|p1a: Feraligatr\n|-singleturn|p1a: Feraligatr|Protect\n|move|p2b: Torterra|Headlong Rush|p1a: Feraligatr\n|-activate|p1a: Feraligatr|move: Protect\n|move|p1b: Dachsbun|Snarl|p2b: Torterra|[spread] p2a,p2b\n|-supereffective|p2a: Skeledirge\n|-damage|p2a: Skeledirge|250/298\n|-damage|p2b: Torterra|263/287\n|-unboost|p2a: Skeledirge|spa|1\n|-unboost|p2b: Torterra|spa|1\n|move|p2a: Skeledirge|Torch Song|p1a: Feraligatr\n|-activate|p1a: Feraligatr|move: Protect\n|\n|-heal|p2a: Skeledirge|268/298|[from] item: Leftovers\n|-end|p2b: Torterra|move: Yawn|[silent]\n|-status|p2b: Torterra|slp\n|upkeep\n|turn|10\n|\n|t:|1771044366\n|cant|p2b: Torterra|slp\n|move|p1a: Feraligatr|Ice Punch|p2b: Torterra\n|-supereffective|p2b: Torterra\n|-crit|p2b: Torterra\n|-damage|p2b: Torterra|0 fnt\n|faint|p2b: Torterra\n|move|p1b: Dachsbun|Snarl|p2a: Skeledirge\n|-supereffective|p2a: Skeledirge\n|-damage|p2a: Skeledirge|200/298\n|-unboost|p2a: Skeledirge|spa|1\n|move|p2a: Skeledirge|Shadow Ball|p1a: Feraligatr\n|-damage|p1a: Feraligatr|235/274\n|\n|-heal|p2a: Skeledirge|218/298|[from] item: Leftovers\n|upkeep\n|\n|t:|1771044369\n|switch|p2b: Komala|Komala, L92, M|269/269\n|-ability|p2b: Komala|Comatose\n|turn|11\n|\n|t:|1771044393\n|-terastallize|p2b: Komala|Grass\n|move|p1a: Feraligatr|Liquidation|p2a: Skeledirge\n|-supereffective|p2a: Skeledirge\n|-damage|p2a: Skeledirge|0 fnt\n|faint|p2a: Skeledirge\n|move|p1b: Dachsbun|Yawn|p2b: Komala\n|-start|p2b: Komala|move: Yawn|[of] p1b: Dachsbun\n|move|p2b: Komala|Double-Edge|p1a: Feraligatr\n|-damage|p1a: Feraligatr|0 fnt\n|faint|p1a: Feraligatr\n|-damage|p2b: Komala|191/269|[from] Recoil\n|\n|upkeep\n|turn|12\n|\n|t:|1771044404\n|move|p1b: Dachsbun|Play Rough|p2b: Komala\n|-damage|p2b: Komala|77/269\n|move|p2b: Komala|Double-Edge|p1b: Dachsbun\n|-damage|p1b: Dachsbun|50/249\n|-enditem|p1b: Dachsbun|Sitrus Berry|[eat]\n|-heal|p1b: Dachsbun|112/249|[from] item: Sitrus Berry\n|-damage|p2b: Komala|11/269|[from] Recoil\n|\n|-end|p2b: Komala|move: Yawn|[silent]\n|upkeep\n|turn|13\n|\n|t:|1771044413\n|move|p1b: Dachsbun|Play Rough|p2b: Komala|[miss]\n|-miss|p1b: Dachsbun|p2b: Komala\n|move|p2b: Komala|Double-Edge|p1b: Dachsbun\n|-damage|p1b: Dachsbun|0 fnt\n|faint|p1b: Dachsbun\n|-damage|p2b: Komala|0 fnt|[from] Recoil\n|faint|p2b: Komala\n|\n|win|Muito Prazer\n|raw|Atatwe's rating: 1775 &rarr; <strong>1756</strong><br />(-19 for losing)\n|raw|Muito Prazer's rating: 1798 &rarr; <strong>1817</strong><br />(+19 for winning)\n|c|☆Atatwe|Bruh\n|c|☆Atatwe|Lmao\n|l|☆Muito Prazer\n|player|p2|\n", "inputlog": ">version ccdc32dd7cde25fd9e4bed64820e885f66e78a4e\n>start {\"formatid\":\"gen9randomdoublesbattle\",\"seed\":\"sodium,c0c9752e15ac3242249faed20a5c0f48\",\"rated\":\"Rated battle\"}\n>player p1 {\"name\":\"Atatwe\",\"avatar\":\"102\",\"rating\":1775,\"seed\":\"sodium,e2b3043ccb47a0b4c065a3b170613b7e\"}\n>player p2 {\"name\":\"Muito Prazer\",\"avatar\":\"lance\",\"rating\":1815,\"seed\":\"sodium,b4d688d76466af2cc424dc10c6af35bd\"}\n>p1 move swordsdance, move protect\n>p2 move torchsong +1, move tailwind\n>p1 move suckerpunch +1, move facade +2\n>p2 switch 6, move darkpulse +2\n>p2 pass, switch 3\n>p1 move suckerpunch +2, move protect\n>p2 move bodypress +1, move fakeout +2\n>p1 switch 5, pass\n>p1 move poltergeist +2, move protect\n>p2 move bodypress +2, move knockoff +1\n>p1 move shadowsneak +2, move closecombat +1\n>p2 move irondefense, move knockoff +1\n>p1 switch 3, switch 4\n>p1 move psychic +1, move snarl\n>p2 move rest, move knockoff +1\n>p2 switch 6, pass\n>p1 move psychic +2, move snarl\n>p2 move shadowball +1, move poisonjab +2\n>p1 switch 6, pass\n>p2 pass, switch 5\n>p1 move dragondance terastallize, move yawn +2\n>p2 move slackoff, move shellsmash\n>p1 move protect, move snarl\n>p2 move torchsong +1, move headlongrush +1\n>p1 move icepunch +2, move snarl\n>p2 move shadowball +1, move headlongrush +1\n>p2 pass, switch 4\n>p1 move liquidation +1, move yawn +2\n>p2 move shadowball +1, move doubleedge +1 terastallize\n>p1 pass, move playrough +2\n>p2 pass, move doubleedge +2\n>p1 pass, move playrough +2\n>p2 pass, move doubleedge +2", "uploadtime": 1771044442, "views": 89, "formatid": "gen9randomdoublesbattle", "rating": 1756, "private": 0, "password": null}