{"id": "gen9randomdoublesbattle-2534558455", "format": "[Gen 9] Random Doubles Battle", "players": ["noeisdabest", "marco365"], "log": "|j|☆noeisdabest\n|j|☆marco365\n|t:|1770436860\n|gametype|doubles\n|player|p1|noeisdabest|265|1591\n|player|p2|marco365|170|1633\n|gen|9\n|tier|[Gen 9] Random Doubles Battle\n|rated|\n|rule|Species Clause: Limit one of each Pokémon\n|rule|HP Percentage Mod: HP is shown in percentages\n|rule|Illusion Level Mod: Illusion disguises the Pokémon's true level\n|rule|Sleep Clause Mod: Limit one foe put to sleep\n|\n|t:|1770436860\n|teamsize|p1|6\n|teamsize|p2|6\n|start\n|switch|p1a: Dragapult|Dragapult, L79, M|269/269\n|switch|p1b: Munkidori|Munkidori, L80, M|272/272\n|switch|p2a: Sylveon|Sylveon, L79, F|280/280\n|switch|p2b: Muk|Muk, L86, F|321/321\n|turn|1\n|\n|t:|1770436918\n|move|p1b: Munkidori|Fake Out|p2a: Sylveon\n|-crit|p2a: Sylveon\n|-damage|p2a: Sylveon|237/280\n|move|p1a: Dragapult|Dragon Darts|p2b: Muk\n|-damage|p2b: Muk|242/321\n|-anim|p1a: Dragapult|Dragon Darts|p2b: Muk\n|-damage|p2b: Muk|167/321\n|-damage|p1a: Dragapult|243/269|[from] item: Life Orb\n|cant|p2a: Sylveon|flinch\n|move|p2b: Muk|Knock Off|p1b: Munkidori\n|-supereffective|p1b: Munkidori\n|-crit|p1b: Munkidori\n|-damage|p1b: Munkidori|0 fnt\n|-enditem|p1b: Munkidori|Assault Vest|[from] move: Knock Off|[of] p2b: Muk\n|faint|p1b: Munkidori\n|\n|-heal|p2a: Sylveon|254/280|[from] item: Leftovers\n|upkeep\n|\n|t:|1770436925\n|switch|p1b: Ting-Lu|Ting-Lu, L82|388/388\n|-ability|p1b: Ting-Lu|Vessel of Ruin\n|turn|2\n|\n|t:|1770436963\n|move|p1a: Dragapult|Protect|p1a: Dragapult\n|-singleturn|p1a: Dragapult|Protect\n|move|p2a: Sylveon|Hyper Voice|p1b: Ting-Lu|[spread] p1b\n|-activate|p1a: Dragapult|move: Protect\n|-supereffective|p1b: Ting-Lu\n|-damage|p1b: Ting-Lu|256/388\n|move|p2b: Muk|Knock Off|p1a: Dragapult\n|-activate|p1a: Dragapult|move: Protect\n|move|p1b: Ting-Lu|Whirlwind|p2a: Sylveon\n|drag|p2a: Victreebel|Victreebel, L91, F|293/293\n|\n|upkeep\n|turn|3\n|inactive|Battle timer is ON: inactive players will automatically lose when time's up. (requested by marco365)\n|\n|t:|1770437027\n|move|p1a: Dragapult|Dragon Darts|p2b: Muk\n|-damage|p2b: Muk|81/321\n|-enditem|p2b: Muk|Sitrus Berry|[eat]\n|-heal|p2b: Muk|161/321|[from] item: Sitrus Berry\n|-anim|p1a: Dragapult|Dragon Darts|p2a: Victreebel\n|-damage|p2a: Victreebel|215/293\n|-damage|p1a: Dragapult|217/269|[from] item: Life Orb\n|move|p2a: Victreebel|Power Whip|p1b: Ting-Lu\n|-supereffective|p1b: Ting-Lu\n|-damage|p1b: Ting-Lu|0 fnt\n|faint|p1b: Ting-Lu\n|-damage|p2a: Victreebel|186/293|[from] item: Life Orb\n|move|p2b: Muk|Knock Off|p1a: Dragapult\n|-supereffective|p1a: Dragapult\n|-damage|p1a: Dragapult|25/269\n|-enditem|p1a: Dragapult|Life Orb|[from] move: Knock Off|[of] p2b: Muk\n|\n|upkeep\n|\n|t:|1770437033\n|switch|p1b: Blaziken|Blaziken, L79, M|256/256\n|turn|4\n|inactive|marco365 has 120 seconds left.\n|\n|t:|1770437081\n|switch|p1a: Baxcalibur|Baxcalibur, L78, F|307/307\n|switch|p2a: Infernape|Infernape, L82, M|259/259\n|switch|p2b: Sylveon|Sylveon, L79, F|254/280\n|move|p1b: Blaziken|Overheat|p2a: Infernape\n|-resisted|p2a: Infernape\n|-damage|p2a: Infernape|149/259\n|-unboost|p1b: Blaziken|spa|2\n|-damage|p1b: Blaziken|231/256|[from] item: Life Orb\n|\n|-heal|p2b: Sylveon|271/280|[from] item: Leftovers\n|-ability|p1b: Blaziken|Speed Boost|boost\n|-boost|p1b: Blaziken|spe|1\n|upkeep\n|turn|5\n|inactive|marco365 has 120 seconds left.\n|inactive|noeisdabest has 120 seconds left.\n|\n|t:|1770437124\n|move|p1b: Blaziken|Stone Edge|p2b: Sylveon\n|-damage|p2b: Sylveon|149/280\n|-damage|p1b: Blaziken|206/256|[from] item: Life Orb\n|move|p2a: Infernape|Close Combat|p1a: Baxcalibur\n|-supereffective|p1a: Baxcalibur\n|-damage|p1a: Baxcalibur|59/307\n|-unboost|p2a: Infernape|def|1\n|-unboost|p2a: Infernape|spd|1\n|move|p1a: Baxcalibur|Icicle Spear|p2b: Sylveon\n|-damage|p2b: Sylveon|109/280\n|-damage|p2b: Sylveon|64/280\n|-damage|p2b: Sylveon|21/280\n|-damage|p2b: Sylveon|0 fnt\n|faint|p2b: Sylveon\n|-hitcount|p2: Sylveon|4\n|\n|-ability|p1b: Blaziken|Speed Boost|boost\n|-boost|p1b: Blaziken|spe|1\n|upkeep\n|inactive|marco365 has 90 seconds left.\n|\n|t:|1770437146\n|switch|p2b: Muk|Muk, L86, F|161/321\n|turn|6\n|inactive|noeisdabest has 120 seconds left.\n|\n|t:|1770437168\n|switch|p2a: Flygon|Flygon, L83, F|268/268\n|move|p1b: Blaziken|Stone Edge|p2b: Muk\n|-damage|p2b: Muk|64/321\n|-damage|p1b: Blaziken|181/256|[from] item: Life Orb\n|move|p1a: Baxcalibur|Scale Shot|p2a: Flygon\n|-supereffective|p2a: Flygon\n|-damage|p2a: Flygon|202/268\n|-supereffective|p2a: Flygon\n|-damage|p2a: Flygon|128/268\n|-supereffective|p2a: Flygon\n|-damage|p2a: Flygon|62/268\n|-supereffective|p2a: Flygon\n|-damage|p2a: Flygon|0 fnt\n|faint|p2a: Flygon\n|-hitcount|p2: Flygon|4\n|-unboost|p1a: Baxcalibur|def|1\n|-boost|p1a: Baxcalibur|spe|1\n|move|p2b: Muk|Poison Gas|p1a: Baxcalibur|[spread] p1a,p1b\n|-status|p1a: Baxcalibur|psn\n|-status|p1b: Blaziken|psn\n|\n|-damage|p1b: Blaziken|149/256 psn|[from] psn\n|-damage|p1a: Baxcalibur|21/307 psn|[from] psn\n|-ability|p1b: Blaziken|Speed Boost|boost\n|-boost|p1b: Blaziken|spe|1\n|upkeep\n|inactive|marco365 has 90 seconds left.\n|\n|t:|1770437196\n|switch|p2a: Gouging Fire|Gouging Fire, L75|281/281\n|turn|7\n|inactive|marco365 has 90 seconds left.\n|\n|t:|1770437209\n|move|p2a: Gouging Fire|Burning Bulwark|p2a: Gouging Fire\n|-singleturn|p2a: Gouging Fire|move: Protect\n|move|p2b: Muk|Shadow Sneak|p1b: Blaziken\n|-damage|p1b: Blaziken|112/256 psn\n|move|p1b: Blaziken|Stone Edge|p2a: Gouging Fire\n|-activate|p2a: Gouging Fire|move: Protect\n|move|p1a: Baxcalibur|Icicle Spear|p2b: Muk\n|-damage|p2b: Muk|28/321\n|-damage|p2b: Muk|0 fnt\n|faint|p2b: Muk\n|-hitcount|p2: Muk|2\n|\n|-damage|p1b: Blaziken|80/256 psn|[from] psn\n|-damage|p1a: Baxcalibur|0 fnt|[from] psn\n|faint|p1a: Baxcalibur\n|-ability|p1b: Blaziken|Speed Boost|boost\n|-boost|p1b: Blaziken|spe|1\n|upkeep\n|inactive|marco365 has 90 seconds left.\n|\n|t:|1770437229\n|switch|p1a: Dragapult|Dragapult, L79, M|25/269\n|switch|p2b: Infernape|Infernape, L82, M|149/259\n|turn|8\n|inactive|marco365 has 90 seconds left.\n|\n|t:|1770437252\n|-terastallize|p2a: Gouging Fire|Fire\n|move|p2b: Infernape|Fake Out|p1b: Blaziken\n|-damage|p1b: Blaziken|42/256 psn\n|cant|p1b: Blaziken|flinch\n|move|p1a: Dragapult|Dragon Darts|p2a: Gouging Fire\n|-damage|p2a: Gouging Fire|233/281\n|-anim|p1a: Dragapult|Dragon Darts|p2b: Infernape\n|-damage|p2b: Infernape|82/259\n|move|p2a: Gouging Fire|Dragon Claw|p1a: Dragapult\n|-supereffective|p1a: Dragapult\n|-damage|p1a: Dragapult|0 fnt\n|faint|p1a: Dragapult\n|\n|-damage|p1b: Blaziken|10/256 psn|[from] psn\n|-ability|p1b: Blaziken|Speed Boost|boost\n|-boost|p1b: Blaziken|spe|1\n|upkeep\n|\n|t:|1770437256\n|switch|p1a: Dachsbun|Dachsbun, L90, M|249/249\n|turn|9\n|inactive|marco365 has 90 seconds left.\n|\n|t:|1770437285\n|move|p2a: Gouging Fire|Burning Bulwark|p2a: Gouging Fire\n|-singleturn|p2a: Gouging Fire|move: Protect\n|move|p1b: Blaziken|Close Combat|p2b: Infernape\n|-damage|p2b: Infernape|0 fnt\n|-unboost|p1b: Blaziken|def|1\n|-unboost|p1b: Blaziken|spd|1\n|faint|p2b: Infernape\n|-damage|p1b: Blaziken|0 fnt|[from] item: Life Orb\n|faint|p1b: Blaziken\n|move|p1a: Dachsbun|Howl|p1a: Dachsbun\n|-boost|p1a: Dachsbun|atk|1\n|\n|upkeep\n|\n|t:|1770437299\n|switch|p2b: Victreebel|Victreebel, L91, F|186/293\n|turn|10\n|inactive|marco365 has 90 seconds left.\n|\n|t:|1770437318\n|-terastallize|p1a: Dachsbun|Steel\n|move|p2b: Victreebel|Protect|p2b: Victreebel\n|-singleturn|p2b: Victreebel|Protect\n|move|p1a: Dachsbun|Body Press|p2a: Gouging Fire\n|-damage|p2a: Gouging Fire|166/281\n|move|p2a: Gouging Fire|Dragon Dance|p2a: Gouging Fire\n|-boost|p2a: Gouging Fire|atk|1\n|-boost|p2a: Gouging Fire|spe|1\n|\n|upkeep\n|turn|11\n|\n|t:|1770437337\n|move|p2a: Gouging Fire|Dragon Dance|p2a: Gouging Fire\n|-boost|p2a: Gouging Fire|atk|1\n|-boost|p2a: Gouging Fire|spe|1\n|move|p1a: Dachsbun|Body Press|p2b: Victreebel\n|-resisted|p2b: Victreebel\n|-damage|p2b: Victreebel|146/293\n|move|p2b: Victreebel|Knock Off|p1a: Dachsbun\n|-damage|p1a: Dachsbun|170/249\n|-enditem|p1a: Dachsbun|Sitrus Berry|[from] move: Knock Off|[of] p2b: Victreebel\n|-damage|p2b: Victreebel|117/293|[from] item: Life Orb\n|\n|upkeep\n|turn|12\n|inactive|marco365 has 120 seconds left.\n|\n|t:|1770437354\n|move|p2a: Gouging Fire|Heat Crash|p1a: Dachsbun\n|-ability|p1a: Dachsbun|Well-Baked Body|boost\n|-boost|p1a: Dachsbun|def|2\n|move|p1a: Dachsbun|Howl|p1a: Dachsbun\n|-boost|p1a: Dachsbun|atk|1\n|move|p2b: Victreebel|Knock Off|p1a: Dachsbun\n|-crit|p1a: Dachsbun\n|-damage|p1a: Dachsbun|91/249\n|-damage|p2b: Victreebel|88/293|[from] item: Life Orb\n|\n|upkeep\n|turn|13\n|\n|t:|1770437367\n|move|p2a: Gouging Fire|Dragon Claw|p1a: Dachsbun\n|-resisted|p1a: Dachsbun\n|-damage|p1a: Dachsbun|60/249\n|move|p1a: Dachsbun|Body Press|p2b: Victreebel\n|-resisted|p2b: Victreebel\n|-damage|p2b: Victreebel|6/293\n|move|p2b: Victreebel|Knock Off|p1a: Dachsbun\n|-damage|p1a: Dachsbun|31/249\n|-damage|p2b: Victreebel|0 fnt|[from] item: Life Orb\n|faint|p2b: Victreebel\n|\n|upkeep\n|turn|14\n|\n|t:|1770437382\n|move|p2a: Gouging Fire|Dragon Claw|p1a: Dachsbun\n|-resisted|p1a: Dachsbun\n|-damage|p1a: Dachsbun|1/249\n|move|p1a: Dachsbun|Body Press|p2a: Gouging Fire\n|-damage|p2a: Gouging Fire|25/281\n|\n|upkeep\n|turn|15\n|\n|t:|1770437391\n|move|p2a: Gouging Fire|Dragon Claw|p1a: Dachsbun\n|-resisted|p1a: Dachsbun\n|-damage|p1a: Dachsbun|0 fnt\n|faint|p1a: Dachsbun\n|\n|win|marco365\n|raw|noeisdabest's rating: 1591 &rarr; <strong>1573</strong><br />(-18 for losing)\n|raw|marco365's rating: 1633 &rarr; <strong>1651</strong><br />(+18 for winning)\n|l|☆noeisdabest\n|player|p1|\n|c|☆marco365|Gh\n|c|☆marco365|Gg\n", "inputlog": ">version ccdc32dd7cde25fd9e4bed64820e885f66e78a4e\n>start {\"formatid\":\"gen9randomdoublesbattle\",\"seed\":\"sodium,d794d5b448277d17c863b83587c016e8\",\"rated\":\"Rated battle\"}\n>player p1 {\"name\":\"noeisdabest\",\"avatar\":\"265\",\"rating\":1591,\"seed\":\"sodium,a53cace92afccac09ee1c91659ba9d94\"}\n>player p2 {\"name\":\"marco365\",\"avatar\":\"170\",\"rating\":1633,\"seed\":\"sodium,ebaacb853f404a8f5791af6a763b39f4\"}\n>p1 move dragondarts +2, move fakeout +1\n>p2 move hypervoice, move knockoff +2\n>p1 pass, switch 3\n>p1 move protect, move whirlwind +1\n>p2 move hypervoice, move knockoff +1\n>p1 move dragondarts +2, move stealthrock\n>p2 move powerwhip +2, move knockoff +1\n>p1 pass, switch 5\n>p1 switch 6, move overheat +1\n>p2 switch 3, switch 5\n>p1 move iciclespear +2, move stoneedge +2\n>p2 move closecombat +1, move calmmind\n>p2 pass, switch 5\n>p1 move scaleshot +1, move stoneedge +2\n>p2 switch 4, move poisongas\n>p2 switch 6, pass\n>p1 move iciclespear +2, move stoneedge +1\n>p2 move burningbulwark, move shadowsneak +2\n>p1 switch 6, pass\n>p2 pass, switch 4\n>p1 move dragondarts +1, move closecombat +2\n>p2 move dragonclaw +1 terastallize, move fakeout +2\n>p1 switch 4, pass\n>p1 move howl, move closecombat +2\n>p2 move burningbulwark, move knockoff +1\n>p2 pass, switch 3\n>p1 move bodypress +1 terastallize, pass\n>p2 move dragondance, move protect\n>p1 move bodypress +2, pass\n>p2 move dragondance, move knockoff +1\n>p1 move howl, pass\n>p2 move heatcrash +1, move knockoff +1\n>p1 move bodypress +2, pass\n>p2 move dragonclaw +1, move knockoff +1\n>p1 move bodypress +1, pass\n>p2 move dragonclaw +1, pass\n>p1 move bodypress +1, pass\n>p2 move dragonclaw +1, pass", "uploadtime": 1770437400, "views": 94, "formatid": "gen9randomdoublesbattle", "rating": 1573, "private": 0, "password": null}