{"id": "gen9randomdoublesbattle-2538595980", "format": "[Gen 9] Random Doubles Battle", "players": ["mrkalux", "chi_chihuahuadog"], "log": "|j|☆mrkalux\n|j|☆chi_chihuahuadog\n|t:|1770944994\n|gametype|doubles\n|player|p1|mrkalux|aromalady|1588\n|player|p2|chi_chihuahuadog|102|1653\n|gen|9\n|tier|[Gen 9] Random Doubles Battle\n|rated|\n|rule|Species Clause: Limit one of each Pokémon\n|rule|HP Percentage Mod: HP is shown in percentages\n|rule|Illusion Level Mod: Illusion disguises the Pokémon's true level\n|rule|Sleep Clause Mod: Limit one foe put to sleep\n|\n|t:|1770944994\n|teamsize|p1|6\n|teamsize|p2|6\n|start\n|switch|p1a: Glalie|Glalie, L94, M|303/303\n|switch|p1b: Falinks|Falinks, L87|238/238\n|switch|p2a: Regieleki|Regieleki, L79|256/256\n|switch|p2b: Wugtrio|Wugtrio, L92, F|214/214\n|turn|1\n|inactive|Battle timer is ON: inactive players will automatically lose when time's up. (requested by chi_chihuahuadog)\n|\n|t:|1770945012\n|switch|p1b: Indeedee|Indeedee, L79, M|224/224\n|-fieldstart|move: Psychic Terrain|[from] ability: Psychic Surge|[of] p1b: Indeedee\n|move|p2a: Regieleki|Electroweb|p1a: Glalie|[spread] p1a,p1b\n|-damage|p1a: Glalie|243/303\n|-damage|p1b: Indeedee|163/224\n|-unboost|p1a: Glalie|spe|1\n|-unboost|p1b: Indeedee|spe|1\n|move|p2b: Wugtrio|Liquidation|p1b: Indeedee\n|-damage|p1b: Indeedee|0 fnt\n|faint|p1b: Indeedee\n|move|p1a: Glalie|Freeze-Dry|p2b: Wugtrio\n|-supereffective|p2b: Wugtrio\n|-crit|p2b: Wugtrio\n|-damage|p2b: Wugtrio|0 fnt\n|faint|p2b: Wugtrio\n|\n|upkeep\n|\n|t:|1770945038\n|switch|p2b: Mienshao|Mienshao, L84, F|246/246\n|switch|p1b: Falinks|Falinks, L87|255/255\n|turn|2\n|\n|t:|1770945047\n|move|p1b: Falinks|Protect|p1b: Falinks\n|-singleturn|p1b: Falinks|Protect\n|move|p2a: Regieleki|Electroweb|p1a: Glalie|[spread] p1a\n|-activate|p1b: Falinks|move: Protect\n|-damage|p1a: Glalie|180/303\n|-unboost|p1a: Glalie|spe|1\n|move|p2b: Mienshao|U-turn|p1b: Falinks\n|-activate|p1b: Falinks|move: Protect\n|move|p1a: Glalie|Foul Play|p2a: Regieleki\n|-damage|p2a: Regieleki|158/256\n|\n|upkeep\n|turn|3\n|\n|t:|1770945063\n|move|p2a: Regieleki|Electroweb|p1a: Glalie|[spread] p1a,p1b\n|-damage|p1a: Glalie|122/303\n|-damage|p1b: Falinks|176/255\n|-unboost|p1a: Glalie|spe|1\n|-unboost|p1b: Falinks|spe|1\n|-ability|p1b: Falinks|Defiant|boost\n|-boost|p1b: Falinks|atk|2\n|-enditem|p1a: Glalie|Sitrus Berry|[eat]\n|-heal|p1a: Glalie|197/303|[from] item: Sitrus Berry\n|move|p2b: Mienshao|U-turn|p1a: Glalie\n|-damage|p1a: Glalie|144/303\n|\n|t:|1770945071\n|switch|p2b: Iron Leaves|Iron Leaves, L81|278/278|[from] U-turn\n|move|p1b: Falinks|No Retreat|p1b: Falinks\n|-boost|p1b: Falinks|atk|1\n|-boost|p1b: Falinks|def|1\n|-boost|p1b: Falinks|spa|1\n|-boost|p1b: Falinks|spd|1\n|-boost|p1b: Falinks|spe|1\n|-start|p1b: Falinks|move: No Retreat\n|move|p1a: Glalie|Icy Wind|p2b: Iron Leaves|[spread] p2a,p2b\n|-supereffective|p2b: Iron Leaves\n|-damage|p2a: Regieleki|83/256\n|-damage|p2b: Iron Leaves|200/278\n|-unboost|p2a: Regieleki|spe|1\n|-unboost|p2b: Iron Leaves|spe|1\n|\n|upkeep\n|turn|4\n|\n|t:|1770945100\n|move|p1a: Glalie|Helping Hand|p1b: Falinks\n|-singleturn|p1b: Falinks|Helping Hand|[of] p1a: Glalie\n|move|p2a: Regieleki|Thunderbolt|p1a: Glalie\n|-damage|p1a: Glalie|3/303\n|-status|p1a: Glalie|par\n|move|p1b: Falinks|Iron Head|p2b: Iron Leaves\n|-damage|p2b: Iron Leaves|0 fnt\n|faint|p2b: Iron Leaves\n|-end|p2b: Iron Leaves|Quark Drive|[silent]\n|-damage|p1b: Falinks|151/255|[from] item: Life Orb\n|\n|upkeep\n|inactive|chi_chihuahuadog has 120 seconds left.\n|\n|t:|1770945122\n|switch|p2b: Tatsugiri|Tatsugiri, L84, M|251/251\n|turn|5\n|\n|t:|1770945133\n|move|p2a: Regieleki|Electroweb|p1b: Falinks|[spread] p1a,p1b\n|-damage|p1a: Glalie|0 fnt\n|-damage|p1b: Falinks|100/255\n|-unboost|p1b: Falinks|spe|1\n|-ability|p1b: Falinks|Defiant|boost\n|-boost|p1b: Falinks|atk|2\n|faint|p1a: Glalie\n|move|p2b: Tatsugiri|Draco Meteor|p1b: Falinks\n|-damage|p1b: Falinks|0 fnt\n|-unboost|p2b: Tatsugiri|spa|2\n|faint|p1b: Falinks\n|-damage|p2b: Tatsugiri|226/251|[from] item: Life Orb\n|\n|-fieldend|move: Psychic Terrain\n|upkeep\n|\n|t:|1770945147\n|switch|p1a: Miraidon|Miraidon, L65|238/238\n|switch|p1b: Tauros|Tauros-Paldea-Blaze, L79, M|248/248\n|-ability|p1b: Tauros|Intimidate|boost\n|-unboost|p2a: Regieleki|atk|1\n|-unboost|p2b: Tatsugiri|atk|1\n|turn|6\n|\n|t:|1770945169\n|move|p2a: Regieleki|Protect|p2a: Regieleki\n|-singleturn|p2a: Regieleki|Protect\n|move|p1a: Miraidon|Dark Pulse|p2b: Tatsugiri\n|-damage|p2b: Tatsugiri|101/251\n|-damage|p1a: Miraidon|215/238|[from] item: Life Orb\n|move|p1b: Tauros|Flare Blitz|p2a: Regieleki\n|-activate|p2a: Regieleki|move: Protect\n|move|p2b: Tatsugiri|Draco Meteor|p1a: Miraidon\n|-damage|p1a: Miraidon|66/238\n|-unboost|p2b: Tatsugiri|spa|2\n|replace|p1a: Zoroark|Zoroark, L84, F\n|-end|p1a: Zoroark|Illusion\n|-hint|Illusion Level Mod is active, so this Pokémon's true level was hidden.\n|-damage|p2b: Tatsugiri|76/251|[from] item: Life Orb\n|\n|upkeep\n|turn|7\n|\n|t:|1770945186\n|switch|p2b: Mienshao|Mienshao, L84, F|246/246\n|move|p1a: Zoroark|Protect|p1a: Zoroark\n|-singleturn|p1a: Zoroark|Protect\n|move|p2a: Regieleki|Electroweb|p1a: Zoroark|[spread] p1b\n|-activate|p1a: Zoroark|move: Protect\n|-damage|p1b: Tauros|169/248\n|-unboost|p1b: Tauros|spe|1\n|move|p1b: Tauros|Flare Blitz|p2a: Regieleki\n|-damage|p2a: Regieleki|0 fnt\n|faint|p2a: Regieleki\n|-damage|p1b: Tauros|142/248|[from] Recoil\n|\n|upkeep\n|\n|t:|1770945197\n|switch|p2a: Tatsugiri|Tatsugiri, L84, M|76/251\n|turn|8\n|\n|t:|1770945207\n|move|p2a: Tatsugiri|Protect|p2a: Tatsugiri\n|-singleturn|p2a: Tatsugiri|Protect\n|move|p2b: Mienshao|Close Combat|p1b: Tauros\n|-damage|p1b: Tauros|1/248\n|-unboost|p2b: Mienshao|def|1\n|-unboost|p2b: Mienshao|spd|1\n|move|p1a: Zoroark|Dark Pulse|p2a: Tatsugiri\n|-activate|p2a: Tatsugiri|move: Protect\n|move|p1b: Tauros|Flare Blitz|p2b: Mienshao\n|-damage|p2b: Mienshao|0 fnt\n|faint|p2b: Mienshao\n|-damage|p1b: Tauros|0 fnt|[from] Recoil\n|faint|p1b: Tauros\n|\n|upkeep\n|\n|t:|1770945213\n|switch|p2b: Flapple|Flapple, L95, F|287/287\n|switch|p1b: Miraidon|Miraidon, L65|238/238\n|-fieldstart|move: Electric Terrain|[from] ability: Hadron Engine|[of] p1b: Miraidon\n|turn|9\n|\n|t:|1770945234\n|-terastallize|p2b: Flapple|Fire\n|move|p1b: Miraidon|Protect|p1b: Miraidon\n|-singleturn|p1b: Miraidon|Protect\n|move|p1a: Zoroark|Dark Pulse|p2a: Tatsugiri\n|-damage|p2a: Tatsugiri|0 fnt\n|faint|p2a: Tatsugiri\n|-damage|p1a: Zoroark|43/238|[from] item: Life Orb\n|move|p2b: Flapple|Dragon Dance|p2b: Flapple\n|-boost|p2b: Flapple|atk|1\n|-boost|p2b: Flapple|spe|1\n|\n|upkeep\n|turn|10\n|\n|t:|1770945252\n|-terastallize|p1b: Miraidon|Electric\n|move|p2b: Flapple|Dragon Rush|p1b: Miraidon\n|-damage|p1b: Miraidon|0 fnt\n|faint|p1b: Miraidon\n|move|p1a: Zoroark|Dark Pulse|p2b: Flapple\n|-damage|p2b: Flapple|130/287\n|-activate|p2b: Flapple|ability: Ripen\n|-enditem|p2b: Flapple|Sitrus Berry|[eat]\n|-heal|p2b: Flapple|272/287|[from] item: Sitrus Berry\n|-damage|p1a: Zoroark|20/238|[from] item: Life Orb\n|\n|upkeep\n|turn|11\n|-message|mrkalux forfeited.\n|\n|win|chi_chihuahuadog\n|raw|mrkalux's rating: 1588 &rarr; <strong>1572</strong><br />(-16 for losing)\n|raw|chi_chihuahuadog's rating: 1653 &rarr; <strong>1669</strong><br />(+16 for winning)\n|l|☆mrkalux\n|player|p1|\n|c|☆chi_chihuahuadog|GG\n", "inputlog": ">version ccdc32dd7cde25fd9e4bed64820e885f66e78a4e\n>start {\"formatid\":\"gen9randomdoublesbattle\",\"seed\":\"sodium,fd489da829d485916526a1009c7e1fbc\",\"rated\":\"Rated battle\"}\n>player p1 {\"name\":\"mrkalux\",\"avatar\":\"aromalady\",\"rating\":1588,\"seed\":\"sodium,74654406401831442c817e71bf2545fa\"}\n>player p2 {\"name\":\"chi_chihuahuadog\",\"avatar\":\"102\",\"rating\":1653,\"seed\":\"sodium,6f515dee76964856199e40add3acf119\"}\n>p1 move freezedry +2, switch 3\n>p2 move electroweb, move liquidation +2\n>p1 pass, switch 6\n>p2 pass, switch 5\n>p1 move foulplay +1, move protect\n>p2 move electroweb, move uturn +2\n>p1 move icywind, move noretreat\n>p2 move electroweb, move uturn +1\n>p2 pass, switch 4\n>p1 move helpinghand -2, move ironhead +2\n>p2 move thunderbolt +1, move psyblade +2\n>p2 pass, switch 6\n>p1 move freezedry +2, move ironhead +1\n>p2 move electroweb, move dracometeor +2\n>p1 switch 3, switch 4\n>p1 move darkpulse +2, move flareblitz +1\n>p2 move protect, move dracometeor +1\n>p1 move protect, move flareblitz +1\n>p2 move electroweb, switch 4\n>p2 switch 4, pass\n>p1 move darkpulse +1, move flareblitz +2\n>p2 move protect, move closecombat +2\n>p1 pass, switch 5\n>p2 pass, switch 3\n>p1 move darkpulse +1, move protect\n>p2 move muddywater, move dragondance terastallize\n>p1 move darkpulse +2, move electrodrift +2 terastallize\n>p2 pass, move dragonrush +2\n>forcelose p1", "uploadtime": 1770945274, "views": 69, "formatid": "gen9randomdoublesbattle", "rating": 1572, "private": 0, "password": null}