{"id": "gen9randomdoublesbattle-2535847619", "format": "[Gen 9] Random Doubles Battle", "players": ["baseballlover", "general_rijupow"], "log": "|j|☆baseballlover\n|j|☆general_rijupow\n|t:|1770619553\n|gametype|doubles\n|player|p1|baseballlover|2|1616\n|player|p2|general_rijupow|169|1622\n|gen|9\n|tier|[Gen 9] Random Doubles Battle\n|rated|\n|rule|Species Clause: Limit one of each Pokémon\n|rule|HP Percentage Mod: HP is shown in percentages\n|rule|Illusion Level Mod: Illusion disguises the Pokémon's true level\n|rule|Sleep Clause Mod: Limit one foe put to sleep\n|\n|t:|1770619553\n|teamsize|p1|6\n|teamsize|p2|6\n|start\n|switch|p1a: Terrakion|Terrakion, L78|270/270\n|switch|p1b: Clodsire|Clodsire, L87, M|368/368\n|switch|p2a: Venusaur|Venusaur, L86, F|278/278\n|switch|p2b: Dugtrio|Dugtrio-Alola, L89, M|207/207\n|turn|1\n|inactive|Battle timer is ON: inactive players will automatically lose when time's up. (requested by baseballlover)\n|inactive|general_rijupow has 120 seconds left.\n|\n|t:|1770619588\n|switch|p1b: Vigoroth|Vigoroth, L91, F|293/293\n|move|p2b: Dugtrio|Iron Head|p1a: Terrakion\n|-supereffective|p1a: Terrakion\n|-damage|p1a: Terrakion|18/270\n|-damage|p2b: Dugtrio|187/207|[from] item: Life Orb\n|move|p1a: Terrakion|Close Combat|p2b: Dugtrio\n|-supereffective|p2b: Dugtrio\n|-damage|p2b: Dugtrio|0 fnt\n|-unboost|p1a: Terrakion|def|1\n|-unboost|p1a: Terrakion|spd|1\n|-ability|p2b: Dugtrio|Tangling Hair\n|-unboost|p1a: Terrakion|spe|1\n|faint|p2b: Dugtrio\n|move|p2a: Venusaur|Leaf Storm|p1a: Terrakion|[miss]\n|-miss|p2a: Venusaur|p1a: Terrakion\n|\n|upkeep\n|\n|t:|1770619611\n|switch|p2b: Qwilfish|Qwilfish-Hisui, L82, F|241/241\n|-ability|p2b: Qwilfish|Intimidate|boost\n|-unboost|p1a: Terrakion|atk|1\n|-unboost|p1b: Vigoroth|atk|1\n|turn|2\n|inactive|baseballlover has 120 seconds left.\n|\n|t:|1770619649\n|switch|p1a: Clodsire|Clodsire, L87, M|368/368\n|move|p1b: Vigoroth|Icy Wind|p2a: Venusaur|[spread] p2a,p2b\n|-supereffective|p2a: Venusaur\n|-damage|p2a: Venusaur|238/278\n|-damage|p2b: Qwilfish|220/241\n|-unboost|p2a: Venusaur|spe|1\n|-unboost|p2b: Qwilfish|spe|1\n|move|p2a: Venusaur|Knock Off|p1b: Vigoroth\n|-damage|p1b: Vigoroth|240/293\n|-enditem|p1b: Vigoroth|Eviolite|[from] move: Knock Off|[of] p2a: Venusaur\n|-damage|p2a: Venusaur|211/278|[from] item: Life Orb\n|move|p2b: Qwilfish|Icy Wind|p1a: Clodsire|[spread] p1a,p1b\n|-supereffective|p1a: Clodsire\n|-damage|p1a: Clodsire|336/368\n|-damage|p1b: Vigoroth|215/293\n|-unboost|p1a: Clodsire|spe|1\n|-unboost|p1b: Vigoroth|spe|1\n|\n|upkeep\n|turn|3\n|inactive|baseballlover has 120 seconds left.\n|inactive|general_rijupow has 120 seconds left.\n|\n|t:|1770619689\n|switch|p2b: Vespiquen|Vespiquen, F|302/302\n|-ability|p2b: Vespiquen|Unnerve\n|move|p1b: Vigoroth|Icy Wind|p2a: Venusaur|[spread] p2b\n|-miss|p1b: Vigoroth|p2a: Venusaur\n|-supereffective|p2b: Vespiquen\n|-damage|p2b: Vespiquen|270/302\n|-unboost|p2b: Vespiquen|spe|1\n|move|p2a: Venusaur|Leaf Storm|p1a: Clodsire\n|-damage|p1a: Clodsire|161/368\n|-unboost|p2a: Venusaur|spa|2\n|-damage|p2a: Venusaur|184/278|[from] item: Life Orb\n|move|p1a: Clodsire|High Horsepower|p2b: Vespiquen\n|-immune|p2b: Vespiquen\n|\n|-heal|p2b: Vespiquen|288/302|[from] item: Leftovers\n|upkeep\n|turn|4\n|inactive|general_rijupow has 120 seconds left.\n|inactive|baseballlover has 120 seconds left.\n|inactive|baseballlover has 90 seconds left.\n|\n|t:|1770619741\n|move|p1b: Vigoroth|Icy Wind|p2a: Venusaur|[spread] p2a,p2b\n|-supereffective|p2a: Venusaur\n|-supereffective|p2b: Vespiquen\n|-damage|p2a: Venusaur|148/278\n|-damage|p2b: Vespiquen|254/302\n|-unboost|p2a: Venusaur|spe|1\n|-unboost|p2b: Vespiquen|spe|1\n|move|p2a: Venusaur|Knock Off|p1a: Clodsire\n|-damage|p1a: Clodsire|57/368\n|-enditem|p1a: Clodsire|Sitrus Berry|[from] move: Knock Off|[of] p2a: Venusaur\n|-damage|p2a: Venusaur|121/278|[from] item: Life Orb\n|move|p2b: Vespiquen|Hurricane|p1a: Clodsire|[miss]\n|-miss|p2b: Vespiquen|p1a: Clodsire\n|move|p1a: Clodsire|High Horsepower|p2a: Venusaur\n|-damage|p2a: Venusaur|24/278\n|\n|-heal|p2b: Vespiquen|272/302|[from] item: Leftovers\n|upkeep\n|turn|5\n|inactive|general_rijupow has 120 seconds left.\n|inactive|baseballlover has 90 seconds left.\n|c|☆general_rijupow|they need some glasses fr\n|\n|t:|1770619788\n|move|p2a: Venusaur|Protect|p2a: Venusaur\n|-singleturn|p2a: Venusaur|Protect\n|move|p1b: Vigoroth|Icy Wind|p2b: Vespiquen|[spread] p2b\n|-activate|p2a: Venusaur|move: Protect\n|-supereffective|p2b: Vespiquen\n|-damage|p2b: Vespiquen|236/302\n|-unboost|p2b: Vespiquen|spe|1\n|move|p1a: Clodsire|Gunk Shot|p2b: Vespiquen\n|-damage|p2b: Vespiquen|158/302\n|move|p2b: Vespiquen|Hurricane|p1a: Clodsire|[miss]\n|-miss|p2b: Vespiquen|p1a: Clodsire\n|\n|-heal|p2b: Vespiquen|176/302|[from] item: Leftovers\n|upkeep\n|turn|6\n|inactive|general_rijupow has 120 seconds left.\n|c|☆general_rijupow|DEYM\n|inactive|baseballlover has 90 seconds left.\n|\n|t:|1770619806\n|move|p1b: Vigoroth|Icy Wind|p2b: Vespiquen|[spread] p2a,p2b\n|-supereffective|p2a: Venusaur\n|-supereffective|p2b: Vespiquen\n|-damage|p2a: Venusaur|0 fnt\n|-damage|p2b: Vespiquen|140/302\n|-unboost|p2b: Vespiquen|spe|1\n|faint|p2a: Venusaur\n|move|p1a: Clodsire|Gunk Shot|p2b: Vespiquen|[miss]\n|-miss|p1a: Clodsire|p2b: Vespiquen\n|move|p2b: Vespiquen|Hurricane|p1a: Clodsire|[miss]\n|-miss|p2b: Vespiquen|p1a: Clodsire\n|\n|-heal|p2b: Vespiquen|158/302|[from] item: Leftovers\n|upkeep\n|\n|t:|1770619820\n|switch|p2a: Qwilfish|Qwilfish-Hisui, L82, F|220/241\n|-ability|p2a: Qwilfish|Intimidate|boost\n|-unboost|p1a: Clodsire|atk|1\n|-unboost|p1b: Vigoroth|atk|1\n|turn|7\n|\n|t:|1770619839\n|move|p2a: Qwilfish|Icy Wind|p1a: Clodsire|[spread] p1a,p1b\n|-supereffective|p1a: Clodsire\n|-damage|p1a: Clodsire|23/368\n|-damage|p1b: Vigoroth|190/293\n|-unboost|p1a: Clodsire|spe|1\n|-unboost|p1b: Vigoroth|spe|1\n|move|p1b: Vigoroth|Icy Wind|p2b: Vespiquen|[spread] p2a,p2b\n|-supereffective|p2b: Vespiquen\n|-damage|p2a: Qwilfish|199/241\n|-damage|p2b: Vespiquen|124/302\n|-unboost|p2a: Qwilfish|spe|1\n|-unboost|p2b: Vespiquen|spe|1\n|move|p1a: Clodsire|High Horsepower|p2a: Qwilfish\n|-supereffective|p2a: Qwilfish\n|-damage|p2a: Qwilfish|115/241\n|move|p2b: Vespiquen|Toxic Spikes|p1a: Clodsire\n|-sidestart|p1: baseballlover|move: Toxic Spikes\n|\n|-heal|p2b: Vespiquen|142/302|[from] item: Leftovers\n|upkeep\n|turn|8\n|inactive|baseballlover has 120 seconds left.\n|inactive|baseballlover has 90 seconds left.\n|\n|t:|1770619888\n|switch|p1a: Florges|Florges-Blue, L84, F|268/268\n|-status|p1a: Florges|psn\n|move|p2a: Qwilfish|Icy Wind|p1b: Vigoroth|[spread] p1a,p1b\n|-damage|p1a: Florges|257/268 psn\n|-damage|p1b: Vigoroth|167/293\n|-unboost|p1a: Florges|spe|1\n|-unboost|p1b: Vigoroth|spe|1\n|move|p1b: Vigoroth|Icy Wind|p2b: Vespiquen|[spread] p2a,p2b\n|-supereffective|p2b: Vespiquen\n|-damage|p2a: Qwilfish|93/241\n|-damage|p2b: Vespiquen|108/302\n|-unboost|p2a: Qwilfish|spe|1\n|-unboost|p2b: Vespiquen|spe|1\n|move|p2b: Vespiquen|Roost|p2b: Vespiquen\n|-heal|p2b: Vespiquen|259/302\n|-singleturn|p2b: Vespiquen|move: Roost\n|\n|-heal|p1a: Florges|268/268 psn|[from] item: Leftovers\n|-heal|p2b: Vespiquen|277/302|[from] item: Leftovers\n|-damage|p1a: Florges|235/268 psn|[from] psn\n|upkeep\n|turn|9\n|inactive|baseballlover has 90 seconds left.\n|inactive|general_rijupow has 120 seconds left.\n|inactive|baseballlover has 60 seconds left.\n|\n|t:|1770619940\n|switch|p2a: Clefairy|Clefairy, L98, M|296/296\n|move|p1a: Florges|Dazzling Gleam|p2b: Vespiquen|[spread] p2a,p2b\n|-damage|p2a: Clefairy|247/296\n|-damage|p2b: Vespiquen|236/302\n|move|p1b: Vigoroth|Encore|p2b: Vespiquen\n|-start|p2b: Vespiquen|Encore\n|move|p2b: Vespiquen|Roost|p2b: Vespiquen\n|-heal|p2b: Vespiquen|302/302\n|-singleturn|p2b: Vespiquen|move: Roost\n|\n|-heal|p1a: Florges|251/268 psn|[from] item: Leftovers\n|-damage|p1a: Florges|218/268 psn|[from] psn\n|upkeep\n|turn|10\n|\n|t:|1770619959\n|switch|p1b: Clodsire|Clodsire, L87, M|23/368\n|-sideend|p1: baseballlover|move: Toxic Spikes|[of] p1b: Clodsire\n|switch|p2b: Qwilfish|Qwilfish-Hisui, L82, F|93/241\n|-ability|p2b: Qwilfish|Intimidate|boost\n|-unboost|p1a: Florges|atk|1\n|-unboost|p1b: Clodsire|atk|1\n|move|p2a: Clefairy|Life Dew|p2a: Clefairy|[spread] p2a,p2b\n|-heal|p2a: Clefairy|296/296\n|-heal|p2b: Qwilfish|153/241\n|move|p1a: Florges|Calm Mind|p1a: Florges\n|-boost|p1a: Florges|spa|1\n|-boost|p1a: Florges|spd|1\n|\n|-heal|p1a: Florges|234/268 psn|[from] item: Leftovers\n|-damage|p1a: Florges|201/268 psn|[from] psn\n|upkeep\n|turn|11\n|inactive|baseballlover has 90 seconds left.\n|inactive|general_rijupow has 120 seconds left.\n|\n|t:|1770620011\n|move|p2a: Clefairy|Follow Me|p2a: Clefairy\n|-singleturn|p2a: Clefairy|move: Follow Me\n|move|p2b: Qwilfish|Gunk Shot|p1a: Florges\n|-supereffective|p1a: Florges\n|-damage|p1a: Florges|0 fnt\n|faint|p1a: Florges\n|move|p1b: Clodsire|Gunk Shot|p2a: Clefairy\n|-supereffective|p2a: Clefairy\n|-damage|p2a: Clefairy|152/296\n|\n|upkeep\n|inactive|baseballlover has 60 seconds left.\n|inactive|baseballlover has 30 seconds left.\n|\n|t:|1770620071\n|switch|p1a: Vigoroth|Vigoroth, L91, F|167/293\n|turn|12\n|inactive|general_rijupow has 120 seconds left.\n|\n|t:|1770620106\n|move|p1a: Vigoroth|Body Slam|p2b: Qwilfish\n|-damage|p2b: Qwilfish|106/241\n|move|p2b: Qwilfish|Icy Wind|p1a: Vigoroth|[spread] p1a,p1b\n|-supereffective|p1b: Clodsire\n|-damage|p1a: Vigoroth|143/293\n|-damage|p1b: Clodsire|0 fnt\n|-unboost|p1a: Vigoroth|spe|1\n|faint|p1b: Clodsire\n|move|p2a: Clefairy|Life Dew|p2a: Clefairy|[spread] p2a,p2b\n|-heal|p2a: Clefairy|226/296\n|-heal|p2b: Qwilfish|166/241\n|\n|upkeep\n|inactive|baseballlover has 30 seconds left.\n|inactive|baseballlover has 20 seconds left.\n|inactive|baseballlover has 15 seconds left.\n|inactive|baseballlover has 10 seconds left.\n|inactive|baseballlover has 5 seconds left.\n|-message|baseballlover lost due to inactivity.\n|\n|win|general_rijupow\n|raw|baseballlover's rating: 1616 &rarr; <strong>1596</strong><br />(-20 for losing)\n|raw|general_rijupow's rating: 1622 &rarr; <strong>1642</strong><br />(+20 for winning)\n", "inputlog": ">version ccdc32dd7cde25fd9e4bed64820e885f66e78a4e\n>start {\"formatid\":\"gen9randomdoublesbattle\",\"seed\":\"sodium,e0c1b8756ff2dc54156e3e2a117c3d3c\",\"rated\":\"Rated battle\"}\n>player p1 {\"name\":\"baseballlover\",\"avatar\":\"2\",\"rating\":1616,\"seed\":\"sodium,e8e164eeeb0328eadbd19a7425dc4071\"}\n>player p2 {\"name\":\"general_rijupow\",\"avatar\":\"169\",\"rating\":1622,\"seed\":\"sodium,3ab0156c83125ee9155f80fe0ae775e2\"}\n>p1 move closecombat +2, switch 3\n>p2 move leafstorm +1, move ironhead +1\n>p2 pass, switch 5\n>p1 switch 3, move icywind\n>p2 move knockoff +2, move icywind\n>p1 move highhorsepower +2, move icywind\n>p2 move leafstorm +1, switch 4\n>p1 move highhorsepower +1, move icywind\n>p2 move knockoff +1, move hurricane +1\n>chat ☆general_rijupow|they need some glasses fr\n>p1 move gunkshot +2, move icywind\n>p2 move protect, move hurricane +1\n>chat ☆general_rijupow|DEYM\n>p1 move gunkshot +2, move icywind\n>p2 move knockoff +1, move hurricane +1\n>p2 switch 4, pass\n>p1 move highhorsepower +1, move icywind\n>p2 move icywind, move toxicspikes\n>p1 switch 4, move icywind\n>p2 move icywind, move roost\n>p1 move dazzlinggleam, move encore +2\n>p2 switch 6, move hurricane +1\n>p1 move calmmind, switch 4\n>p2 move lifedew, switch 6\n>p1 move dazzlinggleam, move gunkshot +1\n>p2 move followme, move gunkshot +1\n>p1 switch 4, pass\n>p1 move bodyslam +2, move highhorsepower +2\n>p2 move lifedew, move icywind\n>forcelose p1", "uploadtime": 1770620151, "views": 67, "formatid": "gen9randomdoublesbattle", "rating": 1596, "private": 0, "password": null}