{"id": "gen9randomdoublesbattle-2536294332", "format": "[Gen 9] Random Doubles Battle", "players": ["kerbbb", "pinko23"], "log": "|j|☆kerbbb\n|j|☆pinko23\n|t:|1770671992\n|gametype|doubles\n|player|p1|kerbbb|102|1614\n|player|p2|pinko23|169|1572\n|gen|9\n|tier|[Gen 9] Random Doubles Battle\n|rated|\n|rule|Species Clause: Limit one of each Pokémon\n|rule|HP Percentage Mod: HP is shown in percentages\n|rule|Illusion Level Mod: Illusion disguises the Pokémon's true level\n|rule|Sleep Clause Mod: Limit one foe put to sleep\n|\n|t:|1770671992\n|teamsize|p1|6\n|teamsize|p2|6\n|start\n|switch|p1a: Annihilape|Annihilape, L77, M|296/296\n|switch|p1b: Altaria|Altaria, L91, M|284/284\n|switch|p2a: Sandy Shocks|Sandy Shocks, L79|264/264\n|switch|p2b: Raging Bolt|Raging Bolt, L77|319/319\n|turn|1\n|inactive|Battle timer is ON: inactive players will automatically lose when time's up. (requested by pinko23)\n|\n|t:|1770672022\n|move|p2a: Sandy Shocks|Stealth Rock|p1b: Altaria\n|-sidestart|p1: kerbbb|move: Stealth Rock\n|move|p1b: Altaria|Draco Meteor|p2b: Raging Bolt\n|-supereffective|p2b: Raging Bolt\n|-damage|p2b: Raging Bolt|37/319\n|-unboost|p1b: Altaria|spa|2\n|move|p1a: Annihilape|Bulk Up|p1a: Annihilape\n|-boost|p1a: Annihilape|atk|1\n|-boost|p1a: Annihilape|def|1\n|move|p2b: Raging Bolt|Thunderbolt|p1b: Altaria\n|-crit|p1b: Altaria\n|-damage|p1b: Altaria|109/284\n|-enditem|p1b: Altaria|Sitrus Berry|[eat]\n|-heal|p1b: Altaria|180/284|[from] item: Sitrus Berry\n|-damage|p2b: Raging Bolt|6/319|[from] item: Life Orb\n|\n|upkeep\n|turn|2\n|\n|t:|1770672045\n|move|p2b: Raging Bolt|Thunderclap|p1a: Annihilape\n|-damage|p1a: Annihilape|183/296\n|-damage|p2b: Raging Bolt|0 fnt|[from] item: Life Orb\n|faint|p2b: Raging Bolt\n|-end|p2b: Raging Bolt|Protosynthesis|[silent]\n|move|p2a: Sandy Shocks|Volt Switch|p1b: Altaria\n|-damage|p1b: Altaria|94/284\n|-damage|p2a: Sandy Shocks|238/264|[from] item: Life Orb\n|\n|t:|1770672055\n|-end|p2a: Sandy Shocks|Protosynthesis|[silent]\n|switch|p2a: Dusknoir|Dusknoir, L89, M|225/225|[from] Volt Switch\n|-item|p1a: Annihilape|Leftovers|[from] ability: Frisk|[of] p2a: Dusknoir\n|move|p1b: Altaria|Brave Bird|p2a: Dusknoir\n|-damage|p2a: Dusknoir|146/225\n|-damage|p1b: Altaria|68/284|[from] Recoil\n|move|p1a: Annihilape|Drain Punch|p2a: Dusknoir\n|-immune|p2a: Dusknoir\n|\n|-heal|p1a: Annihilape|201/296|[from] item: Leftovers\n|upkeep\n|inactive|pinko23 has 120 seconds left.\n|\n|t:|1770672074\n|switch|p2b: Sandy Shocks|Sandy Shocks, L79|238/264\n|turn|3\n|\n|t:|1770672089\n|move|p1a: Annihilape|Protect|p1a: Annihilape\n|-singleturn|p1a: Annihilape|Protect\n|move|p2a: Dusknoir|Protect|p2a: Dusknoir\n|-singleturn|p2a: Dusknoir|Protect\n|move|p2b: Sandy Shocks|Volt Switch|p1b: Altaria\n|-damage|p1b: Altaria|0 fnt\n|faint|p1b: Altaria\n|-damage|p2b: Sandy Shocks|212/264|[from] item: Life Orb\n|inactive|pinko23 has 120 seconds left.\n|\n|t:|1770672110\n|-end|p2b: Sandy Shocks|Protosynthesis|[silent]\n|switch|p2b: Flygon|Flygon, L83, M|268/268|[from] Volt Switch\n|\n|-heal|p1a: Annihilape|219/296|[from] item: Leftovers\n|upkeep\n|\n|t:|1770672136\n|switch|p1b: Cresselia|Cresselia, L80, F|323/323\n|-damage|p1b: Cresselia|283/323|[from] Stealth Rock\n|turn|4\n|inactive|pinko23 has 120 seconds left.\n|inactive|pinko23 has 90 seconds left.\n|\n|t:|1770672201\n|-terastallize|p2a: Dusknoir|Dark\n|move|p2b: Flygon|Scale Shot|p1a: Annihilape\n|-damage|p1a: Annihilape|198/296\n|-damage|p1a: Annihilape|174/296\n|-damage|p1a: Annihilape|152/296\n|-damage|p1a: Annihilape|128/296\n|-hitcount|p1a: Annihilape|4\n|-unboost|p2b: Flygon|def|1\n|-boost|p2b: Flygon|spe|1\n|move|p1a: Annihilape|Rage Fist|p2a: Dusknoir\n|-resisted|p2a: Dusknoir\n|-damage|p2a: Dusknoir|0 fnt\n|faint|p2a: Dusknoir\n|move|p1b: Cresselia|Lunar Blessing|p1b: Cresselia|[spread] p1a,p1b\n|-heal|p1a: Annihilape|202/296\n|-heal|p1b: Cresselia|323/323\n|\n|-heal|p1a: Annihilape|220/296|[from] item: Leftovers\n|upkeep\n|\n|t:|1770672220\n|switch|p2a: Lokix|Lokix, L88, F|268/268\n|turn|5\n|inactive|pinko23 has 90 seconds left.\n|\n|t:|1770672230\n|move|p1a: Annihilape|Protect|p1a: Annihilape\n|-singleturn|p1a: Annihilape|Protect\n|move|p2a: Lokix|First Impression|p1b: Cresselia\n|-supereffective|p1b: Cresselia\n|-damage|p1b: Cresselia|47/323\n|-enditem|p1b: Cresselia|Sitrus Berry|[eat]\n|-heal|p1b: Cresselia|127/323|[from] item: Sitrus Berry\n|-damage|p2a: Lokix|242/268|[from] item: Life Orb\n|move|p2b: Flygon|Scale Shot|p1b: Cresselia\n|-damage|p1b: Cresselia|102/323\n|-damage|p1b: Cresselia|80/323\n|-damage|p1b: Cresselia|55/323\n|-damage|p1b: Cresselia|30/323\n|-hitcount|p1b: Cresselia|4\n|-unboost|p2b: Flygon|def|1\n|-boost|p2b: Flygon|spe|1\n|move|p1b: Cresselia|Lunar Blessing|p1b: Cresselia|[spread] p1a,p1b\n|-heal|p1a: Annihilape|294/296\n|-heal|p1b: Cresselia|111/323\n|\n|-heal|p1a: Annihilape|296/296|[from] item: Leftovers\n|upkeep\n|turn|6\n|\n|t:|1770672248\n|move|p2b: Flygon|Scale Shot|p1b: Cresselia|[miss]\n|-miss|p2b: Flygon|p1b: Cresselia\n|move|p2a: Lokix|U-turn|p1a: Annihilape\n|-resisted|p1a: Annihilape\n|-damage|p1a: Annihilape|252/296\n|-damage|p2a: Lokix|216/268|[from] item: Life Orb\n|\n|t:|1770672252\n|switch|p2a: Sandy Shocks|Sandy Shocks, L79|212/264|[from] U-turn\n|move|p1a: Annihilape|Rage Fist|p2a: Sandy Shocks\n|-damage|p2a: Sandy Shocks|0 fnt\n|faint|p2a: Sandy Shocks\n|-end|p2a: Sandy Shocks|Protosynthesis|[silent]\n|move|p1b: Cresselia|Psychic|p2b: Flygon\n|-damage|p2b: Flygon|186/268\n|\n|-heal|p1a: Annihilape|270/296|[from] item: Leftovers\n|upkeep\n|\n|t:|1770672259\n|switch|p2a: Lokix|Lokix, L88, F|216/268\n|turn|7\n|inactive|pinko23 has 120 seconds left.\n|\n|t:|1770672271\n|move|p1b: Cresselia|Helping Hand|p1a: Annihilape\n|-singleturn|p1a: Annihilape|Helping Hand|[of] p1b: Cresselia\n|move|p2a: Lokix|First Impression|p1b: Cresselia\n|-supereffective|p1b: Cresselia\n|-damage|p1b: Cresselia|0 fnt\n|faint|p1b: Cresselia\n|-damage|p2a: Lokix|190/268|[from] item: Life Orb\n|move|p2b: Flygon|Scale Shot|p1a: Annihilape\n|-damage|p1a: Annihilape|246/296\n|-damage|p1a: Annihilape|227/296\n|-damage|p1a: Annihilape|203/296\n|-damage|p1a: Annihilape|182/296\n|-hitcount|p1a: Annihilape|4\n|-unboost|p2b: Flygon|def|1\n|-boost|p2b: Flygon|spe|1\n|move|p1a: Annihilape|Rage Fist|p2a: Lokix\n|-resisted|p2a: Lokix\n|-damage|p2a: Lokix|0 fnt\n|faint|p2a: Lokix\n|\n|-heal|p1a: Annihilape|200/296|[from] item: Leftovers\n|upkeep\n|inactive|pinko23 has 120 seconds left.\n|\n|t:|1770672282\n|switch|p2a: Zamazenta|Zamazenta-Crowned, L67|235/235\n|switch|p1b: Eiscue|Eiscue, L89, M|278/278\n|-ability|p2a: Zamazenta|Dauntless Shield|boost\n|-boost|p2a: Zamazenta|def|1\n|-damage|p1b: Eiscue|209/278|[from] Stealth Rock\n|turn|8\n|inactive|kerbbb has 120 seconds left.\n|\n|t:|1770672331\n|move|p2b: Flygon|Scale Shot|p1a: Annihilape\n|-damage|p1a: Annihilape|179/296\n|-damage|p1a: Annihilape|157/296\n|-damage|p1a: Annihilape|136/296\n|-damage|p1a: Annihilape|115/296\n|-hitcount|p1a: Annihilape|4\n|-unboost|p2b: Flygon|def|1\n|-boost|p2b: Flygon|spe|1\n|move|p2a: Zamazenta|Body Press|p1b: Eiscue\n|-activate|p1b: Eiscue|ability: Ice Face\n|-damage|p1b: Eiscue|209/278\n|detailschange|p1b: Eiscue|Eiscue-Noice, L89, M\n|move|p1b: Eiscue|Belly Drum|p1b: Eiscue\n|-damage|p1b: Eiscue|70/278\n|-setboost|p1b: Eiscue|atk|6|[from] move: Belly Drum\n|-enditem|p1b: Eiscue|Sitrus Berry|[eat]\n|-heal|p1b: Eiscue|139/278|[from] item: Sitrus Berry\n|move|p1a: Annihilape|Rage Fist|p2a: Zamazenta\n|-damage|p2a: Zamazenta|0 fnt\n|faint|p2a: Zamazenta\n|\n|-heal|p1a: Annihilape|133/296|[from] item: Leftovers\n|upkeep\n|turn|9\n|\n|t:|1770672354\n|move|p2b: Flygon|Scale Shot|p1b: Eiscue\n|-damage|p1b: Eiscue|106/278\n|-damage|p1b: Eiscue|76/278\n|-damage|p1b: Eiscue|46/278\n|-damage|p1b: Eiscue|13/278\n|-crit|p1b: Eiscue\n|-damage|p1b: Eiscue|0 fnt\n|faint|p1b: Eiscue\n|-hitcount|p1: Eiscue|5\n|-unboost|p2b: Flygon|def|1\n|-boost|p2b: Flygon|spe|1\n|move|p1a: Annihilape|Rage Fist|p2b: Flygon\n|-damage|p2b: Flygon|0 fnt\n|faint|p2b: Flygon\n|\n|win|kerbbb\n|raw|kerbbb's rating: 1614 &rarr; <strong>1632</strong><br />(+18 for winning)\n|raw|pinko23's rating: 1572 &rarr; <strong>1554</strong><br />(-18 for losing)\n", "inputlog": ">version ccdc32dd7cde25fd9e4bed64820e885f66e78a4e\n>start {\"formatid\":\"gen9randomdoublesbattle\",\"seed\":\"sodium,b46e4e659c69f0ec65345a676f5be4ed\",\"rated\":\"Rated battle\"}\n>player p1 {\"name\":\"kerbbb\",\"avatar\":\"102\",\"rating\":1614,\"seed\":\"sodium,d208c21ae8fbd566e1abaf34662116f1\"}\n>player p2 {\"name\":\"pinko23\",\"avatar\":\"169\",\"rating\":1572,\"seed\":\"sodium,aae7d9bc9206cceac0318bd5521e944f\"}\n>p1 move bulkup, move dracometeor +2\n>p2 move stealthrock, move thunderbolt +2\n>p1 move drainpunch +1, move bravebird +2\n>p2 move voltswitch +2, move thunderclap +1\n>p2 switch 5, pass\n>p2 pass, switch 5\n>p1 move protect, move willowisp +1\n>p2 move protect, move voltswitch +2\n>p2 pass, switch 3\n>p1 pass, switch 5\n>p1 move ragefist +1, move lunarblessing\n>p2 move poltergeist +1 terastallize, move scaleshot +1\n>p2 switch 4, pass\n>p1 move protect, move lunarblessing\n>p2 move firstimpression +2, move scaleshot +2\n>p1 move ragefist +1, move psychic +2\n>p2 move uturn +1, move scaleshot +2\n>p2 switch 3, pass\n>p2 switch 3, pass\n>p1 move ragefist +1, move helpinghand -1\n>p2 move firstimpression +2, move scaleshot +1\n>p1 pass, switch 4\n>p2 switch 6, pass\n>p1 move ragefist +1, move bellydrum\n>p2 move bodypress +2, move scaleshot +1\n>p1 move ragefist +2, move icespinner +2\n>p2 pass, move scaleshot +2", "uploadtime": 1770672355, "views": 67, "formatid": "gen9randomdoublesbattle", "rating": 1554, "private": 0, "password": null}