{"id": "gen9randomdoublesbattle-2537518359", "format": "[Gen 9] Random Doubles Battle", "players": ["ogtru", "BloodyBaron555"], "log": "|j|☆ogtru\n|j|☆BloodyBaron555\n|t:|1770823547\n|gametype|doubles\n|player|p1|ogtru|riley|1495\n|player|p2|BloodyBaron555|li|1573\n|gen|9\n|tier|[Gen 9] Random Doubles Battle\n|rated|\n|rule|Species Clause: Limit one of each Pokémon\n|rule|HP Percentage Mod: HP is shown in percentages\n|rule|Illusion Level Mod: Illusion disguises the Pokémon's true level\n|rule|Sleep Clause Mod: Limit one foe put to sleep\n|\n|t:|1770823547\n|teamsize|p1|6\n|teamsize|p2|6\n|start\n|switch|p1a: Dragalge|Dragalge, L88, F|258/258\n|switch|p1b: Dialga|Dialga-Origin, L74|270/270\n|switch|p2a: Meowscarada|Meowscarada, L79, F|250/250\n|switch|p2b: Houndoom|Houndoom, L86, M|269/269\n|turn|1\n|inactive|Battle timer is ON: inactive players will automatically lose when time's up. (requested by BloodyBaron555)\n|inactive|BloodyBaron555 has 120 seconds left.\n|\n|t:|1770823607\n|switch|p2a: Mudsdale|Mudsdale, L84, M|305/305\n|move|p2b: Houndoom|Heat Wave|p1a: Dragalge|[spread] p1a,p1b\n|-resisted|p1a: Dragalge\n|-damage|p1a: Dragalge|219/258\n|-damage|p1b: Dialga|165/270\n|-damage|p2b: Houndoom|243/269|[from] item: Life Orb\n|move|p1b: Dialga|Thunder Wave|p2a: Mudsdale\n|-immune|p2a: Mudsdale\n|move|p1a: Dragalge|Hydro Pump|p2b: Houndoom\n|-supereffective|p2b: Houndoom\n|-damage|p2b: Houndoom|0 fnt\n|faint|p2b: Houndoom\n|-damage|p1a: Dragalge|194/258|[from] item: Life Orb\n|\n|upkeep\n|\n|t:|1770823631\n|switch|p2b: Tauros|Tauros, L82, M|257/257\n|-ability|p2b: Tauros|Intimidate|boost\n|-unboost|p1a: Dragalge|atk|1\n|-unboost|p1b: Dialga|atk|1\n|turn|2\n|\n|t:|1770823645\n|move|p1a: Dragalge|Protect|p1a: Dragalge\n|-singleturn|p1a: Dragalge|Protect\n|move|p2b: Tauros|High Horsepower|p1a: Dragalge\n|-activate|p1a: Dragalge|move: Protect\n|move|p1b: Dialga|Thunder Wave|p2b: Tauros\n|-status|p2b: Tauros|par\n|move|p2a: Mudsdale|High Horsepower|p1b: Dialga\n|-supereffective|p1b: Dialga\n|-damage|p1b: Dialga|0 fnt\n|faint|p1b: Dialga\n|\n|upkeep\n|\n|t:|1770823652\n|switch|p1b: Rotom|Rotom, L90|236/236\n|turn|3\n|\n|t:|1770823670\n|move|p1b: Rotom|Will-O-Wisp|p2a: Mudsdale\n|-status|p2a: Mudsdale|brn\n|move|p1a: Dragalge|Hydro Pump|p2a: Mudsdale\n|-supereffective|p2a: Mudsdale\n|-damage|p2a: Mudsdale|154/305 brn\n|-ability|p2a: Mudsdale|Stamina|boost\n|-boost|p2a: Mudsdale|def|1\n|-damage|p1a: Dragalge|169/258|[from] item: Life Orb\n|move|p2b: Tauros|High Horsepower|p1a: Dragalge\n|-supereffective|p1a: Dragalge\n|-damage|p1a: Dragalge|0 fnt\n|faint|p1a: Dragalge\n|move|p2a: Mudsdale|Heavy Slam|p1b: Rotom\n|-resisted|p1b: Rotom\n|-damage|p1b: Rotom|212/236\n|\n|-damage|p2a: Mudsdale|135/305 brn|[from] brn\n|upkeep\n|\n|t:|1770823679\n|switch|p1a: Zamazenta|Zamazenta, L72|251/251\n|-ability|p1a: Zamazenta|Dauntless Shield|boost\n|-boost|p1a: Zamazenta|def|1\n|turn|4\n|\n|t:|1770823700\n|move|p1a: Zamazenta|Body Press|p2b: Tauros\n|-supereffective|p2b: Tauros\n|-damage|p2b: Tauros|51/257 par\n|move|p1b: Rotom|Shadow Ball|p2a: Mudsdale\n|-damage|p2a: Mudsdale|45/305 brn\n|-ability|p2a: Mudsdale|Stamina|boost\n|-boost|p2a: Mudsdale|def|1\n|-damage|p1b: Rotom|189/236|[from] item: Life Orb\n|move|p2b: Tauros|High Horsepower|p1a: Zamazenta\n|-damage|p1a: Zamazenta|193/251\n|move|p2a: Mudsdale|Body Press|p1a: Zamazenta\n|-damage|p1a: Zamazenta|158/251\n|\n|-heal|p1a: Zamazenta|173/251|[from] item: Leftovers\n|-damage|p2a: Mudsdale|26/305 brn|[from] brn\n|upkeep\n|turn|5\n|\n|t:|1770823718\n|move|p1a: Zamazenta|Body Press|p2b: Tauros\n|-supereffective|p2b: Tauros\n|-damage|p2b: Tauros|0 fnt\n|faint|p2b: Tauros\n|move|p1b: Rotom|Shadow Ball|p2a: Mudsdale\n|-damage|p2a: Mudsdale|0 fnt\n|faint|p2a: Mudsdale\n|-damage|p1b: Rotom|166/236|[from] item: Life Orb\n|\n|-heal|p1a: Zamazenta|188/251|[from] item: Leftovers\n|upkeep\n|\n|t:|1770823736\n|switch|p2b: Virizion|Virizion, L86|297/297\n|switch|p2a: Ho-Oh|Ho-Oh, L70|264/264\n|turn|6\n|\n|t:|1770823753\n|-terastallize|p2a: Ho-Oh|Ground\n|move|p1a: Zamazenta|Body Press|p2b: Virizion\n|-damage|p2b: Virizion|180/297\n|move|p2b: Virizion|Stone Edge|p1b: Rotom\n|-damage|p1b: Rotom|88/236\n|move|p1b: Rotom|Thunderbolt|p2a: Ho-Oh\n|-immune|p2a: Ho-Oh\n|move|p2a: Ho-Oh|Brave Bird|p1a: Zamazenta\n|-supereffective|p1a: Zamazenta\n|-damage|p1a: Zamazenta|32/251\n|-damage|p2a: Ho-Oh|213/264|[from] Recoil\n|\n|-heal|p1a: Zamazenta|47/251|[from] item: Leftovers\n|upkeep\n|turn|7\n|\n|t:|1770823775\n|move|p1a: Zamazenta|Body Press|p2a: Ho-Oh\n|-damage|p2a: Ho-Oh|86/264\n|-enditem|p2a: Ho-Oh|Sitrus Berry|[eat]\n|-heal|p2a: Ho-Oh|152/264|[from] item: Sitrus Berry\n|move|p2b: Virizion|Stone Edge|p1b: Rotom\n|-damage|p1b: Rotom|18/236\n|move|p1b: Rotom|Will-O-Wisp|p2b: Virizion\n|-status|p2b: Virizion|brn\n|move|p2a: Ho-Oh|Tailwind|p2a: Ho-Oh\n|-sidestart|p2: BloodyBaron555|move: Tailwind\n|\n|-heal|p1a: Zamazenta|62/251|[from] item: Leftovers\n|-damage|p2b: Virizion|162/297 brn|[from] brn\n|upkeep\n|turn|8\n|\n|t:|1770823797\n|move|p1a: Zamazenta|Protect|p1a: Zamazenta\n|-singleturn|p1a: Zamazenta|Protect\n|move|p1b: Rotom|Protect|p1b: Rotom\n|-singleturn|p1b: Rotom|Protect\n|move|p2b: Virizion|Leaf Storm|p1a: Zamazenta\n|-activate|p1a: Zamazenta|move: Protect\n|move|p2a: Ho-Oh|Sacred Fire|p1b: Rotom\n|-activate|p1b: Rotom|move: Protect\n|\n|-heal|p1a: Zamazenta|77/251|[from] item: Leftovers\n|-damage|p2b: Virizion|144/297 brn|[from] brn\n|upkeep\n|-enditem|p2b: Virizion|Sitrus Berry|[eat]\n|-heal|p2b: Virizion|218/297 brn|[from] item: Sitrus Berry\n|turn|9\n|\n|t:|1770823813\n|move|p2b: Virizion|Leaf Storm|p1a: Zamazenta\n|-damage|p1a: Zamazenta|0 fnt\n|-unboost|p2b: Virizion|spa|2\n|faint|p1a: Zamazenta\n|move|p2a: Ho-Oh|Brave Bird|p1b: Rotom\n|-resisted|p1b: Rotom\n|-damage|p1b: Rotom|0 fnt\n|faint|p1b: Rotom\n|-damage|p2a: Ho-Oh|146/264|[from] Recoil\n|\n|-damage|p2b: Virizion|200/297 brn|[from] brn\n|upkeep\n|\n|t:|1770823817\n|switch|p1a: Swanna|Swanna, L87, F|272/272\n|switch|p1b: Rillaboom|Rillaboom, L81, F|295/295\n|-fieldstart|move: Grassy Terrain|[from] ability: Grassy Surge|[of] p1b: Rillaboom\n|turn|10\n|\n|t:|1770823844\n|switch|p2b: Meowscarada|Meowscarada, L79, F|250/250\n|-terastallize|p1a: Swanna|Ground\n|move|p1b: Rillaboom|Grassy Glide|p2a: Ho-Oh\n|-supereffective|p2a: Ho-Oh\n|-damage|p2a: Ho-Oh|0 fnt\n|faint|p2a: Ho-Oh\n|move|p1a: Swanna|Tailwind|p1a: Swanna\n|-sidestart|p1: ogtru|move: Tailwind\n|\n|-sideend|p2: BloodyBaron555|move: Tailwind\n|upkeep\n|\n|t:|1770823853\n|switch|p2a: Virizion|Virizion, L86|200/297 brn\n|turn|11\n|\n|t:|1770823865\n|move|p1a: Swanna|Brave Bird|p2b: Meowscarada\n|-supereffective|p2b: Meowscarada\n|-damage|p2b: Meowscarada|0 fnt\n|faint|p2b: Meowscarada\n|-damage|p1a: Swanna|189/272|[from] Recoil\n|move|p1b: Rillaboom|Wood Hammer|p2a: Virizion\n|-resisted|p2a: Virizion\n|-damage|p2a: Virizion|88/297 brn\n|-damage|p1b: Rillaboom|258/295|[from] Recoil\n|move|p2a: Virizion|Leaf Storm|p1a: Swanna\n|-supereffective|p1a: Swanna\n|-damage|p1a: Swanna|0 fnt\n|-unboost|p2a: Virizion|spa|2\n|faint|p1a: Swanna\n|\n|-heal|p1b: Rillaboom|276/295|[from] Grassy Terrain\n|-heal|p2a: Virizion|106/297 brn|[from] Grassy Terrain\n|-damage|p2a: Virizion|88/297 brn|[from] brn\n|upkeep\n|turn|12\n|\n|t:|1770823886\n|move|p1b: Rillaboom|Wood Hammer|p2a: Virizion\n|-resisted|p2a: Virizion\n|-damage|p2a: Virizion|0 fnt\n|faint|p2a: Virizion\n|-damage|p1b: Rillaboom|247/295|[from] Recoil\n|\n|win|ogtru\n|raw|ogtru's rating: 1495 &rarr; <strong>1519</strong><br />(+24 for winning)\n|raw|BloodyBaron555's rating: 1573 &rarr; <strong>1549</strong><br />(-24 for losing)\n|l|☆BloodyBaron555\n|player|p2|\n", "inputlog": ">version ccdc32dd7cde25fd9e4bed64820e885f66e78a4e\n>start {\"formatid\":\"gen9randomdoublesbattle\",\"seed\":\"sodium,8ba1871b90af2ba532c455c81acf324f\",\"rated\":\"Rated battle\"}\n>player p1 {\"name\":\"ogtru\",\"avatar\":\"riley\",\"rating\":1495,\"seed\":\"sodium,f3292c904259f9b5221a3935c86ce630\"}\n>player p2 {\"name\":\"BloodyBaron555\",\"avatar\":\"li\",\"rating\":1573,\"seed\":\"sodium,eb5fcae54575b5bc591933bbcf13b449\"}\n>p1 move hydropump +2, move thunderwave +1\n>p2 switch 3, move heatwave\n>p2 pass, switch 5\n>p1 move protect, move thunderwave +2\n>p2 move highhorsepower +2, move highhorsepower +1\n>p1 pass, switch 5\n>p1 move hydropump +1, move willowisp +1\n>p2 move heavyslam +2, move highhorsepower +1\n>p1 switch 6, pass\n>p1 move bodypress +2, move shadowball +1\n>p2 move bodypress +1, move highhorsepower +1\n>p1 move bodypress +2, move shadowball +1\n>p2 move bodypress +1, move highhorsepower +1\n>p2 switch 6, switch 4\n>p1 move bodypress +2, move thunderbolt +1\n>p2 move bravebird +1 terastallize, move stoneedge +2\n>p1 move bodypress +1, move willowisp +2\n>p2 move tailwind, move stoneedge +2\n>p1 move protect, move protect\n>p2 move sacredfire +2, move leafstorm +1\n>p1 move bodypress +1, move willowisp +1\n>p2 move bravebird +2, move leafstorm +1\n>p1 switch 4, switch 3\n>p1 move tailwind terastallize, move grassyglide +1\n>p2 move sacredfire +2, switch 3\n>p2 switch 3, pass\n>p1 move bravebird +2, move woodhammer +2\n>p2 move leafstorm +1, move flowertrick +1\n>p1 pass, move woodhammer +1\n>p2 move stoneedge +2, pass", "uploadtime": 1770823893, "views": 64, "formatid": "gen9randomdoublesbattle", "rating": 1519, "private": 0, "password": null}