{"id": "gen9randomdoublesbattle-2536354372", "format": "[Gen 9] Random Doubles Battle", "players": ["squidjerky", "widows"], "log": "|j|☆squidjerky\n|j|☆widows\n|t:|1770678065\n|gametype|doubles\n|player|p1|squidjerky|rood|1480\n|player|p2|widows|wallace|1539\n|gen|9\n|tier|[Gen 9] Random Doubles Battle\n|rated|\n|rule|Species Clause: Limit one of each Pokémon\n|rule|HP Percentage Mod: HP is shown in percentages\n|rule|Illusion Level Mod: Illusion disguises the Pokémon's true level\n|rule|Sleep Clause Mod: Limit one foe put to sleep\n|\n|t:|1770678065\n|teamsize|p1|6\n|teamsize|p2|6\n|start\n|switch|p1a: Infernape|Infernape, L82, M|259/259\n|switch|p1b: Inteleon|Inteleon, L78, F|237/237\n|switch|p2a: Skuntank|Skuntank, L85, F|314/314\n|switch|p2b: Dusknoir|Dusknoir, L89, F|225/225\n|-item|p1a: Infernape|Focus Sash|[from] ability: Frisk|[of] p2b: Dusknoir\n|-item|p1b: Inteleon|Choice Specs|[from] ability: Frisk|[of] p2b: Dusknoir\n|turn|1\n|inactive|Battle timer is ON: inactive players will automatically lose when time's up. (requested by widows)\n|inactive|widows has 120 seconds left.\n|\n|t:|1770678111\n|move|p1a: Infernape|Fake Out|p2a: Skuntank\n|-damage|p2a: Skuntank|280/314\n|move|p1b: Inteleon|Muddy Water|p2b: Dusknoir|[spread] p2a,p2b\n|-damage|p2a: Skuntank|130/314\n|-damage|p2b: Dusknoir|147/225\n|-unboost|p2a: Skuntank|accuracy|1\n|cant|p2a: Skuntank|flinch\n|move|p2b: Dusknoir|Trick Room|p2b: Dusknoir\n|-fieldstart|move: Trick Room|[of] p2b: Dusknoir\n|\n|upkeep\n|turn|2\n|\n|t:|1770678127\n|move|p2b: Dusknoir|Leech Life|p1b: Inteleon\n|-damage|p1b: Inteleon|119/237\n|-heal|p2b: Dusknoir|206/225|[from] drain|[of] p1b: Inteleon\n|-damage|p2b: Dusknoir|184/225|[from] item: Life Orb\n|move|p2a: Skuntank|Knock Off|p1b: Inteleon\n|-damage|p1b: Inteleon|0 fnt\n|-enditem|p1b: Inteleon|Choice Specs|[from] move: Knock Off|[of] p2a: Skuntank\n|faint|p1b: Inteleon\n|-damage|p2a: Skuntank|99/314|[from] item: Life Orb\n|move|p1a: Infernape|Overheat|p2b: Dusknoir\n|-damage|p2b: Dusknoir|85/225\n|-unboost|p1a: Infernape|spa|2\n|\n|upkeep\n|\n|t:|1770678143\n|switch|p1b: Kricketune|Kricketune, F|316/316\n|turn|3\n|\n|t:|1770678155\n|switch|p1a: Ditto|Ditto, L97|250/250\n|-transform|p1a: Ditto|p2b: Dusknoir|[from] ability: Imposter\n|-item|p2a: Skuntank|Life Orb|[from] ability: Frisk|[of] p1a: Ditto\n|-item|p2b: Dusknoir|Life Orb|[from] ability: Frisk|[of] p1a: Ditto\n|move|p2b: Dusknoir|Poltergeist|p1a: Ditto\n|-activate|p1a: Ditto|move: Poltergeist|Sitrus Berry\n|-supereffective|p1a: Ditto\n|-damage|p1a: Ditto|13/250\n|-enditem|p1a: Ditto|Sitrus Berry|[eat]\n|-heal|p1a: Ditto|75/250|[from] item: Sitrus Berry\n|-damage|p2b: Dusknoir|63/225|[from] item: Life Orb\n|move|p1b: Kricketune|Bug Bite|p2a: Skuntank\n|-damage|p2a: Skuntank|0 fnt\n|-damage|p1b: Kricketune|237/316|[from] ability: Aftermath|[of] p2a: Skuntank\n|faint|p2a: Skuntank\n|\n|upkeep\n|inactive|widows has 120 seconds left.\n|\n|t:|1770678187\n|switch|p2a: Rhyperior|Rhyperior, L82, M|323/323\n|turn|4\n|\n|t:|1770678208\n|move|p2b: Dusknoir|Protect|p2b: Dusknoir\n|-singleturn|p2b: Dusknoir|Protect\n|move|p1a: Ditto|Protect|p1a: Ditto\n|-singleturn|p1a: Ditto|Protect\n|move|p2a: Rhyperior|Rock Slide|p1a: Ditto|[spread] p1b\n|-activate|p1a: Ditto|move: Protect\n|-supereffective|p1b: Kricketune\n|-damage|p1b: Kricketune|57/316\n|-enditem|p1b: Kricketune|Sitrus Berry|[eat]\n|-heal|p1b: Kricketune|136/316|[from] item: Sitrus Berry\n|move|p1b: Kricketune|Knock Off|p2b: Dusknoir\n|-activate|p2b: Dusknoir|move: Protect\n|\n|upkeep\n|turn|5\n|\n|t:|1770678226\n|switch|p1b: Komala|Komala, L92, M|269/269\n|-ability|p1b: Komala|Comatose\n|move|p1a: Ditto|Poltergeist|p2b: Dusknoir\n|-activate|p2b: Dusknoir|move: Poltergeist|Life Orb\n|-supereffective|p2b: Dusknoir\n|-damage|p2b: Dusknoir|0 fnt\n|faint|p2b: Dusknoir\n|move|p2a: Rhyperior|Rock Polish|p2a: Rhyperior\n|-boost|p2a: Rhyperior|spe|2\n|\n|-fieldend|move: Trick Room\n|upkeep\n|\n|t:|1770678236\n|switch|p2b: Ursaluna|Ursaluna, L77, M|327/327\n|turn|6\n|inactive|squidjerky has 120 seconds left.\n|\n|t:|1770678272\n|-terastallize|p1b: Komala|Grass\n|move|p2b: Ursaluna|Protect|p2b: Ursaluna\n|-singleturn|p2b: Ursaluna|Protect\n|move|p2a: Rhyperior|Rock Slide|p1b: Komala|[spread] p1a,p1b\n|-damage|p1a: Ditto|21/250\n|-damage|p1b: Komala|181/269\n|cant|p1b: Komala|flinch\n|move|p1a: Ditto|Leech Life|p2b: Ursaluna\n|-activate|p2b: Ursaluna|move: Protect\n|\n|-status|p2b: Ursaluna|brn|[from] item: Flame Orb\n|upkeep\n|turn|7\n|\n|t:|1770678289\n|-terastallize|p2b: Ursaluna|Normal\n|move|p1a: Ditto|Protect|p1a: Ditto\n|-singleturn|p1a: Ditto|Protect\n|move|p2a: Rhyperior|Rock Slide|p1a: Ditto|[spread] p1b\n|-activate|p1a: Ditto|move: Protect\n|-damage|p1b: Komala|96/269\n|move|p1b: Komala|Wood Hammer|p2a: Rhyperior\n|-supereffective|p2a: Rhyperior\n|-damage|p2a: Rhyperior|0 fnt\n|faint|p2a: Rhyperior\n|-damage|p1b: Komala|0 fnt|[from] Recoil\n|faint|p1b: Komala\n|move|p2b: Ursaluna|Facade|p1a: Ditto\n|-activate|p1a: Ditto|move: Protect\n|\n|-damage|p2b: Ursaluna|307/327 brn|[from] brn\n|upkeep\n|inactive|squidjerky has 120 seconds left.\n|\n|t:|1770678306\n|switch|p1b: Infernape|Infernape, L82, M|259/259\n|switch|p2a: Meloetta|Meloetta, L80|291/291\n|turn|8\n|\n|t:|1770678320\n|move|p2a: Meloetta|Protect|p2a: Meloetta\n|-singleturn|p2a: Meloetta|Protect\n|move|p2b: Ursaluna|Protect|p2b: Ursaluna\n|-singleturn|p2b: Ursaluna|Protect\n|move|p1b: Infernape|Fake Out|p2b: Ursaluna\n|-activate|p2b: Ursaluna|move: Protect\n|move|p1a: Ditto|Leech Life|p2a: Meloetta\n|-activate|p2a: Meloetta|move: Protect\n|\n|-damage|p2b: Ursaluna|287/327 brn|[from] brn\n|upkeep\n|turn|9\n|\n|t:|1770678342\n|move|p1b: Infernape|Close Combat|p2b: Ursaluna\n|-supereffective|p2b: Ursaluna\n|-damage|p2b: Ursaluna|65/327 brn\n|-unboost|p1b: Infernape|def|1\n|-unboost|p1b: Infernape|spd|1\n|move|p2a: Meloetta|Psychic|p1a: Ditto\n|-damage|p1a: Ditto|0 fnt\n|faint|p1a: Ditto\n|-damage|p2a: Meloetta|262/291|[from] item: Life Orb\n|move|p2b: Ursaluna|Earthquake|p1b: Infernape|[spread] p2a,p1b\n|-supereffective|p1b: Infernape\n|-damage|p2a: Meloetta|99/291\n|-enditem|p1b: Infernape|Focus Sash\n|-damage|p1b: Infernape|1/259\n|\n|-damage|p2b: Ursaluna|45/327 brn|[from] brn\n|upkeep\n|\n|t:|1770678353\n|switch|p1a: Kricketune|Kricketune, F|136/316\n|turn|10\n|\n|t:|1770678371\n|move|p1b: Infernape|Close Combat|p2b: Ursaluna\n|-supereffective|p2b: Ursaluna\n|-damage|p2b: Ursaluna|0 fnt\n|-unboost|p1b: Infernape|def|1\n|-unboost|p1b: Infernape|spd|1\n|faint|p2b: Ursaluna\n|move|p2a: Meloetta|Hyper Voice|p1b: Infernape|[spread] p1a,p1b\n|-damage|p1a: Kricketune|6/316\n|-damage|p1b: Infernape|0 fnt\n|faint|p1b: Infernape\n|-damage|p2a: Meloetta|70/291|[from] item: Life Orb\n|move|p1a: Kricketune|Bug Bite|p2a: Meloetta\n|-supereffective|p2a: Meloetta\n|-damage|p2a: Meloetta|0 fnt\n|faint|p2a: Meloetta\n|\n|upkeep\n|\n|t:|1770678384\n|switch|p1b: Plusle|Plusle, L92, M|260/260\n|switch|p2b: Avalugg|Avalugg, L92, F|324/324\n|turn|11\n|\n|t:|1770678399\n|move|p1b: Plusle|Thunderbolt|p2b: Avalugg\n|-damage|p2b: Avalugg|182/324\n|-status|p2b: Avalugg|par\n|move|p1a: Kricketune|Knock Off|p2b: Avalugg\n|-damage|p2b: Avalugg|139/324 par\n|-enditem|p2b: Avalugg|Leftovers|[from] move: Knock Off|[of] p1a: Kricketune\n|move|p2b: Avalugg|Body Press|p1b: Plusle\n|-damage|p1b: Plusle|86/260\n|-enditem|p1b: Plusle|Sitrus Berry|[eat]\n|-heal|p1b: Plusle|151/260|[from] item: Sitrus Berry\n|\n|upkeep\n|turn|12\n|\n|t:|1770678414\n|move|p1b: Plusle|Thunderbolt|p2b: Avalugg\n|-damage|p2b: Avalugg|4/324 par\n|move|p1a: Kricketune|Bug Bite|p2b: Avalugg\n|-damage|p2b: Avalugg|0 fnt\n|faint|p2b: Avalugg\n|\n|win|squidjerky\n|raw|squidjerky's rating: 1480 &rarr; <strong>1503</strong><br />(+23 for winning)\n|raw|widows's rating: 1539 &rarr; <strong>1516</strong><br />(-23 for losing)\n|l|☆widows\n|player|p2|\n", "inputlog": ">version ccdc32dd7cde25fd9e4bed64820e885f66e78a4e\n>start {\"formatid\":\"gen9randomdoublesbattle\",\"seed\":\"sodium,54fcadf4e1c9359d8d04ee52ea9dd234\",\"rated\":\"Rated battle\"}\n>player p1 {\"name\":\"squidjerky\",\"avatar\":\"rood\",\"rating\":1480,\"seed\":\"sodium,401175100341e9564294c74ace12f4f9\"}\n>player p2 {\"name\":\"widows\",\"avatar\":\"wallace\",\"rating\":1539,\"seed\":\"sodium,fa09cfbcfb61140c49fca08b6150d712\"}\n>p1 move fakeout +1, move muddywater\n>p2 move gunkshot +2, move trickroom\n>p1 move overheat +2, move muddywater\n>p2 move knockoff +2, move leechlife +2\n>p1 pass, switch 6\n>p1 switch 4, move bugbite +1\n>p2 move toxicspikes, move poltergeist +1\n>p2 switch 4, pass\n>p1 move protect, move knockoff +2\n>p2 move rockslide, move protect\n>p1 move poltergeist +2, switch 3\n>p2 move rockpolish, move poltergeist +1\n>p2 pass, switch 5\n>p1 move leechlife +2, move woodhammer +1 terastallize\n>p2 move rockslide, move protect\n>p1 move protect, move woodhammer +1\n>p2 move rockslide, move facade +2 terastallize\n>p1 pass, switch 4\n>p2 switch 6, pass\n>p1 move leechlife +1, move fakeout +2\n>p2 move protect, move protect\n>p1 move leechlife +1, move closecombat +2\n>p2 move psychic +1, move earthquake\n>p1 switch 3, pass\n>p1 move bugbite +1, move closecombat +2\n>p2 move hypervoice, move earthquake\n>p1 pass, switch 5\n>p2 pass, switch 3\n>p1 move knockoff +2, move thunderbolt +2\n>p2 pass, move bodypress +2\n>p1 move bugbite +2, move thunderbolt +2\n>p2 pass, move recover", "uploadtime": 1770678736, "views": 76, "formatid": "gen9randomdoublesbattle", "rating": 1503, "private": 0, "password": null}