{"id": "gen9randomdoublesbattle-2540013352", "format": "[Gen 9] Random Doubles Battle", "players": ["Waterone", "caoscontrol"], "log": "|j|☆Waterone\n|j|☆caoscontrol\n|t:|1771144694\n|gametype|doubles\n|player|p1|Waterone|266|1616\n|player|p2|caoscontrol|2|1675\n|gen|9\n|tier|[Gen 9] Random Doubles Battle\n|rated|\n|rule|Species Clause: Limit one of each Pokémon\n|rule|HP Percentage Mod: HP is shown in percentages\n|rule|Illusion Level Mod: Illusion disguises the Pokémon's true level\n|rule|Sleep Clause Mod: Limit one foe put to sleep\n|\n|t:|1771144694\n|teamsize|p1|6\n|teamsize|p2|6\n|start\n|switch|p1a: Glaceon|Glaceon, L86, M|252/252\n|switch|p1b: Rillaboom|Rillaboom, L81, M|295/295\n|switch|p2a: Sceptile|Sceptile, L88, F|266/266\n|switch|p2b: Lapras|Lapras, L83, F|351/351\n|-fieldstart|move: Grassy Terrain|[from] ability: Grassy Surge|[of] p1b: Rillaboom\n|turn|1\n|\n|t:|1771144712\n|move|p2a: Sceptile|Protect|p2a: Sceptile\n|-singleturn|p2a: Sceptile|Protect\n|move|p1b: Rillaboom|Fake Out|p2a: Sceptile\n|-activate|p2a: Sceptile|move: Protect\n|move|p1a: Glaceon|Blizzard|p2a: Sceptile|[spread] p2b\n|-activate|p2a: Sceptile|move: Protect\n|-resisted|p2b: Lapras\n|-damage|p2b: Lapras|322/351\n|move|p2b: Lapras|Icy Wind|p1b: Rillaboom|[spread] p1a,p1b\n|-resisted|p1a: Glaceon\n|-supereffective|p1b: Rillaboom\n|-damage|p1a: Glaceon|233/252\n|-damage|p1b: Rillaboom|229/295\n|-unboost|p1a: Glaceon|spe|1\n|-unboost|p1b: Rillaboom|spe|1\n|\n|-heal|p2b: Lapras|343/351|[from] Grassy Terrain\n|-heal|p1b: Rillaboom|247/295|[from] Grassy Terrain\n|-heal|p1a: Glaceon|248/252|[from] Grassy Terrain\n|upkeep\n|turn|2\n|\n|t:|1771144736\n|switch|p1a: Deoxys|Deoxys-Defense, L88|231/231\n|-ability|p1a: Deoxys|Pressure\n|move|p2a: Sceptile|Shed Tail|p2a: Sceptile\n|-start|p2a: Sceptile|Substitute|[from] move: Shed Tail\n|-damage|p2a: Sceptile|133/266\n|-enditem|p2a: Sceptile|Sitrus Berry|[eat]\n|-heal|p2a: Sceptile|199/266|[from] item: Sitrus Berry\n|\n|t:|1771144751\n|switch|p2a: Miraidon|Miraidon, L65|238/238|[from] Shed Tail\n|-fieldstart|move: Electric Terrain|[from] ability: Hadron Engine|[of] p2a: Miraidon\n|move|p2b: Lapras|Freeze-Dry|p1b: Rillaboom\n|-supereffective|p1b: Rillaboom\n|-damage|p1b: Rillaboom|133/295\n|move|p1b: Rillaboom|Wood Hammer|p2b: Lapras\n|-supereffective|p2b: Lapras\n|-crit|p2b: Lapras\n|-damage|p2b: Lapras|0 fnt\n|faint|p2b: Lapras\n|-damage|p1b: Rillaboom|20/295|[from] Recoil\n|\n|upkeep\n|\n|t:|1771144769\n|switch|p2b: Garganacl|Garganacl, L81, M|295/295\n|turn|3\n|\n|t:|1771144778\n|switch|p1b: Glaceon|Glaceon, L86, M|248/252\n|move|p2a: Miraidon|Electro Drift|p1b: Glaceon\n|-damage|p1b: Glaceon|52/252\n|move|p1a: Deoxys|Night Shade|p2a: Miraidon\n|-end|p2a: Miraidon|Substitute\n|move|p2b: Garganacl|Salt Cure|p1a: Deoxys\n|-damage|p1a: Deoxys|204/231\n|-start|p1a: Deoxys|Salt Cure\n|\n|-damage|p1a: Deoxys|176/231|[from] Salt Cure\n|upkeep\n|turn|4\n|\n|t:|1771144800\n|switch|p2a: Mesprit|Mesprit, L86|278/278\n|switch|p1b: Rillaboom|Rillaboom, L81, M|20/295\n|-fieldstart|move: Grassy Terrain|[from] ability: Grassy Surge|[of] p1b: Rillaboom\n|move|p1a: Deoxys|Icy Wind|p2a: Mesprit|[spread] p2a,p2b\n|-damage|p2a: Mesprit|255/278\n|-damage|p2b: Garganacl|268/295\n|-unboost|p2a: Mesprit|spe|1\n|-unboost|p2b: Garganacl|spe|1\n|move|p2b: Garganacl|Stealth Rock|p1b: Rillaboom\n|-sidestart|p1: Waterone|move: Stealth Rock\n|\n|-heal|p1a: Deoxys|190/231|[from] Grassy Terrain\n|-heal|p1b: Rillaboom|38/295|[from] Grassy Terrain\n|-heal|p2b: Garganacl|286/295|[from] Grassy Terrain\n|-heal|p2b: Garganacl|295/295|[from] item: Leftovers\n|-damage|p1a: Deoxys|162/231|[from] Salt Cure\n|upkeep\n|turn|5\n|\n|t:|1771144835\n|switch|p2b: Miraidon|Miraidon, L65|238/238\n|-fieldstart|move: Electric Terrain|[from] ability: Hadron Engine|[of] p2b: Miraidon\n|move|p1a: Deoxys|Knock Off|p2a: Mesprit\n|-supereffective|p2a: Mesprit\n|-damage|p2a: Mesprit|163/278\n|-enditem|p2a: Mesprit|Life Orb|[from] move: Knock Off|[of] p1a: Deoxys\n|move|p1b: Rillaboom|U-turn|p2a: Mesprit\n|-supereffective|p2a: Mesprit\n|-damage|p2a: Mesprit|57/278\n|\n|t:|1771144852\n|switch|p1b: Mismagius|Mismagius, L88, M|249/249|[from] U-turn\n|-damage|p1b: Mismagius|218/249|[from] Stealth Rock\n|move|p2a: Mesprit|Dazzling Gleam|p1a: Deoxys|[spread] p1a,p1b\n|-damage|p1a: Deoxys|133/231\n|-damage|p1b: Mismagius|176/249\n|\n|-damage|p1a: Deoxys|105/231|[from] Salt Cure\n|upkeep\n|-enditem|p1a: Deoxys|Sitrus Berry|[eat]\n|-heal|p1a: Deoxys|162/231|[from] item: Sitrus Berry\n|turn|6\n|\n|t:|1771144882\n|switch|p2a: Sceptile|Sceptile, L88, F|199/266\n|move|p1b: Mismagius|Mystical Fire|p2b: Miraidon\n|-resisted|p2b: Miraidon\n|-damage|p2b: Miraidon|194/238\n|-unboost|p2b: Miraidon|spa|1\n|-damage|p1b: Mismagius|152/249|[from] item: Life Orb\n|move|p2b: Miraidon|Electro Drift|p1b: Mismagius\n|-damage|p1b: Mismagius|28/249\n|move|p1a: Deoxys|Night Shade|p2a: Sceptile\n|-damage|p2a: Sceptile|111/266\n|\n|-damage|p1a: Deoxys|134/231|[from] Salt Cure\n|upkeep\n|turn|7\n|\n|t:|1771144910\n|switch|p1a: Rillaboom|Rillaboom, L81, M|38/295\n|-damage|p1a: Rillaboom|2/295|[from] Stealth Rock\n|-fieldstart|move: Grassy Terrain|[from] ability: Grassy Surge|[of] p1a: Rillaboom\n|move|p2a: Sceptile|Leaf Storm|p1b: Mismagius\n|-damage|p1b: Mismagius|0 fnt\n|-unboost|p2a: Sceptile|spa|2\n|faint|p1b: Mismagius\n|move|p2b: Miraidon|Electro Drift|p1a: Rillaboom\n|-resisted|p1a: Rillaboom\n|-damage|p1a: Rillaboom|0 fnt\n|faint|p1a: Rillaboom\n|\n|-heal|p2a: Sceptile|127/266|[from] Grassy Terrain\n|-heal|p2b: Miraidon|208/238|[from] Grassy Terrain\n|upkeep\n|\n|t:|1771144934\n|switch|p1b: Glaceon|Glaceon, L86, M|52/252\n|switch|p1a: Deoxys|Deoxys-Defense, L88|134/231\n|-damage|p1a: Deoxys|106/231|[from] Stealth Rock\n|-ability|p1a: Deoxys|Pressure\n|-damage|p1b: Glaceon|0 fnt|[from] Stealth Rock\n|faint|p1b: Glaceon\n|\n|t:|1771144936\n|switch|p1b: Mandibuzz|Mandibuzz, L85, F|326/326\n|-damage|p1b: Mandibuzz|245/326|[from] Stealth Rock\n|turn|8\n|\n|t:|1771144956\n|switch|p2b: Mesprit|Mesprit, L86|57/278\n|-terastallize|p1b: Mandibuzz|Steel\n|move|p2a: Sceptile|Protect|p2a: Sceptile\n|-singleturn|p2a: Sceptile|Protect\n|move|p1a: Deoxys|Knock Off|p2b: Mesprit\n|-supereffective|p2b: Mesprit\n|-damage|p2b: Mesprit|0 fnt\n|faint|p2b: Mesprit\n|move|p1b: Mandibuzz|Tailwind|p1b: Mandibuzz\n|-sidestart|p1: Waterone|move: Tailwind\n|\n|-heal|p1a: Deoxys|120/231|[from] Grassy Terrain\n|-heal|p1b: Mandibuzz|265/326|[from] Grassy Terrain\n|-heal|p2a: Sceptile|143/266|[from] Grassy Terrain\n|upkeep\n|\n|t:|1771144970\n|switch|p2b: Garganacl|Garganacl, L81, M|295/295\n|turn|9\n|\n|t:|1771144979\n|switch|p2a: Miraidon|Miraidon, L65|208/238\n|-fieldstart|move: Electric Terrain|[from] ability: Hadron Engine|[of] p2a: Miraidon\n|move|p1a: Deoxys|Knock Off|p2b: Garganacl\n|-damage|p2b: Garganacl|249/295\n|-enditem|p2b: Garganacl|Leftovers|[from] move: Knock Off|[of] p1a: Deoxys\n|move|p1b: Mandibuzz|U-turn|p2a: Miraidon\n|-damage|p2a: Miraidon|164/238\n|\n|t:|1771144989\n|switch|p1b: Luxray|Luxray, L86, M|278/278|[from] U-turn\n|-damage|p1b: Luxray|244/278|[from] Stealth Rock\n|-ability|p1b: Luxray|Intimidate|boost\n|-unboost|p2a: Miraidon|atk|1\n|-unboost|p2b: Garganacl|atk|1\n|move|p2b: Garganacl|Salt Cure|p1b: Luxray\n|-damage|p1b: Luxray|216/278\n|-start|p1b: Luxray|Salt Cure\n|\n|-damage|p1b: Luxray|182/278|[from] Salt Cure\n|upkeep\n|turn|10\n|\n|t:|1771145004\n|switch|p2a: Sceptile|Sceptile, L88, F|143/266\n|move|p1a: Deoxys|Night Shade|p2b: Garganacl\n|-damage|p2b: Garganacl|161/295\n|move|p1b: Luxray|Wild Charge|p2b: Garganacl\n|-damage|p2b: Garganacl|49/295\n|-damage|p1b: Luxray|154/278|[from] Recoil\n|move|p2b: Garganacl|Salt Cure|p1a: Deoxys\n|-damage|p1a: Deoxys|104/231\n|-start|p1a: Deoxys|Salt Cure\n|\n|-damage|p1a: Deoxys|76/231|[from] Salt Cure\n|-damage|p1b: Luxray|120/278|[from] Salt Cure\n|upkeep\n|turn|11\n|\n|t:|1771145027\n|move|p2b: Garganacl|Protect|p2b: Garganacl\n|-singleturn|p2b: Garganacl|Protect\n|move|p1a: Deoxys|Icy Wind|p2a: Sceptile|[spread] p2a\n|-activate|p2b: Garganacl|move: Protect\n|-supereffective|p2a: Sceptile\n|-crit|p2a: Sceptile\n|-damage|p2a: Sceptile|69/266\n|-unboost|p2a: Sceptile|spe|1\n|move|p1b: Luxray|Volt Switch|p2b: Garganacl\n|-activate|p2b: Garganacl|move: Protect\n|move|p2a: Sceptile|Leaf Storm|p1a: Deoxys\n|-damage|p1a: Deoxys|0 fnt\n|-unboost|p2a: Sceptile|spa|2\n|faint|p1a: Deoxys\n|\n|-damage|p1b: Luxray|86/278|[from] Salt Cure\n|-sideend|p1: Waterone|move: Tailwind\n|upkeep\n|\n|t:|1771145032\n|switch|p1a: Mandibuzz|Mandibuzz, L85, F, tera:Steel|265/326\n|-damage|p1a: Mandibuzz|245/326|[from] Stealth Rock\n|turn|12\n|\n|t:|1771145051\n|move|p1a: Mandibuzz|Foul Play|p2b: Garganacl\n|-damage|p2b: Garganacl|1/295\n|move|p2a: Sceptile|Leaf Storm|p1b: Luxray\n|-damage|p1b: Luxray|0 fnt\n|-unboost|p2a: Sceptile|spa|2\n|faint|p1b: Luxray\n|move|p2b: Garganacl|Recover|p2b: Garganacl\n|-heal|p2b: Garganacl|149/295\n|\n|upkeep\n|turn|13\n|\n|t:|1771145069\n|move|p1a: Mandibuzz|Snarl|p2a: Sceptile|[spread] p2a,p2b\n|-damage|p2a: Sceptile|38/266\n|-damage|p2b: Garganacl|118/295\n|-unboost|p2a: Sceptile|spa|1\n|-unboost|p2b: Garganacl|spa|1\n|move|p2a: Sceptile|Focus Blast|p1a: Mandibuzz\n|-supereffective|p1a: Mandibuzz\n|-damage|p1a: Mandibuzz|185/326\n|move|p2b: Garganacl|Recover|p2b: Garganacl\n|-heal|p2b: Garganacl|266/295\n|\n|-fieldend|move: Electric Terrain\n|upkeep\n|turn|14\n|\n|t:|1771145083\n|move|p1a: Mandibuzz|Foul Play|p2a: Sceptile\n|-damage|p2a: Sceptile|0 fnt\n|faint|p2a: Sceptile\n|move|p2b: Garganacl|Salt Cure|p1a: Mandibuzz\n|-resisted|p1a: Mandibuzz\n|-damage|p1a: Mandibuzz|173/326\n|-start|p1a: Mandibuzz|Salt Cure\n|\n|-damage|p1a: Mandibuzz|92/326|[from] Salt Cure\n|upkeep\n|-enditem|p1a: Mandibuzz|Sitrus Berry|[eat]\n|-heal|p1a: Mandibuzz|173/326|[from] item: Sitrus Berry\n|c|☆caoscontrol|gg wp\n|\n|t:|1771145094\n|switch|p2a: Miraidon|Miraidon, L65|164/238\n|-fieldstart|move: Electric Terrain|[from] ability: Hadron Engine|[of] p2a: Miraidon\n|turn|15\n|\n|t:|1771145104\n|move|p2a: Miraidon|Electro Drift|p1a: Mandibuzz\n|-damage|p1a: Mandibuzz|0 fnt\n|faint|p1a: Mandibuzz\n|\n|win|caoscontrol\n|raw|Waterone's rating: 1616 &rarr; <strong>1599</strong><br />(-17 for losing)\n|raw|caoscontrol's rating: 1675 &rarr; <strong>1692</strong><br />(+17 for winning)\n|l|☆Waterone\n|player|p1|\n", "inputlog": ">version 686819e5e19f8a7fd2345cfc5a08a5085efa2cc3\n>start {\"formatid\":\"gen9randomdoublesbattle\",\"seed\":\"sodium,aeaf92acbcbc718aa7a0fbf41ecac3c5\",\"rated\":\"Rated battle\"}\n>player p1 {\"name\":\"Waterone\",\"avatar\":\"266\",\"rating\":1616,\"seed\":\"sodium,e61d6917ef9b7bef91926dda5e19bd25\"}\n>player p2 {\"name\":\"caoscontrol\",\"avatar\":\"2\",\"rating\":1675,\"seed\":\"sodium,87afcad94a98c7b99bac9aad0c787161\"}\n>p1 move blizzard, move fakeout +1\n>p2 move protect, move icywind\n>p1 switch 6, move woodhammer +2\n>p2 move shedtail, move freezedry +2\n>p2 switch 3, pass\n>p2 pass, switch 4\n>p1 move nightshade +1, switch 6\n>p2 move electrodrift +2, move saltcure +1\n>p1 move icywind, switch 6\n>p2 switch 6, move stealthrock\n>p1 move knockoff +1, move uturn +1\n>p2 move dazzlinggleam, switch 6\n>p1 pass, switch 5\n>p1 move nightshade +1, move mysticalfire +2\n>p2 switch 3, move electrodrift +2\n>p1 switch 5, move shadowball +1\n>p2 move leafstorm +2, move electrodrift +1\n>p1 switch 5, switch 6\n>p1 pass, switch 3\n>p1 move knockoff +2, move tailwind terastallize\n>p2 move protect, switch 3\n>p2 pass, switch 6\n>p1 move knockoff +2, move uturn +1\n>p2 switch 3, move saltcure +2\n>p1 pass, switch 4\n>p1 move nightshade +2, move wildcharge +2\n>p2 switch 3, move saltcure +1\n>p1 move icywind, move voltswitch +2\n>p2 move leafstorm +1, move protect\n>p1 switch 4, pass\n>p1 move foulplay +2, move throatchop +1\n>p2 move leafstorm +2, move recover\n>p1 move snarl, pass\n>p2 move focusblast +1, move recover\n>p1 move foulplay +1, pass\n>p2 move focusblast +1, move saltcure +1\n>chat ☆caoscontrol|gg wp\n>p2 switch 3, pass\n>p1 move foulplay +1, pass\n>p2 move electrodrift +1, move recover", "uploadtime": 1771145112, "views": 71, "formatid": "gen9randomdoublesbattle", "rating": 1599, "private": 0, "password": null}