{"id": "gen9randomdoublesbattle-2540879718", "format": "[Gen 9] Random Doubles Battle", "players": ["lazieinB", "mashing a"], "log": "|j|☆lazieinB\n|j|☆mashing a\n|t:|1771263338\n|gametype|doubles\n|player|p1|lazieinB|102|1863\n|player|p2|mashing a|169|1809\n|gen|9\n|tier|[Gen 9] Random Doubles Battle\n|rated|\n|rule|Species Clause: Limit one of each Pokémon\n|rule|HP Percentage Mod: HP is shown in percentages\n|rule|Illusion Level Mod: Illusion disguises the Pokémon's true level\n|rule|Sleep Clause Mod: Limit one foe put to sleep\n|\n|t:|1771263338\n|teamsize|p1|6\n|teamsize|p2|6\n|start\n|switch|p1a: Tentacruel|Tentacruel, L85, M|275/275\n|switch|p1b: Ninetales|Ninetales, L79, F|245/245\n|switch|p2a: Dewgong|Dewgong, L91, F|312/312\n|switch|p2b: Slither Wing|Slither Wing, L83|277/277\n|-weather|SunnyDay|[from] ability: Drought|[of] p1b: Ninetales\n|-activate|p2b: Slither Wing|ability: Protosynthesis\n|-start|p2b: Slither Wing|protosynthesisatk\n|turn|1\n|inactive|Battle timer is ON: inactive players will automatically lose when time's up. (requested by mashing a)\n|\n|t:|1771263356\n|move|p2a: Dewgong|Fake Out|p1b: Ninetales\n|-damage|p1b: Ninetales|212/245\n|move|p1a: Tentacruel|Sludge Bomb|p2a: Dewgong\n|-damage|p2a: Dewgong|240/312\n|cant|p1b: Ninetales|flinch\n|move|p2b: Slither Wing|Wild Charge|p1a: Tentacruel\n|-supereffective|p1a: Tentacruel\n|-damage|p1a: Tentacruel|0 fnt\n|faint|p1a: Tentacruel\n|-damage|p2b: Slither Wing|208/277|[from] Recoil\n|-damage|p2b: Slither Wing|181/277|[from] item: Life Orb\n|\n|-weather|SunnyDay|[upkeep]\n|upkeep\n|\n|t:|1771263373\n|switch|p1a: Jolteon|Jolteon, L85, F|249/249\n|turn|2\n|\n|t:|1771263394\n|-end|p2b: Slither Wing|Protosynthesis|[silent]\n|switch|p2b: Tentacruel|Tentacruel, L85, M|275/275\n|switch|p2a: Overqwil|Overqwil, L82, M|274/274\n|-ability|p2a: Overqwil|Intimidate|boost\n|-unboost|p1a: Jolteon|atk|1\n|-unboost|p1b: Ninetales|atk|1\n|move|p1a: Jolteon|Protect|p1a: Jolteon\n|-singleturn|p1a: Jolteon|Protect\n|move|p1b: Ninetales|Solar Beam||[still]\n|-prepare|p1b: Ninetales|Solar Beam\n|-anim|p1b: Ninetales|Solar Beam|p2a: Overqwil\n|-resisted|p2a: Overqwil\n|-damage|p2a: Overqwil|216/274\n|-damage|p1b: Ninetales|188/245|[from] item: Life Orb\n|\n|-weather|SunnyDay|[upkeep]\n|upkeep\n|turn|3\n|\n|t:|1771263419\n|move|p1a: Jolteon|Calm Mind|p1a: Jolteon\n|-boost|p1a: Jolteon|spa|1\n|-boost|p1a: Jolteon|spd|1\n|move|p2b: Tentacruel|Icy Wind|p1b: Ninetales|[spread] p1a,p1b\n|-resisted|p1b: Ninetales\n|-damage|p1a: Jolteon|233/249\n|-damage|p1b: Ninetales|176/245\n|-unboost|p1a: Jolteon|spe|1\n|-unboost|p1b: Ninetales|spe|1\n|move|p2a: Overqwil|Gunk Shot|p1a: Jolteon\n|-damage|p1a: Jolteon|7/249\n|-status|p1a: Jolteon|psn\n|-damage|p2a: Overqwil|189/274|[from] item: Life Orb\n|move|p1b: Ninetales|Fire Blast|p2a: Overqwil\n|-damage|p2a: Overqwil|0 fnt\n|faint|p2a: Overqwil\n|-damage|p1b: Ninetales|152/245|[from] item: Life Orb\n|\n|-weather|SunnyDay|[upkeep]\n|-damage|p1a: Jolteon|0 fnt|[from] psn\n|faint|p1a: Jolteon\n|upkeep\n|inactive|lazieinB has 120 seconds left.\n|inactive|mashing a has 120 seconds left.\n|\n|t:|1771263440\n|switch|p1a: Ting-Lu|Ting-Lu, L82|388/388\n|switch|p2a: Dewgong|Dewgong, L91, F|240/312\n|-ability|p1a: Ting-Lu|Vessel of Ruin\n|turn|4\n|\n|t:|1771263453\n|switch|p2b: Mabosstiff|Mabosstiff, L84, M|272/272\n|-ability|p2b: Mabosstiff|Intimidate|boost\n|-unboost|p1a: Ting-Lu|atk|1\n|-unboost|p1b: Ninetales|atk|1\n|switch|p1b: Mandibuzz|Mandibuzz, L85, F|326/326\n|move|p2a: Dewgong|Fake Out|p1b: Mandibuzz\n|-damage|p1b: Mandibuzz|303/326\n|move|p1a: Ting-Lu|Ruination|p2a: Dewgong\n|-damage|p2a: Dewgong|120/312\n|-enditem|p2a: Dewgong|Sitrus Berry|[eat]\n|-heal|p2a: Dewgong|198/312|[from] item: Sitrus Berry\n|\n|-weather|SunnyDay|[upkeep]\n|upkeep\n|turn|5\n|\n|t:|1771263471\n|move|p2b: Mabosstiff|Play Rough|p1a: Ting-Lu\n|-supereffective|p1a: Ting-Lu\n|-damage|p1a: Ting-Lu|204/388\n|move|p1b: Mandibuzz|Tailwind|p1b: Mandibuzz\n|-sidestart|p1: lazieinB|move: Tailwind\n|move|p1a: Ting-Lu|Ruination|p2b: Mabosstiff\n|-damage|p2b: Mabosstiff|136/272\n|move|p2a: Dewgong|Icy Wind|p1b: Mandibuzz|[spread] p1a,p1b\n|-supereffective|p1a: Ting-Lu\n|-supereffective|p1b: Mandibuzz\n|-damage|p1a: Ting-Lu|138/388\n|-damage|p1b: Mandibuzz|249/326\n|-unboost|p1a: Ting-Lu|spe|1\n|-unboost|p1b: Mandibuzz|spe|1\n|-enditem|p1a: Ting-Lu|Sitrus Berry|[eat]\n|-heal|p1a: Ting-Lu|235/388|[from] item: Sitrus Berry\n|\n|-weather|none\n|upkeep\n|turn|6\n|\n|t:|1771263496\n|move|p1b: Mandibuzz|U-turn|p2b: Mabosstiff\n|-supereffective|p2b: Mabosstiff\n|-damage|p2b: Mabosstiff|56/272\n|\n|t:|1771263503\n|switch|p1b: Ninetales|Ninetales, L79, F|152/245|[from] U-turn\n|-weather|SunnyDay|[from] ability: Drought|[of] p1b: Ninetales\n|move|p2b: Mabosstiff|Play Rough|p1b: Ninetales\n|-resisted|p1b: Ninetales\n|-damage|p1b: Ninetales|85/245\n|move|p2a: Dewgong|Icy Wind|p1b: Ninetales|[spread] p1a,p1b\n|-supereffective|p1a: Ting-Lu\n|-resisted|p1b: Ninetales\n|-damage|p1a: Ting-Lu|173/388\n|-damage|p1b: Ninetales|70/245\n|-unboost|p1a: Ting-Lu|spe|1\n|-unboost|p1b: Ninetales|spe|1\n|move|p1a: Ting-Lu|Ruination|p2b: Mabosstiff\n|-damage|p2b: Mabosstiff|28/272\n|\n|-weather|SunnyDay|[upkeep]\n|upkeep\n|turn|7\n|inactive|mashing a has 120 seconds left.\n|\n|t:|1771263538\n|switch|p2b: Articuno|Articuno, L82|282/282\n|-ability|p2b: Articuno|Pressure\n|switch|p2a: Tentacruel|Tentacruel, L85, M|275/275\n|switch|p1a: Mandibuzz|Mandibuzz, L85, F|249/326\n|move|p1b: Ninetales|Solar Beam||[still]\n|-prepare|p1b: Ninetales|Solar Beam\n|-anim|p1b: Ninetales|Solar Beam|p2a: Tentacruel\n|-damage|p2a: Tentacruel|228/275\n|-damage|p1b: Ninetales|46/245|[from] item: Life Orb\n|\n|-weather|SunnyDay|[upkeep]\n|upkeep\n|turn|8\n|\n|t:|1771263556\n|move|p1a: Mandibuzz|U-turn|p2a: Tentacruel\n|-resisted|p2a: Tentacruel\n|-damage|p2a: Tentacruel|206/275\n|\n|t:|1771263559\n|switch|p1a: Ting-Lu|Ting-Lu, L82|173/388|[from] U-turn\n|-ability|p1a: Ting-Lu|Vessel of Ruin\n|move|p1b: Ninetales|Heat Wave|p2b: Articuno|[spread] p2a,p2b\n|-resisted|p2a: Tentacruel\n|-supereffective|p2b: Articuno\n|-damage|p2a: Tentacruel|183/275\n|-damage|p2b: Articuno|162/282\n|-damage|p1b: Ninetales|22/245|[from] item: Life Orb\n|move|p2a: Tentacruel|Icy Wind|p1b: Ninetales|[spread] p1a,p1b\n|-supereffective|p1a: Ting-Lu\n|-resisted|p1b: Ninetales\n|-damage|p1a: Ting-Lu|127/388\n|-damage|p1b: Ninetales|12/245\n|-unboost|p1a: Ting-Lu|spe|1\n|-unboost|p1b: Ninetales|spe|1\n|move|p2b: Articuno|Ice Beam|p1a: Ting-Lu\n|-supereffective|p1a: Ting-Lu\n|-damage|p1a: Ting-Lu|0 fnt\n|faint|p1a: Ting-Lu\n|\n|-weather|SunnyDay|[upkeep]\n|-sideend|p1: lazieinB|move: Tailwind\n|upkeep\n|-message|lazieinB forfeited.\n|\n|win|mashing a\n|raw|lazieinB's rating: 1863 &rarr; <strong>1840</strong><br />(-23 for losing)\n|raw|mashing a's rating: 1809 &rarr; <strong>1832</strong><br />(+23 for winning)\n|l|☆lazieinB\n|player|p1|\n", "inputlog": ">version 686819e5e19f8a7fd2345cfc5a08a5085efa2cc3\n>start {\"formatid\":\"gen9randomdoublesbattle\",\"seed\":\"sodium,e4767a529835fc06441496619a7fdfa2\",\"rated\":\"Rated battle\"}\n>player p1 {\"name\":\"lazieinB\",\"avatar\":\"102\",\"rating\":1863,\"seed\":\"sodium,380827704b37e1ae0b5e1899a602c352\"}\n>player p2 {\"name\":\"mashing a\",\"avatar\":\"169\",\"rating\":1809,\"seed\":\"sodium,f9f3c6b4006a1b77d1dd243adbe7d064\"}\n>p1 move sludgebomb +1, move solarbeam +1\n>p2 move fakeout +2, move wildcharge +1\n>p1 switch 4, pass\n>p1 move protect, move solarbeam +1\n>p2 switch 4, switch 5\n>p1 move calmmind, move fireblast +1\n>p2 move gunkshot +1, move icywind\n>p1 switch 5, pass\n>p2 switch 4, pass\n>p1 move ruination +1, switch 3\n>p2 move fakeout +2, switch 6\n>p1 move ruination +2, move tailwind\n>p2 move icywind, move playrough +1\n>p1 move ruination +2, move uturn +2\n>p2 move icywind, move playrough +2\n>p1 pass, switch 3\n>p1 switch 3, move solarbeam +1\n>p2 switch 6, switch 3\n>p1 move uturn +1, move heatwave\n>p2 move icywind, move icebeam +1\n>p1 switch 3, pass\n>forcelose p1", "uploadtime": 1771263575, "views": 3, "formatid": "gen9randomdoublesbattle", "rating": 1832, "private": 0, "password": null}