{"id": "gen9randomdoublesbattle-2539676945", "format": "[Gen 9] Random Doubles Battle", "players": ["herodragunov", "connormcgreggio"], "log": "|j|☆herodragunov\n|j|☆connormcgreggio\n|t:|1771095401\n|gametype|doubles\n|player|p1|herodragunov|alec-anime|1683\n|player|p2|connormcgreggio|169|1581\n|gen|9\n|tier|[Gen 9] Random Doubles Battle\n|rated|\n|rule|Species Clause: Limit one of each Pokémon\n|rule|HP Percentage Mod: HP is shown in percentages\n|rule|Illusion Level Mod: Illusion disguises the Pokémon's true level\n|rule|Sleep Clause Mod: Limit one foe put to sleep\n|\n|t:|1771095401\n|teamsize|p1|6\n|teamsize|p2|6\n|start\n|switch|p1a: Skeledirge|Skeledirge, L80, F|298/298\n|switch|p1b: Gumshoos|Gumshoos, L93, F|315/315\n|switch|p2a: Cetitan|Cetitan, L83, F|418/418\n|switch|p2b: Cryogonal|Cryogonal, L88|284/284\n|turn|1\n|inactive|Battle timer is ON: inactive players will automatically lose when time's up. (requested by herodragunov)\n|\n|t:|1771095467\n|switch|p2b: Decidueye|Decidueye, L89, F|284/284\n|-terastallize|p2a: Cetitan|Water\n|move|p1a: Skeledirge|Protect|p1a: Skeledirge\n|-singleturn|p1a: Skeledirge|Protect\n|move|p2a: Cetitan|Icicle Crash|p1b: Gumshoos\n|-crit|p1b: Gumshoos\n|-damage|p1b: Gumshoos|26/315\n|move|p1b: Gumshoos|Double-Edge|p2a: Cetitan\n|-damage|p2a: Cetitan|0 fnt\n|faint|p2a: Cetitan\n|-damage|p1b: Gumshoos|0 fnt|[from] Recoil\n|faint|p1b: Gumshoos\n|\n|upkeep\n|inactive|herodragunov has 120 seconds left.\n|\n|t:|1771095503\n|switch|p2a: Charizard|Charizard, L82, M|262/262\n|switch|p1b: Squawkabilly|Squawkabilly-Blue, L91, F|297/297\n|-ability|p1b: Squawkabilly|Intimidate|boost\n|-unboost|p2a: Charizard|atk|1\n|-unboost|p2b: Decidueye|atk|1\n|turn|2\n|\n|t:|1771095526\n|switch|p2b: Infernape|Infernape, L82, M|259/259\n|move|p1b: Squawkabilly|Brave Bird|p2b: Infernape\n|-supereffective|p2b: Infernape\n|-damage|p2b: Infernape|0 fnt\n|faint|p2b: Infernape\n|-damage|p1b: Squawkabilly|212/297|[from] Recoil\n|-damage|p1b: Squawkabilly|183/297|[from] item: Life Orb\n|move|p2a: Charizard|Scorching Sands|p1a: Skeledirge\n|-supereffective|p1a: Skeledirge\n|-crit|p1a: Skeledirge\n|-damage|p1a: Skeledirge|48/298\n|-damage|p2a: Charizard|236/262|[from] item: Life Orb\n|move|p1a: Skeledirge|Torch Song|p2a: Charizard\n|-resisted|p2a: Charizard\n|-damage|p2a: Charizard|193/262\n|-boost|p1a: Skeledirge|spa|1\n|\n|-heal|p1a: Skeledirge|66/298|[from] item: Leftovers\n|upkeep\n|inactive|connormcgreggio has 120 seconds left.\n|\n|t:|1771095544\n|switch|p2b: Jolteon|Jolteon, L85, M|249/249\n|turn|3\n|\n|t:|1771095563\n|move|p1b: Squawkabilly|Quick Attack|p2a: Charizard\n|-damage|p2a: Charizard|119/262\n|-damage|p1b: Squawkabilly|154/297|[from] item: Life Orb\n|move|p2b: Jolteon|Thunderbolt|p1b: Squawkabilly\n|-supereffective|p1b: Squawkabilly\n|-damage|p1b: Squawkabilly|0 fnt\n|faint|p1b: Squawkabilly\n|-damage|p2b: Jolteon|225/249|[from] item: Life Orb\n|move|p2a: Charizard|Scorching Sands|p1a: Skeledirge\n|-supereffective|p1a: Skeledirge\n|-damage|p1a: Skeledirge|0 fnt\n|faint|p1a: Skeledirge\n|-damage|p2a: Charizard|93/262|[from] item: Life Orb\n|\n|upkeep\n|\n|t:|1771095570\n|switch|p1b: Lurantis|Lurantis, L85, M|258/258\n|switch|p1a: Skuntank|Skuntank, L85, F|314/314\n|turn|4\n|\n|t:|1771095590\n|-terastallize|p1b: Lurantis|Stellar\n|move|p2a: Charizard|Protect|p2a: Charizard\n|-singleturn|p2a: Charizard|Protect\n|move|p2b: Jolteon|Calm Mind|p2b: Jolteon\n|-boost|p2b: Jolteon|spa|1\n|-boost|p2b: Jolteon|spd|1\n|move|p1a: Skuntank|Knock Off|p2a: Charizard\n|-activate|p2a: Charizard|move: Protect\n|move|p1b: Lurantis|Leaf Storm|p2b: Jolteon\n|-damage|p2b: Jolteon|117/249\n|-boost|p1b: Lurantis|spa|2\n|\n|upkeep\n|turn|5\n|\n|t:|1771095613\n|move|p2b: Jolteon|Thunderbolt|p1b: Lurantis\n|-resisted|p1b: Lurantis\n|-damage|p1b: Lurantis|194/258\n|-damage|p2b: Jolteon|93/249|[from] item: Life Orb\n|move|p2a: Charizard|Heat Wave|p1a: Skuntank|[spread] p1a,p1b\n|-supereffective|p1b: Lurantis\n|-damage|p1a: Skuntank|178/314\n|-damage|p1b: Lurantis|67/258\n|-damage|p2a: Charizard|67/262|[from] item: Life Orb\n|move|p1a: Skuntank|Knock Off|p2a: Charizard\n|-damage|p2a: Charizard|0 fnt\n|-enditem|p2a: Charizard|Life Orb|[from] move: Knock Off|[of] p1a: Skuntank\n|faint|p2a: Charizard\n|-damage|p1a: Skuntank|147/314|[from] item: Life Orb\n|move|p1b: Lurantis|Leaf Storm|p2b: Jolteon\n|-damage|p2b: Jolteon|0 fnt\n|-boost|p1b: Lurantis|spa|2\n|faint|p2b: Jolteon\n|\n|upkeep\n|\n|t:|1771095632\n|switch|p2b: Decidueye|Decidueye, L89, F|284/284\n|switch|p2a: Cryogonal|Cryogonal, L88|284/284\n|turn|6\n|\n|t:|1771095651\n|move|p2a: Cryogonal|Freeze-Dry|p1b: Lurantis\n|-supereffective|p1b: Lurantis\n|-damage|p1b: Lurantis|0 fnt\n|faint|p1b: Lurantis\n|move|p1a: Skuntank|Knock Off|p2b: Decidueye\n|-supereffective|p2b: Decidueye\n|-damage|p2b: Decidueye|0 fnt\n|-enditem|p2b: Decidueye|Sitrus Berry|[from] move: Knock Off|[of] p1a: Skuntank\n|faint|p2b: Decidueye\n|-damage|p1a: Skuntank|116/314|[from] item: Life Orb\n|\n|upkeep\n|\n|t:|1771095657\n|switch|p1b: Cramorant|Cramorant, L86, M|261/261\n|turn|7\n|\n|t:|1771095669\n|move|p1b: Cramorant|Protect|p1b: Cramorant\n|-singleturn|p1b: Cramorant|Protect\n|move|p2a: Cryogonal|Freeze-Dry|p1b: Cramorant\n|-activate|p1b: Cramorant|move: Protect\n|move|p1a: Skuntank|Knock Off|p2a: Cryogonal\n|-damage|p2a: Cryogonal|92/284\n|-enditem|p2a: Cryogonal|Sitrus Berry|[from] move: Knock Off|[of] p1a: Skuntank\n|-damage|p1a: Skuntank|85/314|[from] item: Life Orb\n|\n|upkeep\n|turn|8\n|\n|t:|1771095683\n|move|p2a: Cryogonal|Freeze-Dry|p1b: Cramorant\n|-supereffective|p1b: Cramorant\n|-damage|p1b: Cramorant|0 fnt\n|faint|p1b: Cramorant\n|move|p1a: Skuntank|Knock Off|p2a: Cryogonal\n|-damage|p2a: Cryogonal|0 fnt\n|faint|p2a: Cryogonal\n|-damage|p1a: Skuntank|54/314|[from] item: Life Orb\n|\n|win|herodragunov\n|raw|herodragunov's rating: 1683 &rarr; <strong>1697</strong><br />(+14 for winning)\n|raw|connormcgreggio's rating: 1581 &rarr; <strong>1567</strong><br />(-14 for losing)\n|c|☆herodragunov|Gg fam\n|l|☆connormcgreggio\n|player|p2|\n", "inputlog": ">version ccdc32dd7cde25fd9e4bed64820e885f66e78a4e\n>start {\"formatid\":\"gen9randomdoublesbattle\",\"seed\":\"sodium,e835016f54d5eada58a31e7bbbf9326b\",\"rated\":\"Rated battle\"}\n>player p1 {\"name\":\"herodragunov\",\"avatar\":\"alec-anime\",\"rating\":1683,\"seed\":\"sodium,8b263087d37615d9a309be1fe27616b8\"}\n>player p2 {\"name\":\"connormcgreggio\",\"avatar\":\"169\",\"rating\":1581,\"seed\":\"sodium,b1a64dbab45b02ae1947cc32827ffb86\"}\n>p1 move protect, move doubleedge +1\n>p2 move iciclecrash +2 terastallize, switch 6\n>p1 pass, switch 4\n>p2 switch 3, pass\n>p1 move torchsong +1, move bravebird +2\n>p2 move scorchingsands +1, switch 5\n>p2 pass, switch 4\n>p1 move shadowball +1, move quickattack +1\n>p2 move scorchingsands +1, move thunderbolt +2\n>p1 switch 5, switch 6\n>p1 move knockoff +1, move leafstorm +2 terastallize\n>p2 move protect, move calmmind\n>p1 move knockoff +1, move leafstorm +2\n>p2 move heatwave, move thunderbolt +2\n>p2 switch 6, switch 5\n>p1 move knockoff +2, move terablast +2\n>p2 move freezedry +2, move tailwind\n>p1 pass, switch 3\n>p1 move knockoff +1, move protect\n>p2 move freezedry +2, pass\n>p1 move knockoff +1, move tailwind\n>p2 move freezedry +2, pass", "uploadtime": 1771095694, "views": 67, "formatid": "gen9randomdoublesbattle", "rating": 1567, "private": 0, "password": null}