{"id": "gen9randomdoublesbattle-2539048507", "format": "[Gen 9] Random Doubles Battle", "players": ["tumaco11", "pocketclover"], "log": "|j|☆tumaco11\n|j|☆pocketclover\n|t:|1771006273\n|gametype|doubles\n|player|p1|tumaco11|lucas|1683\n|player|p2|pocketclover|265|1674\n|gen|9\n|tier|[Gen 9] Random Doubles Battle\n|rated|\n|rule|Species Clause: Limit one of each Pokémon\n|rule|HP Percentage Mod: HP is shown in percentages\n|rule|Illusion Level Mod: Illusion disguises the Pokémon's true level\n|rule|Sleep Clause Mod: Limit one foe put to sleep\n|\n|t:|1771006273\n|teamsize|p1|6\n|teamsize|p2|6\n|start\n|switch|p1a: Ceruledge|Ceruledge, L80, M|251/251\n|switch|p1b: Regirock|Regirock, L82|265/265\n|switch|p2a: Koraidon|Koraidon, L66|242/242\n|switch|p2b: Goodra|Goodra, L86, M|295/295\n|-weather|SunnyDay|[from] ability: Orichalcum Pulse|[of] p2a: Koraidon\n|-activate|p2a: Koraidon|Orichalcum Pulse|[source]\n|turn|1\n|inactive|Battle timer is ON: inactive players will automatically lose when time's up. (requested by pocketclover)\n|\n|t:|1771006307\n|move|p2a: Koraidon|Collision Course|p1b: Regirock\n|-supereffective|p1b: Regirock\n|-damage|p1b: Regirock|47/265\n|-damage|p2a: Koraidon|218/242|[from] item: Life Orb\n|move|p2b: Goodra|Thunderbolt|p1a: Ceruledge\n|-damage|p1a: Ceruledge|183/251\n|move|p1a: Ceruledge|Swords Dance|p1a: Ceruledge\n|-boost|p1a: Ceruledge|atk|2\n|move|p1b: Regirock|Thunder Wave|p2a: Koraidon\n|-status|p2a: Koraidon|par\n|\n|-weather|SunnyDay|[upkeep]\n|-heal|p1b: Regirock|63/265|[from] item: Leftovers\n|upkeep\n|turn|2\n|\n|t:|1771006327\n|move|p2b: Goodra|Power Whip|p1b: Regirock\n|-supereffective|p1b: Regirock\n|-damage|p1b: Regirock|0 fnt\n|faint|p1b: Regirock\n|move|p1a: Ceruledge|Poltergeist|p2b: Goodra\n|-activate|p2b: Goodra|move: Poltergeist|Sitrus Berry\n|-damage|p2b: Goodra|0 fnt\n|faint|p2b: Goodra\n|-damage|p1a: Ceruledge|158/251|[from] item: Life Orb\n|move|p2a: Koraidon|Dragon Claw|p1a: Ceruledge\n|-damage|p1a: Ceruledge|18/251\n|-ability|p1a: Ceruledge|Weak Armor|boost\n|-unboost|p1a: Ceruledge|def|1\n|-boost|p1a: Ceruledge|spe|2\n|-damage|p2a: Koraidon|194/242 par|[from] item: Life Orb\n|\n|-weather|SunnyDay|[upkeep]\n|upkeep\n|inactive|tumaco11 has 120 seconds left.\n|inactive|pocketclover has 120 seconds left.\n|\n|t:|1771006356\n|switch|p2b: Fezandipiti|Fezandipiti, L81, M|275/275\n|switch|p1b: Grimmsnarl|Grimmsnarl, L82, M|290/290\n|turn|3\n|\n|t:|1771006373\n|move|p1a: Ceruledge|Bitter Blade|p2b: Fezandipiti\n|-damage|p2b: Fezandipiti|0 fnt\n|-heal|p1a: Ceruledge|156/251|[from] drain|[of] p2b: Fezandipiti\n|faint|p2b: Fezandipiti\n|-damage|p1a: Ceruledge|131/251|[from] item: Life Orb\n|move|p1b: Grimmsnarl|Spirit Break|p2a: Koraidon\n|-supereffective|p2a: Koraidon\n|-damage|p2a: Koraidon|0 fnt\n|faint|p2a: Koraidon\n|\n|-weather|SunnyDay|[upkeep]\n|upkeep\n|\n|t:|1771006380\n|switch|p2a: Kyogre|Kyogre, L65|238/238\n|switch|p2b: Arbok|Arbok, L88, M|249/249\n|-weather|RainDance|[from] ability: Drizzle|[of] p2a: Kyogre\n|-ability|p2b: Arbok|Intimidate|boost\n|-unboost|p1a: Ceruledge|atk|1\n|-unboost|p1b: Grimmsnarl|atk|1\n|turn|4\n|\n|t:|1771006390\n|move|p1b: Grimmsnarl|Thunder Wave|p2b: Arbok\n|-status|p2b: Arbok|par\n|move|p1a: Ceruledge|Poltergeist|p2a: Kyogre\n|-activate|p2a: Kyogre|move: Poltergeist|Choice Scarf\n|-damage|p2a: Kyogre|0 fnt\n|faint|p2a: Kyogre\n|-damage|p1a: Ceruledge|106/251|[from] item: Life Orb\n|move|p2b: Arbok|Knock Off|p1a: Ceruledge\n|-supereffective|p1a: Ceruledge\n|-damage|p1a: Ceruledge|0 fnt\n|-enditem|p1a: Ceruledge|Life Orb|[from] move: Knock Off|[of] p2b: Arbok\n|faint|p1a: Ceruledge\n|\n|-weather|RainDance|[upkeep]\n|upkeep\n|\n|t:|1771006407\n|switch|p1a: Cinccino|Cinccino, L85, M|266/266\n|switch|p2a: Jolteon|Jolteon, L85, M|249/249\n|turn|5\n|-message|pocketclover forfeited.\n|\n|win|tumaco11\n|raw|tumaco11's rating: 1683 &rarr; <strong>1702</strong><br />(+19 for winning)\n|raw|pocketclover's rating: 1674 &rarr; <strong>1655</strong><br />(-19 for losing)\n|l|☆pocketclover\n|player|p2|\n", "inputlog": ">version ccdc32dd7cde25fd9e4bed64820e885f66e78a4e\n>start {\"formatid\":\"gen9randomdoublesbattle\",\"seed\":\"sodium,6d86797b35b20e3fbee108514c06bf2b\",\"rated\":\"Rated battle\"}\n>player p1 {\"name\":\"tumaco11\",\"avatar\":\"lucas\",\"rating\":1683,\"seed\":\"sodium,c19b1b43df552f60d4f71fa1b48d7003\"}\n>player p2 {\"name\":\"pocketclover\",\"avatar\":\"265\",\"rating\":1674,\"seed\":\"sodium,faa9f3cf380099cbe742fb18b70c54f5\"}\n>p1 move swordsdance, move thunderwave +1\n>p2 move collisioncourse +2, move thunderbolt +1\n>p1 move poltergeist +2, move rockslide\n>p2 move dragonclaw +1, move powerwhip +2\n>p1 pass, switch 6\n>p2 pass, switch 5\n>p1 move bitterblade +2, move spiritbreak +1\n>p2 move dragonclaw +1, move icywind\n>p2 switch 3, switch 4\n>p1 move poltergeist +1, move thunderwave +2\n>p2 move originpulse, move knockoff +1\n>p1 switch 5, pass\n>p2 switch 6, pass\n>forcelose p2", "uploadtime": 1771006409, "views": 78, "formatid": "gen9randomdoublesbattle", "rating": 1655, "private": 0, "password": null}