{"id": "gen9randomdoublesbattle-2534971166", "format": "[Gen 9] Random Doubles Battle", "players": ["Ironfist9004", "Jraulh"], "log": "|j|☆Ironfist9004\n|j|☆Jraulh\n|t:|1770498379\n|gametype|doubles\n|player|p1|Ironfist9004|cynthia|1550\n|player|p2|Jraulh|acetrainer-gen4dp|1555\n|gen|9\n|tier|[Gen 9] Random Doubles Battle\n|rated|\n|rule|Species Clause: Limit one of each Pokémon\n|rule|HP Percentage Mod: HP is shown in percentages\n|rule|Illusion Level Mod: Illusion disguises the Pokémon's true level\n|rule|Sleep Clause Mod: Limit one foe put to sleep\n|\n|t:|1770498379\n|teamsize|p1|6\n|teamsize|p2|6\n|start\n|switch|p1a: Veluza|Veluza, L88, M|302/302\n|switch|p1b: Azumarill|Azumarill, L83, F|302/302\n|switch|p2a: Meloetta|Meloetta, L80|291/291\n|switch|p2b: Sunflora|Sunflora, F|312/312\n|turn|1\n|inactive|Battle timer is ON: inactive players will automatically lose when time's up. (requested by Ironfist9004)\n|\n|t:|1770498406\n|move|p2b: Sunflora|Protect|p2b: Sunflora\n|-singleturn|p2b: Sunflora|Protect\n|move|p2a: Meloetta|Hyper Voice|p1b: Azumarill|[spread] p1a,p1b\n|-damage|p1a: Veluza|151/302\n|-damage|p1b: Azumarill|178/302\n|move|p1a: Veluza|Psycho Cut|p2b: Sunflora\n|-activate|p2b: Sunflora|move: Protect\n|move|p1b: Azumarill|Play Rough|p2b: Sunflora\n|-activate|p2b: Sunflora|move: Protect\n|\n|upkeep\n|turn|2\n|\n|t:|1770498422\n|switch|p1a: Cryogonal|Cryogonal, L88|284/284\n|move|p2a: Meloetta|Hyper Voice|p1b: Azumarill|[spread] p1a,p1b\n|-damage|p1a: Cryogonal|193/284\n|-damage|p1b: Azumarill|36/302\n|move|p1b: Azumarill|Play Rough|p2b: Sunflora\n|-damage|p2b: Sunflora|117/312\n|move|p2b: Sunflora|Sludge Bomb|p1b: Azumarill\n|-supereffective|p1b: Azumarill\n|-damage|p1b: Azumarill|0 fnt\n|faint|p1b: Azumarill\n|-damage|p2b: Sunflora|86/312|[from] item: Life Orb\n|\n|upkeep\n|\n|t:|1770498429\n|switch|p1b: Umbreon|Umbreon, L85, M|300/300\n|turn|3\n|\n|t:|1770498437\n|switch|p2b: Illumise|Illumise, L83, F|244/244\n|move|p1a: Cryogonal|Icy Wind|p2a: Meloetta|[spread] p2a\n|-miss|p1a: Cryogonal|p2b: Illumise\n|-damage|p2a: Meloetta|254/291\n|-unboost|p2a: Meloetta|spe|1\n|move|p1b: Umbreon|Foul Play|p2a: Meloetta\n|-supereffective|p2a: Meloetta\n|-damage|p2a: Meloetta|44/291\n|move|p2a: Meloetta|Hyper Voice|p1b: Umbreon|[spread] p1a,p1b\n|-damage|p1a: Cryogonal|108/284\n|-damage|p1b: Umbreon|218/300\n|-enditem|p1a: Cryogonal|Sitrus Berry|[eat]\n|-heal|p1a: Cryogonal|179/284|[from] item: Sitrus Berry\n|\n|upkeep\n|turn|4\n|\n|t:|1770498459\n|switch|p2a: Sunflora|Sunflora, F|86/312\n|move|p2b: Illumise|Thunder Wave|p1a: Cryogonal\n|-status|p1a: Cryogonal|par\n|move|p1b: Umbreon|Snarl|p2a: Sunflora|[spread] p2a,p2b\n|-damage|p2a: Sunflora|58/312\n|-damage|p2b: Illumise|208/244\n|-unboost|p2a: Sunflora|spa|1\n|-unboost|p2b: Illumise|spa|1\n|move|p1a: Cryogonal|Icy Wind|p2b: Illumise|[spread] p2a,p2b\n|-supereffective|p2a: Sunflora\n|-damage|p2a: Sunflora|0 fnt\n|-damage|p2b: Illumise|159/244\n|-unboost|p2b: Illumise|spe|1\n|faint|p2a: Sunflora\n|\n|upkeep\n|inactive|Jraulh has 120 seconds left.\n|inactive|Jraulh has 90 seconds left.\n|inactive|Jraulh has 60 seconds left.\n|\n|t:|1770498556\n|switch|p2a: Meloetta|Meloetta, L80|44/291\n|turn|5\n|inactive|Jraulh has 60 seconds left.\n|\n|t:|1770498573\n|move|p2b: Illumise|Tailwind|p2b: Illumise\n|-sidestart|p2: Jraulh|move: Tailwind\n|move|p2a: Meloetta|Hyper Voice|p1a: Cryogonal|[spread] p1a,p1b\n|-crit|p1a: Cryogonal\n|-crit|p1b: Umbreon\n|-damage|p1a: Cryogonal|55/284 par\n|-damage|p1b: Umbreon|92/300\n|-enditem|p1b: Umbreon|Sitrus Berry|[eat]\n|-heal|p1b: Umbreon|167/300|[from] item: Sitrus Berry\n|move|p1b: Umbreon|Snarl|p2a: Meloetta|[spread] p2a,p2b\n|-supereffective|p2a: Meloetta\n|-damage|p2a: Meloetta|0 fnt\n|-damage|p2b: Illumise|123/244\n|-unboost|p2b: Illumise|spa|1\n|faint|p2a: Meloetta\n|move|p1a: Cryogonal|Icy Wind|p2b: Illumise\n|-damage|p2b: Illumise|59/244\n|-unboost|p2b: Illumise|spe|1\n|-enditem|p2b: Illumise|Sitrus Berry|[eat]\n|-heal|p2b: Illumise|120/244|[from] item: Sitrus Berry\n|\n|upkeep\n|\n|t:|1770498582\n|switch|p2a: Ursaluna|Ursaluna-Bloodmoon, L78, M|304/304\n|turn|6\n|\n|t:|1770498595\n|switch|p2b: Hippowdon|Hippowdon, L86, M|326/326\n|-weather|Sandstorm|[from] ability: Sand Stream|[of] p2b: Hippowdon\n|move|p2a: Ursaluna|Hyper Voice|p1a: Cryogonal|[spread] p1a,p1b\n|-damage|p1a: Cryogonal|0 fnt\n|-damage|p1b: Umbreon|95/300\n|faint|p1a: Cryogonal\n|move|p1b: Umbreon|Snarl|p2b: Hippowdon|[spread] p2a,p2b\n|-damage|p2a: Ursaluna|261/304\n|-damage|p2b: Hippowdon|289/326\n|-unboost|p2a: Ursaluna|spa|1\n|-unboost|p2b: Hippowdon|spa|1\n|\n|-weather|Sandstorm|[upkeep]\n|-damage|p1b: Umbreon|77/300|[from] Sandstorm\n|-heal|p2b: Hippowdon|309/326|[from] item: Leftovers\n|upkeep\n|\n|t:|1770498607\n|switch|p1a: Gardevoir|Gardevoir, L83, M|249/249\n|-ability|p1a: Gardevoir|Sand Stream|Trace|[from] ability: Trace|[of] p2b: Hippowdon\n|turn|7\n|inactive|Jraulh has 90 seconds left.\n|\n|t:|1770498625\n|move|p2a: Ursaluna|Hyper Voice|p1a: Gardevoir|[spread] p1a,p1b\n|-crit|p1b: Umbreon\n|-damage|p1a: Gardevoir|198/249\n|-damage|p1b: Umbreon|0 fnt\n|faint|p1b: Umbreon\n|move|p1a: Gardevoir|Moonblast|p2a: Ursaluna\n|-damage|p2a: Ursaluna|0 fnt\n|faint|p2a: Ursaluna\n|move|p2b: Hippowdon|Whirlwind|p1a: Gardevoir\n|drag|p1a: Veluza|Veluza, L88, M|151/302\n|\n|-weather|Sandstorm|[upkeep]\n|-damage|p1a: Veluza|133/302|[from] Sandstorm\n|-heal|p2b: Hippowdon|326/326|[from] item: Leftovers\n|upkeep\n|inactive|Jraulh has 90 seconds left.\n|\n|t:|1770498641\n|switch|p1b: Gardevoir|Gardevoir, L83, M|198/249\n|switch|p2a: Illumise|Illumise, L83, F|120/244\n|-ability|p1b: Gardevoir|Sand Stream|Trace|[from] ability: Trace|[of] p2b: Hippowdon\n|turn|8\n|\n|t:|1770498665\n|move|p2a: Illumise|Thunder Wave|p1b: Gardevoir\n|-status|p1b: Gardevoir|par\n|move|p1a: Veluza|Aqua Jet|p2a: Illumise\n|-damage|p2a: Illumise|35/244\n|move|p1b: Gardevoir|Dazzling Gleam|p2a: Illumise|[spread] p2a,p2b\n|-damage|p2a: Illumise|0 fnt\n|-damage|p2b: Hippowdon|190/326\n|faint|p2a: Illumise\n|move|p2b: Hippowdon|Whirlwind|p1a: Veluza\n|drag|p1a: Torterra|Torterra, L81, M|287/287\n|\n|-weather|Sandstorm|[upkeep]\n|-damage|p1b: Gardevoir|183/249 par|[from] Sandstorm\n|-heal|p2b: Hippowdon|210/326|[from] item: Leftovers\n|-sideend|p2: Jraulh|move: Tailwind\n|upkeep\n|\n|t:|1770498680\n|switch|p2a: Annihilape|Annihilape, L77, M|296/296\n|turn|9\n|\n|t:|1770498692\n|move|p2a: Annihilape|Rage Fist|p1b: Gardevoir\n|-supereffective|p1b: Gardevoir\n|-damage|p1b: Gardevoir|61/249 par\n|move|p1a: Torterra|Headlong Rush|p2b: Hippowdon\n|-damage|p2b: Hippowdon|110/326\n|-unboost|p1a: Torterra|def|1\n|-unboost|p1a: Torterra|spd|1\n|-enditem|p1a: Torterra|White Herb\n|-clearnegativeboost|p1a: Torterra|[silent]\n|cant|p1b: Gardevoir|par\n|move|p2b: Hippowdon|Whirlwind|p1a: Torterra\n|drag|p1a: Veluza|Veluza, L88, M|133/302\n|\n|-weather|Sandstorm|[upkeep]\n|-damage|p2a: Annihilape|278/296|[from] Sandstorm\n|-damage|p1a: Veluza|115/302|[from] Sandstorm\n|-damage|p1b: Gardevoir|46/249 par|[from] Sandstorm\n|-heal|p2b: Hippowdon|130/326|[from] item: Leftovers\n|upkeep\n|turn|10\n|inactive|Jraulh has 120 seconds left.\n|\n|t:|1770498722\n|move|p2a: Annihilape|Rage Fist|p1a: Veluza\n|-supereffective|p1a: Veluza\n|-damage|p1a: Veluza|5/302\n|move|p1a: Veluza|Psycho Cut|p2a: Annihilape\n|-supereffective|p2a: Annihilape\n|-damage|p2a: Annihilape|0 fnt\n|faint|p2a: Annihilape\n|move|p2b: Hippowdon|Slack Off|p2b: Hippowdon\n|-heal|p2b: Hippowdon|293/326\n|cant|p1b: Gardevoir|par\n|\n|-weather|none\n|-heal|p2b: Hippowdon|313/326|[from] item: Leftovers\n|upkeep\n|turn|11\n|inactive|Jraulh has 120 seconds left.\n|\n|t:|1770498751\n|-terastallize|p2b: Hippowdon|Water\n|move|p1a: Veluza|Psycho Cut|p2b: Hippowdon\n|-damage|p2b: Hippowdon|169/326\n|move|p2b: Hippowdon|High Horsepower|p1a: Veluza\n|-damage|p1a: Veluza|0 fnt\n|faint|p1a: Veluza\n|move|p1b: Gardevoir|Dazzling Gleam|p2b: Hippowdon\n|-damage|p2b: Hippowdon|0 fnt\n|faint|p2b: Hippowdon\n|\n|win|Ironfist9004\n|raw|Ironfist9004's rating: 1550 &rarr; <strong>1570</strong><br />(+20 for winning)\n|raw|Jraulh's rating: 1555 &rarr; <strong>1535</strong><br />(-20 for losing)\n", "inputlog": ">version ccdc32dd7cde25fd9e4bed64820e885f66e78a4e\n>start {\"formatid\":\"gen9randomdoublesbattle\",\"seed\":\"sodium,8fa0771ddd1c59ca66d6b255b5de142c\",\"rated\":\"Rated battle\"}\n>player p1 {\"name\":\"Ironfist9004\",\"avatar\":\"cynthia\",\"rating\":1550,\"seed\":\"sodium,0e27fb0b9b7b77a95b058d6a6f24c68c\"}\n>player p2 {\"name\":\"Jraulh\",\"avatar\":\"acetrainer-gen4dp\",\"rating\":1555,\"seed\":\"sodium,12e0a95b823b87e242d35434d44eb60d\"}\n>p1 move psychocut +2, move playrough +2\n>p2 move hypervoice, move protect\n>p1 switch 5, move playrough +2\n>p2 move hypervoice, move sludgebomb +2\n>p1 pass, switch 6\n>p1 move icywind, move foulplay +1\n>p2 move hypervoice, switch 3\n>p1 move icywind, move snarl\n>p2 switch 3, move thunderwave +1\n>p2 switch 3, pass\n>p1 move icywind, move snarl\n>p2 move hypervoice, move tailwind\n>p2 switch 5, pass\n>p1 move icywind, move snarl\n>p2 move hypervoice, switch 6\n>p1 switch 3, pass\n>p1 move moonblast +1, move foulplay +2\n>p2 move hypervoice, move whirlwind +1\n>p1 pass, switch 5\n>p2 switch 6, pass\n>p1 move aquajet +1, move dazzlinggleam\n>p2 move thunderwave +2, move whirlwind +1\n>p2 switch 4, pass\n>p1 move headlongrush +2, move dazzlinggleam\n>p2 move ragefist +2, move whirlwind +1\n>p1 move psychocut +1, move dazzlinggleam\n>p2 move ragefist +1, move slackoff\n>p1 move psychocut +2, move dazzlinggleam\n>p2 pass, move highhorsepower +1 terastallize", "uploadtime": 1770499392, "views": 94, "formatid": "gen9randomdoublesbattle", "rating": 1535, "private": 0, "password": null}