{"id": "gen9randomdoublesbattle-2534220464", "format": "[Gen 9] Random Doubles Battle", "players": ["Tho777", "AquaArsh3546"], "log": "|j|☆Tho777\n|j|☆AquaArsh3546\n|t:|1770398994\n|gametype|doubles\n|player|p1|Tho777|1|1827\n|player|p2|AquaArsh3546|dawn|1791\n|gen|9\n|tier|[Gen 9] Random Doubles Battle\n|rated|\n|rule|Species Clause: Limit one of each Pokémon\n|rule|HP Percentage Mod: HP is shown in percentages\n|rule|Illusion Level Mod: Illusion disguises the Pokémon's true level\n|rule|Sleep Clause Mod: Limit one foe put to sleep\n|\n|t:|1770398994\n|teamsize|p1|6\n|teamsize|p2|6\n|start\n|switch|p1a: Espeon|Espeon, L84, F|246/246\n|switch|p1b: Altaria|Altaria, L91, M|284/284\n|switch|p2a: Entei|Entei, L77|304/304\n|switch|p2b: Florges|Florges-Orange, L84, F|268/268\n|turn|1\n|inactive|Battle timer is ON: inactive players will automatically lose when time's up. (requested by AquaArsh3546)\n|inactive|Tho777 has 120 seconds left.\n|\n|t:|1770399044\n|switch|p1a: Electabuzz|Electabuzz, L84, F|246/246\n|switch|p2a: Gothitelle|Gothitelle, L90, M|272/272\n|move|p1b: Altaria|Draco Meteor|p2a: Gothitelle\n|-damage|p2a: Gothitelle|163/272\n|-unboost|p1b: Altaria|spa|2\n|move|p2b: Florges|Calm Mind|p2b: Florges\n|-boost|p2b: Florges|spa|1\n|-boost|p2b: Florges|spd|1\n|\n|upkeep\n|turn|2\n|\n|t:|1770399061\n|move|p2a: Gothitelle|Fake Out|p1a: Electabuzz\n|-damage|p1a: Electabuzz|224/246\n|-status|p2a: Gothitelle|par|[from] ability: Static|[of] p1a: Electabuzz\n|cant|p1a: Electabuzz|flinch\n|move|p1b: Altaria|Brave Bird|p2b: Florges\n|-damage|p2b: Florges|120/268\n|-damage|p1b: Altaria|235/284|[from] Recoil\n|move|p2b: Florges|Moonblast|p1b: Altaria\n|-supereffective|p1b: Altaria\n|-damage|p1b: Altaria|0 fnt\n|faint|p1b: Altaria\n|\n|-heal|p2b: Florges|136/268|[from] item: Leftovers\n|upkeep\n|\n|t:|1770399084\n|switch|p1b: Palafin|Palafin, L79, F|288/288\n|turn|3\n|\n|t:|1770399099\n|move|p2b: Florges|Protect|p2b: Florges\n|-singleturn|p2b: Florges|Protect\n|move|p1a: Electabuzz|Follow Me|p1a: Electabuzz\n|-singleturn|p1a: Electabuzz|move: Follow Me\n|move|p1b: Palafin|Flip Turn|p2b: Florges\n|-activate|p2b: Florges|move: Protect\n|cant|p2a: Gothitelle|par\n|\n|-heal|p2b: Florges|152/268|[from] item: Leftovers\n|upkeep\n|turn|4\n|\n|t:|1770399114\n|move|p1a: Electabuzz|Follow Me|p1a: Electabuzz\n|-singleturn|p1a: Electabuzz|move: Follow Me\n|move|p1b: Palafin|Flip Turn|p2b: Florges\n|-damage|p2b: Florges|88/268\n|\n|t:|1770399121\n|detailschange|p1b: Palafin|Palafin-Hero, L79, F\n|switch|p1b: Vespiquen|Vespiquen, F|302/302|[from] Flip Turn\n|-ability|p1b: Vespiquen|Unnerve\n|move|p2b: Florges|Moonblast|p1a: Electabuzz\n|-damage|p1a: Electabuzz|112/246\n|move|p2a: Gothitelle|Trick Room|p2a: Gothitelle\n|-fieldstart|move: Trick Room|[of] p2a: Gothitelle\n|\n|-heal|p2b: Florges|104/268|[from] item: Leftovers\n|upkeep\n|turn|5\n|\n|t:|1770399135\n|move|p1a: Electabuzz|Follow Me|p1a: Electabuzz\n|-singleturn|p1a: Electabuzz|move: Follow Me\n|move|p2a: Gothitelle|Heal Pulse|p1a: Electabuzz\n|-heal|p1a: Electabuzz|235/246\n|move|p1b: Vespiquen|Pollen Puff|p2a: Gothitelle\n|-supereffective|p2a: Gothitelle\n|-damage|p2a: Gothitelle|0 fnt\n|faint|p2a: Gothitelle\n|move|p2b: Florges|Calm Mind|p2b: Florges\n|-boost|p2b: Florges|spa|1\n|-boost|p2b: Florges|spd|1\n|\n|-heal|p2b: Florges|120/268|[from] item: Leftovers\n|upkeep\n|c|☆AquaArsh3546|WHATTT\n|c|☆AquaArsh3546|heal pulse can be redirected???\n|c|☆AquaArsh3546|huhh\n|\n|t:|1770399159\n|switch|p2a: Entei|Entei, L77|304/304\n|turn|6\n|\n|t:|1770399169\n|move|p1a: Electabuzz|Follow Me|p1a: Electabuzz\n|-singleturn|p1a: Electabuzz|move: Follow Me\n|move|p1b: Vespiquen|Hurricane|p2b: Florges\n|-crit|p2b: Florges\n|-damage|p2b: Florges|0 fnt\n|faint|p2b: Florges\n|move|p2a: Entei|Flare Blitz|p1a: Electabuzz\n|-damage|p1a: Electabuzz|79/246\n|-status|p2a: Entei|par|[from] ability: Static|[of] p1a: Electabuzz\n|-damage|p2a: Entei|253/304 par|[from] Recoil\n|\n|upkeep\n|\n|t:|1770399175\n|switch|p2b: Latios|Latios, L79, M|256/256\n|turn|7\n|\n|t:|1770399200\n|move|p2b: Latios|Protect|p2b: Latios\n|-singleturn|p2b: Latios|Protect\n|move|p2a: Entei|Flare Blitz|p1b: Vespiquen\n|-supereffective|p1b: Vespiquen\n|-damage|p1b: Vespiquen|6/302\n|-damage|p2a: Entei|155/304 par|[from] Recoil\n|move|p1b: Vespiquen|Pollen Puff|p2b: Latios\n|-activate|p2b: Latios|move: Protect\n|move|p1a: Electabuzz|Electroweb|p2a: Entei|[spread] p2a\n|-activate|p2b: Latios|move: Protect\n|-damage|p2a: Entei|103/304 par\n|-unboost|p2a: Entei|spe|1\n|\n|-heal|p1b: Vespiquen|24/302|[from] item: Leftovers\n|upkeep\n|turn|8\n|\n|t:|1770399218\n|move|p2a: Entei|Flare Blitz|p1b: Vespiquen\n|-supereffective|p1b: Vespiquen\n|-damage|p1b: Vespiquen|0 fnt\n|faint|p1b: Vespiquen\n|-damage|p2a: Entei|95/304 par|[from] Recoil\n|move|p2b: Latios|Tailwind|p2b: Latios\n|-sidestart|p2: AquaArsh3546|move: Tailwind\n|move|p1a: Electabuzz|Thunderbolt|p2a: Entei\n|-damage|p2a: Entei|0 fnt\n|faint|p2a: Entei\n|\n|-fieldend|move: Trick Room\n|upkeep\n|\n|t:|1770399230\n|switch|p2a: Barraskewda|Barraskewda, L85, M|242/242\n|switch|p1b: Iron Valiant|Iron Valiant, L79|247/247\n|turn|9\n|\n|t:|1770399244\n|move|p1a: Electabuzz|Follow Me|p1a: Electabuzz\n|-singleturn|p1a: Electabuzz|move: Follow Me\n|move|p2a: Barraskewda|Waterfall|p1a: Electabuzz\n|-damage|p1a: Electabuzz|0 fnt\n|faint|p1a: Electabuzz\n|-damage|p2a: Barraskewda|218/242|[from] item: Life Orb\n|move|p2b: Latios|Luster Purge|p1b: Iron Valiant\n|-supereffective|p1b: Iron Valiant\n|-damage|p1b: Iron Valiant|0 fnt\n|faint|p1b: Iron Valiant\n|-end|p1b: Iron Valiant|Quark Drive|[silent]\n|\n|upkeep\n|\n|t:|1770399254\n|switch|p1b: Espeon|Espeon, L84, F|246/246\n|switch|p1a: Palafin|Palafin-Hero, L79, F|288/288\n|-activate|p1a: Palafin|ability: Zero to Hero\n|turn|10\n|\n|t:|1770399263\n|-terastallize|p1b: Espeon|Fairy\n|move|p1a: Palafin|Protect|p1a: Palafin\n|-singleturn|p1a: Palafin|Protect\n|move|p2a: Barraskewda|Waterfall|p1b: Espeon\n|-damage|p1b: Espeon|74/246\n|-damage|p2a: Barraskewda|194/242|[from] item: Life Orb\n|move|p2b: Latios|Draco Meteor|p1a: Palafin\n|-activate|p1a: Palafin|move: Protect\n|move|p1b: Espeon|Alluring Voice|p2b: Latios\n|-supereffective|p2b: Latios\n|-damage|p2b: Latios|0 fnt\n|faint|p2b: Latios\n|-damage|p1b: Espeon|50/246|[from] item: Life Orb\n|\n|upkeep\n|\n|t:|1770399266\n|switch|p2b: Basculegion|Basculegion-F, L72, F|292/292\n|turn|11\n|\n|t:|1770399274\n|move|p1a: Palafin|Protect||[still]\n|-fail|p1a: Palafin\n|move|p2a: Barraskewda|Waterfall|p1b: Espeon\n|-damage|p1b: Espeon|0 fnt\n|faint|p1b: Espeon\n|-damage|p2a: Barraskewda|170/242|[from] item: Life Orb\n|move|p2b: Basculegion|Last Respects|p1a: Palafin\n|-damage|p1a: Palafin|44/288\n|\n|-sideend|p2: AquaArsh3546|move: Tailwind\n|upkeep\n|turn|12\n|-message|Tho777 forfeited.\n|\n|win|AquaArsh3546\n|raw|Tho777's rating: 1827 &rarr; <strong>1805</strong><br />(-22 for losing)\n|raw|AquaArsh3546's rating: 1791 &rarr; <strong>1813</strong><br />(+22 for winning)\n|l|☆Tho777\n|player|p1|\n", "inputlog": ">version ccdc32dd7cde25fd9e4bed64820e885f66e78a4e\n>start {\"formatid\":\"gen9randomdoublesbattle\",\"seed\":\"sodium,0af87854424b3f16f1e8e73e51d7d322\",\"rated\":\"Rated battle\"}\n>player p1 {\"name\":\"Tho777\",\"avatar\":\"1\",\"rating\":1827,\"seed\":\"sodium,2e3f092e6734b88f5c8961a174d90545\"}\n>player p2 {\"name\":\"AquaArsh3546\",\"avatar\":\"dawn\",\"rating\":1791,\"seed\":\"sodium,6f21dcc152cc0e668dacbd70066c3d19\"}\n>p1 switch 3, move dracometeor +1\n>p2 switch 5, move calmmind\n>p1 move electroweb, move bravebird +2\n>p2 move fakeout +1, move moonblast +2\n>p1 pass, switch 5\n>p1 move followme, move flipturn +2\n>p2 move trickroom, move protect\n>p1 move followme, move flipturn +2\n>p2 move trickroom, move moonblast +2\n>p1 pass, switch 6\n>p1 move followme, move pollenpuff +1\n>p2 move healpulse -2, move calmmind\n>chat ☆AquaArsh3546|WHATTT\n>chat ☆AquaArsh3546|heal pulse can be redirected???\n>chat ☆AquaArsh3546|huhh\n>p2 switch 5, pass\n>p1 move followme, move hurricane +2\n>p2 move flareblitz +2, move synthesis\n>p2 pass, switch 4\n>p1 move electroweb, move pollenpuff +2\n>p2 move flareblitz +2, move protect\n>p1 move thunderbolt +1, move pollenpuff -1\n>p2 move flareblitz +2, move tailwind\n>p1 pass, switch 4\n>p2 switch 6, pass\n>p1 move followme, move dazzlinggleam\n>p2 move waterfall +1, move lusterpurge +2\n>p1 switch 6, switch 3\n>p1 move protect, move alluringvoice +2 terastallize\n>p2 move waterfall +2, move dracometeor +1\n>p2 pass, switch 3\n>p1 move protect, move alluringvoice +1\n>p2 move waterfall +2, move lastrespects +1\n>forcelose p1", "uploadtime": 1770399294, "views": 86, "formatid": "gen9randomdoublesbattle", "rating": 1805, "private": 0, "password": null}