{"id": "gen9randomdoublesbattle-2535607414", "format": "[Gen 9] Random Doubles Battle", "players": ["baseballlover", "Ystava"], "log": "|j|☆baseballlover\n|j|☆Ystava\n|t:|1770586356\n|gametype|doubles\n|player|p1|baseballlover|2|1585\n|player|p2|Ystava|madame|1611\n|gen|9\n|tier|[Gen 9] Random Doubles Battle\n|rated|\n|rule|Species Clause: Limit one of each Pokémon\n|rule|HP Percentage Mod: HP is shown in percentages\n|rule|Illusion Level Mod: Illusion disguises the Pokémon's true level\n|rule|Sleep Clause Mod: Limit one foe put to sleep\n|\n|t:|1770586356\n|teamsize|p1|6\n|teamsize|p2|6\n|start\n|switch|p1a: Okidogi|Okidogi, L78, M|265/265\n|switch|p1b: Bastiodon|Bastiodon, L89, M|252/252\n|switch|p2a: Bellibolt|Bellibolt, L81, F|309/309\n|switch|p2b: Virizion|Virizion, L86|297/297\n|turn|1\n|inactive|Battle timer is ON: inactive players will automatically lose when time's up. (requested by baseballlover)\n|inactive|baseballlover has 120 seconds left.\n|\n|t:|1770586389\n|switch|p1b: Leafeon|Leafeon, L90, M|263/263\n|move|p2b: Virizion|Close Combat|p1b: Leafeon\n|-damage|p1b: Leafeon|176/263\n|-unboost|p2b: Virizion|def|1\n|-unboost|p2b: Virizion|spd|1\n|move|p1a: Okidogi|Gunk Shot|p2b: Virizion\n|-supereffective|p2b: Virizion\n|-damage|p2b: Virizion|0 fnt\n|faint|p2b: Virizion\n|move|p2a: Bellibolt|Thunder Wave|p1a: Okidogi\n|-status|p1a: Okidogi|par\n|\n|upkeep\n|\n|t:|1770586403\n|switch|p2b: Victreebel|Victreebel, L91, F|293/293\n|turn|2\n|\n|t:|1770586412\n|move|p1b: Leafeon|Swords Dance|p1b: Leafeon\n|-boost|p1b: Leafeon|atk|2\n|move|p2b: Victreebel|Sludge Bomb|p1b: Leafeon\n|-supereffective|p1b: Leafeon\n|-damage|p1b: Leafeon|0 fnt\n|faint|p1b: Leafeon\n|-damage|p2b: Victreebel|264/293|[from] item: Life Orb\n|move|p2a: Bellibolt|Muddy Water|p1a: Okidogi\n|-damage|p1a: Okidogi|216/265 par\n|-unboost|p1a: Okidogi|accuracy|1\n|move|p1a: Okidogi|Gunk Shot|p2b: Victreebel\n|-damage|p2b: Victreebel|96/293\n|\n|upkeep\n|\n|t:|1770586422\n|switch|p1b: Thundurus|Thundurus, L79, M|254/254\n|turn|3\n|\n|t:|1770586450\n|move|p2b: Victreebel|Sucker Punch|p1b: Thundurus\n|-damage|p1b: Thundurus|147/254\n|-damage|p2b: Victreebel|67/293|[from] item: Life Orb\n|move|p1b: Thundurus|Thunderbolt|p2b: Victreebel\n|-resisted|p2b: Victreebel\n|-damage|p2b: Victreebel|9/293\n|move|p2a: Bellibolt|Muddy Water|p1b: Thundurus|[spread] p1a,p1b\n|-damage|p1a: Okidogi|182/265 par\n|-damage|p1b: Thundurus|93/254\n|-enditem|p1b: Thundurus|Sitrus Berry|[eat]\n|-heal|p1b: Thundurus|156/254|[from] item: Sitrus Berry\n|move|p1a: Okidogi|Snarl|p2a: Bellibolt|[spread] p2a,p2b\n|-damage|p2a: Bellibolt|289/309\n|-damage|p2b: Victreebel|0 fnt\n|-unboost|p2a: Bellibolt|spa|1\n|-start|p2a: Bellibolt|Charge|Snarl|[from] ability: Electromorphosis\n|-status|p2a: Bellibolt|tox|[from] ability: Toxic Chain|[of] p1a: Okidogi\n|faint|p2b: Victreebel\n|\n|-damage|p2a: Bellibolt|270/309 tox|[from] psn\n|upkeep\n|inactive|Ystava has 120 seconds left.\n|\n|t:|1770586476\n|switch|p2b: Avalugg|Avalugg, L92, F|324/324\n|turn|4\n|\n|t:|1770586484\n|move|p1b: Thundurus|Thunderbolt|p2b: Avalugg\n|-damage|p2b: Avalugg|177/324\n|move|p2a: Bellibolt|Muddy Water|p1a: Okidogi|[spread] p1a,p1b\n|-damage|p1a: Okidogi|158/265 par\n|-damage|p1b: Thundurus|123/254\n|-unboost|p1a: Okidogi|accuracy|1\n|cant|p1a: Okidogi|par\n|move|p2b: Avalugg|Avalanche|p1b: Thundurus\n|-supereffective|p1b: Thundurus\n|-damage|p1b: Thundurus|0 fnt\n|faint|p1b: Thundurus\n|\n|-heal|p2b: Avalugg|197/324|[from] item: Leftovers\n|-damage|p2a: Bellibolt|232/309 tox|[from] psn\n|upkeep\n|inactive|baseballlover has 120 seconds left.\n|\n|t:|1770586528\n|switch|p1b: Bastiodon|Bastiodon, L89, M|252/252\n|turn|5\n|\n|t:|1770586539\n|move|p2a: Bellibolt|Muddy Water|p1b: Bastiodon|[spread] p1a,p1b\n|-supereffective|p1b: Bastiodon\n|-damage|p1a: Okidogi|133/265 par\n|-damage|p1b: Bastiodon|214/252\n|-unboost|p1b: Bastiodon|accuracy|1\n|move|p2b: Avalugg|Body Press|p1b: Bastiodon\n|-supereffective|p1b: Bastiodon\n|-damage|p1b: Bastiodon|0 fnt\n|faint|p1b: Bastiodon\n|cant|p1a: Okidogi|par\n|\n|-heal|p2b: Avalugg|217/324|[from] item: Leftovers\n|-damage|p2a: Bellibolt|175/309 tox|[from] psn\n|upkeep\n|\n|t:|1770586545\n|switch|p1b: Zacian|Zacian, L70|245/245\n|-ability|p1b: Zacian|Intrepid Sword|boost\n|-boost|p1b: Zacian|atk|1\n|turn|6\n|\n|t:|1770586555\n|switch|p1a: Groudon|Groudon, L69|252/252\n|-weather|SunnyDay|[from] ability: Drought|[of] p1a: Groudon\n|move|p1b: Zacian|Close Combat|p2b: Avalugg\n|-supereffective|p2b: Avalugg\n|-damage|p2b: Avalugg|82/324\n|-unboost|p1b: Zacian|def|1\n|-unboost|p1b: Zacian|spd|1\n|-damage|p1b: Zacian|221/245|[from] item: Life Orb\n|move|p2a: Bellibolt|Thunder Wave|p1b: Zacian\n|-status|p1b: Zacian|par\n|-end|p2a: Bellibolt|Charge|[silent]\n|move|p2b: Avalugg|Avalanche|p1b: Zacian\n|-damage|p1b: Zacian|0 fnt\n|faint|p1b: Zacian\n|\n|-weather|SunnyDay|[upkeep]\n|-heal|p2b: Avalugg|102/324|[from] item: Leftovers\n|-damage|p2a: Bellibolt|99/309 tox|[from] psn\n|upkeep\n|-enditem|p2a: Bellibolt|Sitrus Berry|[eat]\n|-heal|p2a: Bellibolt|176/309 tox|[from] item: Sitrus Berry\n|inactive|baseballlover has 120 seconds left.\n|\n|t:|1770586593\n|switch|p1b: Okidogi|Okidogi, L78, M|133/265 par\n|turn|7\n|\n|t:|1770586606\n|move|p1a: Groudon|Precipice Blades|p2a: Bellibolt|[spread] p2a,p2b\n|-supereffective|p2a: Bellibolt\n|-damage|p2a: Bellibolt|0 fnt\n|-damage|p2b: Avalugg|56/324\n|faint|p2a: Bellibolt\n|move|p1b: Okidogi|Drain Punch|p2b: Avalugg\n|-supereffective|p2b: Avalugg\n|-damage|p2b: Avalugg|0 fnt\n|-heal|p1b: Okidogi|161/265 par|[from] drain|[of] p2b: Avalugg\n|faint|p2b: Avalugg\n|\n|-weather|SunnyDay|[upkeep]\n|upkeep\n|\n|t:|1770586614\n|switch|p2a: Golurk|Golurk, L86|293/293\n|switch|p2b: Meloetta|Meloetta, L80|291/291\n|turn|8\n|\n|t:|1770586631\n|-terastallize|p1b: Okidogi|Dark\n|move|p2b: Meloetta|Psychic|p1b: Okidogi\n|-immune|p1b: Okidogi\n|move|p1a: Groudon|Precipice Blades|p2b: Meloetta|[spread] p2a,p2b\n|-damage|p2a: Golurk|205/293\n|-damage|p2b: Meloetta|186/291\n|move|p2a: Golurk|Poltergeist|p1a: Groudon\n|-activate|p1a: Groudon|move: Poltergeist|Sitrus Berry\n|-damage|p1a: Groudon|123/252\n|-enditem|p1a: Groudon|Sitrus Berry|[eat]\n|-heal|p1a: Groudon|186/252|[from] item: Sitrus Berry\n|move|p1b: Okidogi|Knock Off|p2b: Meloetta\n|-supereffective|p2b: Meloetta\n|-crit|p2b: Meloetta\n|-damage|p2b: Meloetta|0 fnt\n|-enditem|p2b: Meloetta|Life Orb|[from] move: Knock Off|[of] p1b: Okidogi\n|faint|p2b: Meloetta\n|\n|-weather|SunnyDay|[upkeep]\n|upkeep\n|turn|9\n|\n|t:|1770586651\n|move|p1a: Groudon|Precipice Blades|p2a: Golurk\n|-damage|p2a: Golurk|66/293\n|move|p2a: Golurk|Dynamic Punch|p1b: Okidogi\n|-supereffective|p1b: Okidogi\n|-damage|p1b: Okidogi|0 fnt\n|faint|p1b: Okidogi\n|\n|-weather|SunnyDay|[upkeep]\n|upkeep\n|turn|10\n|\n|t:|1770586658\n|move|p1a: Groudon|Precipice Blades|p2a: Golurk\n|-damage|p2a: Golurk|0 fnt\n|faint|p2a: Golurk\n|\n|win|baseballlover\n|raw|baseballlover's rating: 1585 &rarr; <strong>1606</strong><br />(+21 for winning)\n|raw|Ystava's rating: 1611 &rarr; <strong>1590</strong><br />(-21 for losing)\n", "inputlog": ">version ccdc32dd7cde25fd9e4bed64820e885f66e78a4e\n>start {\"formatid\":\"gen9randomdoublesbattle\",\"seed\":\"sodium,cc23e5debe8d93a6c860a94e5d3d93e5\",\"rated\":\"Rated battle\"}\n>player p1 {\"name\":\"baseballlover\",\"avatar\":\"2\",\"rating\":1585,\"seed\":\"sodium,36c0e261a45a9832b26a0d7c439af79c\"}\n>player p2 {\"name\":\"Ystava\",\"avatar\":\"madame\",\"rating\":1611,\"seed\":\"sodium,bb35f4832574c3c2d273140b4fb81e40\"}\n>p1 move gunkshot +2, switch 5\n>p2 move thunderwave +1, move closecombat +2\n>p2 pass, switch 4\n>p1 move gunkshot +2, move swordsdance\n>p2 move muddywater, move sludgebomb +2\n>p1 pass, switch 3\n>p1 move snarl, move thunderbolt +2\n>p2 move muddywater, move suckerpunch +2\n>p2 pass, switch 3\n>p1 move snarl, move thunderbolt +2\n>p2 move muddywater, move avalanche +2\n>p1 pass, switch 5\n>p1 move snarl, move irondefense\n>p2 move muddywater, move bodypress +2\n>p1 pass, switch 6\n>p1 switch 4, move closecombat +2\n>p2 move thunderwave +2, move avalanche +2\n>p1 pass, switch 4\n>p1 move precipiceblades, move drainpunch +2\n>p2 move muddywater, move avalanche +1\n>p2 switch 5, switch 6\n>p1 move precipiceblades, move knockoff +2 terastallize\n>p2 move poltergeist +1, move psychic +2\n>p1 move precipiceblades, move knockoff +1\n>p2 move dynamicpunch +2, pass\n>p1 move precipiceblades, pass\n>p2 move dynamicpunch +1, pass", "uploadtime": 1770586658, "views": 80, "formatid": "gen9randomdoublesbattle", "rating": 1590, "private": 0, "password": null}