{"id": "gen9randomdoublesbattle-2539507450", "format": "[Gen 9] Random Doubles Battle", "players": ["gartux", "pixel_dragon9"], "log": "|j|‽gartux\n|j|☆pixel_dragon9\n|t:|1771072826\n|gametype|doubles\n|player|p1|gartux|volkner|1636\n|player|p2|pixel_dragon9|266|1669\n|gen|9\n|tier|[Gen 9] Random Doubles Battle\n|rated|\n|rule|Species Clause: Limit one of each Pokémon\n|rule|HP Percentage Mod: HP is shown in percentages\n|rule|Illusion Level Mod: Illusion disguises the Pokémon's true level\n|rule|Sleep Clause Mod: Limit one foe put to sleep\n|\n|t:|1771072826\n|teamsize|p1|6\n|teamsize|p2|6\n|start\n|switch|p1a: Rhydon|Rhydon, L86, F|321/321\n|switch|p1b: Stonjourner|Stonjourner, L88, M|319/319\n|switch|p2a: Ariados|Ariados, F|302/302\n|switch|p2b: Gumshoos|Gumshoos, L93, F|315/315\n|turn|1\n|inactive|Battle timer is ON: inactive players will automatically lose when time's up. (requested by pixel_dragon9)\n|\n|t:|1771072851\n|switch|p2a: Arceus|Arceus-Dragon, L73|296/296\n|move|p1b: Stonjourner|Stone Edge|p2a: Arceus\n|-damage|p2a: Arceus|132/296\n|-damage|p1b: Stonjourner|288/319|[from] item: Life Orb\n|move|p2b: Gumshoos|Knock Off|p1a: Rhydon\n|-damage|p1a: Rhydon|252/321\n|-enditem|p1a: Rhydon|Eviolite|[from] move: Knock Off|[of] p2b: Gumshoos\n|move|p1a: Rhydon|Stone Edge|p2b: Gumshoos\n|-damage|p2b: Gumshoos|113/315\n|\n|upkeep\n|turn|2\n|\n|t:|1771072877\n|move|p2a: Arceus|Recover|p2a: Arceus\n|-heal|p2a: Arceus|280/296\n|move|p1b: Stonjourner|Stone Edge|p2a: Arceus\n|-damage|p2a: Arceus|120/296\n|-damage|p1b: Stonjourner|257/319|[from] item: Life Orb\n|move|p2b: Gumshoos|Knock Off|p1b: Stonjourner\n|-damage|p1b: Stonjourner|159/319\n|-enditem|p1b: Stonjourner|Life Orb|[from] move: Knock Off|[of] p2b: Gumshoos\n|move|p1a: Rhydon|High Horsepower|p2b: Gumshoos\n|-damage|p2b: Gumshoos|0 fnt\n|faint|p2b: Gumshoos\n|\n|upkeep\n|inactive|pixel_dragon9 has 120 seconds left.\n|\n|t:|1771072889\n|switch|p2b: Wigglytuff|Wigglytuff, L91, M|403/403\n|turn|3\n|\n|t:|1771072918\n|move|p2a: Arceus|Judgment|p1b: Stonjourner\n|-damage|p1b: Stonjourner|0 fnt\n|faint|p1b: Stonjourner\n|move|p2b: Wigglytuff|Heal Pulse|p2a: Arceus\n|-heal|p2a: Arceus|268/296\n|move|p1a: Rhydon|High Horsepower|p2a: Arceus\n|-crit|p2a: Arceus\n|-damage|p2a: Arceus|76/296\n|\n|upkeep\n|inactive|gartux has 120 seconds left.\n|\n|t:|1771072940\n|switch|p1b: Appletun|Appletun, L92, F|352/352\n|turn|4\n|\n|t:|1771072957\n|-terastallize|p1b: Appletun|Steel\n|move|p2a: Arceus|Calm Mind|p2a: Arceus\n|-boost|p2a: Arceus|spa|1\n|-boost|p2a: Arceus|spd|1\n|move|p2b: Wigglytuff|Heal Pulse|p2a: Arceus\n|-heal|p2a: Arceus|224/296\n|move|p1a: Rhydon|High Horsepower|p2b: Wigglytuff\n|-damage|p2b: Wigglytuff|205/403\n|move|p1b: Appletun|Leech Seed|p2a: Arceus\n|-start|p2a: Arceus|move: Leech Seed\n|\n|-damage|p2a: Arceus|187/296|[from] Leech Seed|[of] p1b: Appletun\n|upkeep\n|turn|5\n|inactive|gartux has 120 seconds left.\n|\n|t:|1771072987\n|move|p2a: Arceus|Calm Mind|p2a: Arceus\n|-boost|p2a: Arceus|spa|1\n|-boost|p2a: Arceus|spd|1\n|move|p2b: Wigglytuff|Heal Pulse|p2a: Arceus\n|-heal|p2a: Arceus|296/296\n|move|p1a: Rhydon|Stone Edge|p2b: Wigglytuff\n|-crit|p2b: Wigglytuff\n|-damage|p2b: Wigglytuff|0 fnt\n|faint|p2b: Wigglytuff\n|move|p1b: Appletun|Dragon Pulse|p2a: Arceus\n|-supereffective|p2a: Arceus\n|-damage|p2a: Arceus|194/296\n|\n|-damage|p2a: Arceus|157/296|[from] Leech Seed|[of] p1b: Appletun\n|upkeep\n|\n|t:|1771073004\n|switch|p2b: Mew|Mew, L84|305/305\n|turn|6\n|\n|t:|1771073020\n|move|p2a: Arceus|Calm Mind|p2a: Arceus\n|-boost|p2a: Arceus|spa|1\n|-boost|p2a: Arceus|spd|1\n|move|p2b: Mew|Pollen Puff|p2a: Arceus\n|-heal|p2a: Arceus|296/296\n|-damage|p2b: Mew|275/305|[from] item: Life Orb\n|move|p1a: Rhydon|Stone Edge|p2b: Mew\n|-damage|p2b: Mew|155/305\n|move|p1b: Appletun|Apple Acid|p2a: Arceus\n|-resisted|p2a: Arceus\n|-damage|p2a: Arceus|278/296\n|-unboost|p2a: Arceus|spd|1\n|\n|-damage|p2a: Arceus|241/296|[from] Leech Seed|[of] p1b: Appletun\n|upkeep\n|turn|7\n|\n|t:|1771073044\n|move|p2a: Arceus|Judgment|p1a: Rhydon\n|-damage|p1a: Rhydon|0 fnt\n|faint|p1a: Rhydon\n|move|p2b: Mew|Fire Blast|p1b: Appletun|[miss]\n|-miss|p2b: Mew|p1b: Appletun\n|move|p1b: Appletun|Apple Acid|p2a: Arceus\n|-resisted|p2a: Arceus\n|-damage|p2a: Arceus|217/296\n|-unboost|p2a: Arceus|spd|1\n|\n|-damage|p2a: Arceus|180/296|[from] Leech Seed|[of] p1b: Appletun\n|upkeep\n|inactive|gartux has 120 seconds left.\n|\n|t:|1771073066\n|switch|p1a: Clefable|Clefable, L87, M|307/307\n|turn|8\n|\n|t:|1771073081\n|-terastallize|p2a: Arceus|Poison\n|move|p1a: Clefable|Follow Me|p1a: Clefable\n|-singleturn|p1a: Clefable|move: Follow Me\n|move|p2a: Arceus|Sludge Bomb|p1a: Clefable\n|-supereffective|p1a: Clefable\n|-damage|p1a: Clefable|133/307\n|-status|p1a: Clefable|psn\n|move|p2b: Mew|Fire Blast|p1a: Clefable|[miss]\n|-miss|p2b: Mew|p1a: Clefable\n|move|p1b: Appletun|Apple Acid|p2b: Mew\n|-damage|p2b: Mew|65/305\n|-unboost|p2b: Mew|spd|1\n|\n|-damage|p2a: Arceus|143/296|[from] Leech Seed|[of] p1b: Appletun\n|-damage|p1a: Clefable|95/307 psn|[from] psn\n|upkeep\n|turn|9\n|inactive|gartux has 120 seconds left.\n|\n|t:|1771073126\n|move|p2a: Arceus|Sludge Bomb|p1a: Clefable\n|-supereffective|p1a: Clefable\n|-damage|p1a: Clefable|0 fnt\n|faint|p1a: Clefable\n|move|p2b: Mew|Pollen Puff|p2a: Arceus\n|-heal|p2a: Arceus|291/296\n|-damage|p2b: Mew|35/305|[from] item: Life Orb\n|move|p1b: Appletun|Dragon Pulse|p2a: Arceus\n|-damage|p2a: Arceus|225/296\n|\n|-damage|p2a: Arceus|188/296|[from] Leech Seed|[of] p1b: Appletun\n|upkeep\n|\n|t:|1771073144\n|switch|p1a: Bellibolt|Bellibolt, L81, F|309/309\n|turn|10\n|\n|t:|1771073161\n|move|p2a: Arceus|Recover|p2a: Arceus\n|-heal|p2a: Arceus|296/296\n|move|p2b: Mew|Fire Blast|p1b: Appletun\n|-supereffective|p1b: Appletun\n|-damage|p1b: Appletun|147/352\n|-activate|p1b: Appletun|ability: Ripen\n|-enditem|p1b: Appletun|Sitrus Berry|[eat]\n|-heal|p1b: Appletun|323/352|[from] item: Sitrus Berry\n|-damage|p2b: Mew|5/305|[from] item: Life Orb\n|move|p1a: Bellibolt|Thunder Wave|p2a: Arceus\n|-status|p2a: Arceus|par\n|move|p1b: Appletun|Apple Acid|p2a: Arceus\n|-resisted|p2a: Arceus\n|-damage|p2a: Arceus|264/296 par\n|-unboost|p2a: Arceus|spd|1\n|\n|-damage|p2a: Arceus|227/296 par|[from] Leech Seed|[of] p1b: Appletun\n|-heal|p1b: Appletun|352/352|[silent]\n|upkeep\n|turn|11\n|inactive|gartux has 120 seconds left.\n|\n|t:|1771073184\n|move|p1b: Appletun|Protect|p1b: Appletun\n|-singleturn|p1b: Appletun|Protect\n|move|p2b: Mew|Pollen Puff|p2a: Arceus\n|-heal|p2a: Arceus|296/296 par\n|-damage|p2b: Mew|0 fnt|[from] item: Life Orb\n|faint|p2b: Mew\n|move|p1a: Bellibolt|Muddy Water|p2a: Arceus\n|-damage|p2a: Arceus|238/296 par\n|move|p2a: Arceus|Judgment|p1a: Bellibolt\n|-crit|p1a: Bellibolt\n|-damage|p1a: Bellibolt|0 fnt\n|faint|p1a: Bellibolt\n|\n|-damage|p2a: Arceus|201/296 par|[from] Leech Seed|[of] p1b: Appletun\n|upkeep\n|inactive|pixel_dragon9 has 120 seconds left.\n|\n|t:|1771073202\n|switch|p2b: Ariados|Ariados, F|302/302\n|switch|p1a: Sinistcha|Sinistcha-Masterpiece, L81|248/248\n|turn|12\n|inactive|gartux has 120 seconds left.\n|\n|t:|1771073220\n|move|p2b: Ariados|Rage Powder|p2b: Ariados\n|-singleturn|p2b: Ariados|move: Rage Powder\n|move|p1a: Sinistcha|Matcha Gotcha|p2a: Arceus|[spread] p2a\n|-miss|p1a: Sinistcha|p2b: Ariados\n|-resisted|p2a: Arceus\n|-damage|p2a: Arceus|171/296 par\n|move|p2a: Arceus|Sludge Bomb|p1a: Sinistcha\n|-damage|p1a: Sinistcha|11/248\n|move|p1b: Appletun|Leech Seed|p2b: Ariados\n|-start|p2b: Ariados|move: Leech Seed\n|\n|-damage|p2b: Ariados|265/302|[from] Leech Seed|[of] p1b: Appletun\n|-damage|p2a: Arceus|134/296 par|[from] Leech Seed|[of] p1b: Appletun\n|upkeep\n|turn|13\n|inactive|gartux has 120 seconds left.\n|\n|t:|1771073249\n|move|p2b: Ariados|Rage Powder|p2b: Ariados\n|-singleturn|p2b: Ariados|move: Rage Powder\n|move|p2a: Arceus|Recover|p2a: Arceus\n|-heal|p2a: Arceus|282/296 par\n|move|p1b: Appletun|Dragon Pulse|p2b: Ariados\n|-damage|p2b: Ariados|151/302\n|move|p1a: Sinistcha|Trick Room|p1a: Sinistcha\n|-fieldstart|move: Trick Room|[of] p1a: Sinistcha\n|\n|-damage|p2a: Arceus|245/296 par|[from] Leech Seed|[of] p1b: Appletun\n|-damage|p2b: Ariados|114/302|[from] Leech Seed|[of] p1b: Appletun\n|upkeep\n|turn|14\n|inactive|gartux has 120 seconds left.\n|\n|t:|1771073273\n|move|p1b: Appletun|Dragon Pulse|p2a: Arceus\n|-damage|p2a: Arceus|139/296 par\n|cant|p2a: Arceus|par\n|move|p1a: Sinistcha|Matcha Gotcha|p2b: Ariados|[spread] p2b\n|-miss|p1a: Sinistcha|p2a: Arceus\n|-resisted|p2b: Ariados\n|-crit|p2b: Ariados\n|-damage|p2b: Ariados|89/302\n|-heal|p1a: Sinistcha|24/248|[from] drain|[of] p2b: Ariados\n|move|p2b: Ariados|Knock Off|p1a: Sinistcha\n|-supereffective|p1a: Sinistcha\n|-damage|p1a: Sinistcha|0 fnt\n|-damage|p2b: Ariados|39/302|[from] item: Rocky Helmet|[of] p1a: Sinistcha\n|-enditem|p1a: Sinistcha|Rocky Helmet|[from] move: Knock Off|[of] p2b: Ariados\n|faint|p1a: Sinistcha\n|\n|-damage|p2a: Arceus|102/296 par|[from] Leech Seed|[of] p1b: Appletun\n|-damage|p2b: Ariados|2/302|[from] Leech Seed|[of] p1b: Appletun\n|upkeep\n|turn|15\n|inactive|gartux has 120 seconds left.\n|\n|t:|1771073304\n|move|p2b: Ariados|Rage Powder|p2b: Ariados\n|-singleturn|p2b: Ariados|move: Rage Powder\n|move|p1b: Appletun|Apple Acid|p2b: Ariados\n|-resisted|p2b: Ariados\n|-damage|p2b: Ariados|0 fnt\n|faint|p2b: Ariados\n|move|p2a: Arceus|Recover|p2a: Arceus\n|-heal|p2a: Arceus|250/296 par\n|\n|-damage|p2a: Arceus|213/296 par|[from] Leech Seed|[of] p1b: Appletun\n|upkeep\n|\n|t:|1771073312\n|switch|p2b: Rayquaza|Rayquaza, L75|281/281\n|-ability|p2b: Rayquaza|Air Lock\n|turn|16\n|\n|t:|1771073319\n|move|p2b: Rayquaza|Protect|p2b: Rayquaza\n|-singleturn|p2b: Rayquaza|Protect\n|move|p1b: Appletun|Leech Seed|p2b: Rayquaza\n|-activate|p2b: Rayquaza|move: Protect\n|move|p2a: Arceus|Judgment|p1b: Appletun\n|-resisted|p1b: Appletun\n|-damage|p1b: Appletun|215/352\n|\n|-damage|p2a: Arceus|176/296 par|[from] Leech Seed|[of] p1b: Appletun\n|-heal|p1b: Appletun|252/352|[silent]\n|upkeep\n|turn|17\n|\n|t:|1771073334\n|move|p1b: Appletun|Leech Seed|p2b: Rayquaza\n|-start|p2b: Rayquaza|move: Leech Seed\n|move|p2a: Arceus|Judgment|p1b: Appletun\n|-resisted|p1b: Appletun\n|-damage|p1b: Appletun|99/352\n|move|p2b: Rayquaza|Earth Power|p1b: Appletun\n|-supereffective|p1b: Appletun\n|-damage|p1b: Appletun|0 fnt\n|faint|p1b: Appletun\n|-damage|p2b: Rayquaza|253/281|[from] item: Life Orb\n|\n|win|pixel_dragon9\n|raw|gartux's rating: 1636 &rarr; <strong>1618</strong><br />(-18 for losing)\n|raw|pixel_dragon9's rating: 1669 &rarr; <strong>1687</strong><br />(+18 for winning)\n", "inputlog": ">version ccdc32dd7cde25fd9e4bed64820e885f66e78a4e\n>start {\"formatid\":\"gen9randomdoublesbattle\",\"seed\":\"sodium,aa96469fba56b9ba2758e17e5d43425b\",\"rated\":\"Rated battle\"}\n>player p1 {\"name\":\"gartux\",\"avatar\":\"volkner\",\"rating\":1636,\"seed\":\"sodium,5e95b761053e4d7177fbb5c6a9b0f3fa\"}\n>player p2 {\"name\":\"pixel_dragon9\",\"avatar\":\"266\",\"rating\":1669,\"seed\":\"sodium,568e2090f6f045fcb7d978de3a164922\"}\n>p1 move stoneedge +2, move stoneedge +1\n>p2 switch 4, move knockoff +1\n>p1 move highhorsepower +2, move stoneedge +1\n>p2 move recover, move knockoff +2\n>p2 pass, switch 6\n>p1 move highhorsepower +1, move stoneedge +2\n>p2 move judgment +2, move healpulse -1\n>p1 pass, switch 5\n>p1 move highhorsepower +2, move leechseed +1 terastallize\n>p2 move calmmind, move healpulse -1\n>p1 move stoneedge +2, move dragonpulse +1\n>p2 move calmmind, move healpulse -1\n>p2 pass, switch 3\n>p1 move stoneedge +2, move appleacid +1\n>p2 move calmmind, move pollenpuff -1\n>p1 move stoneedge +2, move appleacid +1\n>p2 move judgment +1, move fireblast +2\n>p1 switch 4, pass\n>p1 move followme, move appleacid +2\n>p2 move sludgebomb +1 terastallize, move fireblast +2\n>p1 move moonblast +2, move dragonpulse +1\n>p2 move sludgebomb +1, move pollenpuff -1\n>p1 switch 3, pass\n>p1 move thunderwave +1, move appleacid +1\n>p2 move recover, move fireblast +2\n>p1 move muddywater, move protect\n>p2 move judgment +1, move pollenpuff -1\n>p1 switch 6, pass\n>p2 pass, switch 4\n>p1 move matchagotcha, move leechseed +2\n>p2 move sludgebomb +1, move ragepowder\n>p1 move trickroom, move dragonpulse +1\n>p2 move recover, move ragepowder\n>p1 move matchagotcha, move dragonpulse +1\n>p2 move calmmind, move knockoff +1\n>p1 pass, move appleacid +1\n>p2 move recover, move ragepowder\n>p2 pass, switch 5\n>p1 pass, move leechseed +2\n>p2 move judgment +2, move protect\n>p1 pass, move leechseed +2\n>p2 move judgment +2, move earthpower +2", "uploadtime": 1771073341, "views": 70, "formatid": "gen9randomdoublesbattle", "rating": 1618, "private": 0, "password": null}