{"id": "gen9randomdoublesbattle-2535938005", "format": "[Gen 9] Random Doubles Battle", "players": ["king_gmbh", "snurke"], "log": "|j|☆king_gmbh\n|j|☆snurke\n|t:|1770635441\n|gametype|doubles\n|player|p1|king_gmbh|hilda|1525\n|player|p2|snurke|sisandbro|1562\n|gen|9\n|tier|[Gen 9] Random Doubles Battle\n|rated|\n|rule|Species Clause: Limit one of each Pokémon\n|rule|HP Percentage Mod: HP is shown in percentages\n|rule|Illusion Level Mod: Illusion disguises the Pokémon's true level\n|rule|Sleep Clause Mod: Limit one foe put to sleep\n|\n|t:|1770635441\n|teamsize|p1|6\n|teamsize|p2|6\n|start\n|switch|p1a: Galvantula|Galvantula, L85, M|258/258\n|switch|p1b: Mienshao|Mienshao, L84, F|246/246\n|switch|p2a: Komala|Komala, L92, F|269/269\n|switch|p2b: Eternatus|Eternatus, L70|312/312\n|-ability|p2b: Eternatus|Pressure\n|-ability|p2a: Komala|Comatose\n|turn|1\n|inactive|Battle timer is ON: inactive players will automatically lose when time's up. (requested by king_gmbh)\n|\n|t:|1770635468\n|move|p1b: Mienshao|Fake Out|p2a: Komala\n|-damage|p2a: Komala|231/269\n|move|p1a: Galvantula|Sticky Web|p2a: Komala\n|-sidestart|p2: snurke|move: Sticky Web\n|move|p2b: Eternatus|Meteor Beam||[still]\n|-prepare|p2b: Eternatus|Meteor Beam\n|-boost|p2b: Eternatus|spa|1\n|-enditem|p2b: Eternatus|Power Herb\n|-anim|p2b: Eternatus|Meteor Beam|p1a: Galvantula|[miss]\n|-miss|p2b: Eternatus|p1a: Galvantula\n|cant|p2a: Komala|flinch\n|\n|upkeep\n|turn|2\n|\n|t:|1770635492\n|move|p1a: Galvantula|Volt Switch|p2b: Eternatus\n|-resisted|p2b: Eternatus\n|-damage|p2b: Eternatus|273/312\n|\n|t:|1770635495\n|switch|p1a: Sandslash|Sandslash, L93, F|290/290|[from] Volt Switch\n|move|p1b: Mienshao|Close Combat|p2a: Komala\n|-supereffective|p2a: Komala\n|-damage|p2a: Komala|0 fnt\n|-unboost|p1b: Mienshao|def|1\n|-unboost|p1b: Mienshao|spd|1\n|faint|p2a: Komala\n|move|p2b: Eternatus|Fire Blast|p1a: Sandslash\n|-damage|p1a: Sandslash|194/290\n|\n|upkeep\n|\n|t:|1770635509\n|switch|p2a: Azelf|Azelf, L83|260/260\n|turn|3\n|\n|t:|1770635524\n|switch|p1b: Galvantula|Galvantula, L85, M|258/258\n|move|p2b: Eternatus|Protect|p2b: Eternatus\n|-singleturn|p2b: Eternatus|Protect\n|move|p2a: Azelf|Nasty Plot|p2a: Azelf\n|-boost|p2a: Azelf|spa|2\n|move|p1a: Sandslash|High Horsepower|p2b: Eternatus\n|-activate|p2b: Eternatus|move: Protect\n|\n|upkeep\n|turn|4\n|\n|t:|1770635554\n|move|p2a: Azelf|Protect|p2a: Azelf\n|-singleturn|p2a: Azelf|Protect\n|move|p1b: Galvantula|Bug Buzz|p2a: Azelf\n|-activate|p2a: Azelf|move: Protect\n|move|p2b: Eternatus|Dynamax Cannon|p1a: Sandslash\n|-damage|p1a: Sandslash|65/290\n|move|p1a: Sandslash|High Horsepower|p2b: Eternatus\n|-supereffective|p2b: Eternatus\n|-damage|p2b: Eternatus|0 fnt\n|faint|p2b: Eternatus\n|\n|upkeep\n|inactive|snurke has 120 seconds left.\n|\n|t:|1770635577\n|switch|p2b: Glalie|Glalie, L94, F|303/303\n|-activate|p2b: Glalie|move: Sticky Web\n|-unboost|p2b: Glalie|spe|1\n|turn|5\n|\n|t:|1770635585\n|-terastallize|p2a: Azelf|Fairy\n|move|p2a: Azelf|Dazzling Gleam|p1a: Sandslash|[spread] p1a,p1b\n|-damage|p1a: Sandslash|0 fnt\n|-damage|p1b: Galvantula|8/258\n|-enditem|p1b: Galvantula|Sitrus Berry|[eat]\n|-heal|p1b: Galvantula|72/258|[from] item: Sitrus Berry\n|faint|p1a: Sandslash\n|-damage|p2a: Azelf|234/260|[from] item: Life Orb\n|move|p1b: Galvantula|Bug Buzz|p2a: Azelf\n|-resisted|p2a: Azelf\n|-crit|p2a: Azelf\n|-damage|p2a: Azelf|145/260\n|move|p2b: Glalie|Freeze-Dry|p1b: Galvantula\n|-damage|p1b: Galvantula|0 fnt\n|faint|p1b: Galvantula\n|\n|upkeep\n|\n|t:|1770635610\n|switch|p1b: Mienshao|Mienshao, L84, F|246/246\n|switch|p1a: Clawitzer|Clawitzer, L84, F|256/256\n|turn|6\n|\n|t:|1770635634\n|move|p2a: Azelf|Protect|p2a: Azelf\n|-singleturn|p2a: Azelf|Protect\n|move|p1b: Mienshao|Fake Out|p2a: Azelf\n|-activate|p2a: Azelf|move: Protect\n|move|p1a: Clawitzer|Aura Sphere|p2b: Glalie\n|-supereffective|p2b: Glalie\n|-damage|p2b: Glalie|0 fnt\n|faint|p2b: Glalie\n|\n|upkeep\n|\n|t:|1770635659\n|switch|p2b: Umbreon|Umbreon, L85, F|300/300\n|-activate|p2b: Umbreon|move: Sticky Web\n|-unboost|p2b: Umbreon|spe|1\n|turn|7\n|\n|t:|1770635672\n|move|p2a: Azelf|Dazzling Gleam|p1b: Mienshao|[spread] p1a,p1b\n|-supereffective|p1b: Mienshao\n|-damage|p1a: Clawitzer|56/256\n|-damage|p1b: Mienshao|0 fnt\n|faint|p1b: Mienshao\n|-damage|p2a: Azelf|119/260|[from] item: Life Orb\n|move|p1a: Clawitzer|Aura Sphere|p2b: Umbreon\n|-supereffective|p2b: Umbreon\n|-damage|p2b: Umbreon|82/300\n|-enditem|p2b: Umbreon|Sitrus Berry|[eat]\n|-heal|p2b: Umbreon|157/300|[from] item: Sitrus Berry\n|move|p2b: Umbreon|Thunder Wave|p1a: Clawitzer\n|-status|p1a: Clawitzer|par\n|\n|upkeep\n|\n|t:|1770635675\n|switch|p1b: Swalot|Swalot, L90, F|326/326\n|turn|8\n|\n|t:|1770635695\n|move|p2a: Azelf|Psychic|p1b: Swalot\n|-supereffective|p1b: Swalot\n|-damage|p1b: Swalot|0 fnt\n|faint|p1b: Swalot\n|-damage|p2a: Azelf|93/260|[from] item: Life Orb\n|move|p2b: Umbreon|Foul Play|p1a: Clawitzer\n|-damage|p1a: Clawitzer|0 fnt\n|faint|p1a: Clawitzer\n|\n|upkeep\n|\n|t:|1770635699\n|switch|p1b: Flutter Mane|Flutter Mane, L73|201/201\n|turn|9\n|\n|t:|1770635717\n|-terastallize|p1b: Flutter Mane|Fairy\n|move|p1b: Flutter Mane|Dazzling Gleam|p2a: Azelf|[spread] p2a,p2b\n|-supereffective|p2b: Umbreon\n|-damage|p2a: Azelf|0 fnt\n|-damage|p2b: Umbreon|0 fnt\n|faint|p2a: Azelf\n|faint|p2b: Umbreon\n|\n|upkeep\n|\n|t:|1770635721\n|switch|p2a: Reuniclus|Reuniclus, L84, F|322/322\n|-activate|p2a: Reuniclus|move: Sticky Web\n|-unboost|p2a: Reuniclus|spe|1\n|turn|10\n|\n|t:|1770635726\n|move|p1b: Flutter Mane|Dazzling Gleam|p2a: Reuniclus\n|-damage|p2a: Reuniclus|152/322\n|move|p2a: Reuniclus|Trick Room|p2a: Reuniclus\n|-fieldstart|move: Trick Room|[of] p2a: Reuniclus\n|\n|upkeep\n|turn|11\n|\n|t:|1770635731\n|move|p2a: Reuniclus|Psychic|p1b: Flutter Mane\n|-damage|p1b: Flutter Mane|72/201\n|move|p1b: Flutter Mane|Dazzling Gleam|p2a: Reuniclus\n|-damage|p2a: Reuniclus|0 fnt\n|faint|p2a: Reuniclus\n|\n|win|king_gmbh\n|raw|king_gmbh's rating: 1525 &rarr; <strong>1547</strong><br />(+22 for winning)\n|raw|snurke's rating: 1562 &rarr; <strong>1540</strong><br />(-22 for losing)\n", "inputlog": ">version ccdc32dd7cde25fd9e4bed64820e885f66e78a4e\n>start {\"formatid\":\"gen9randomdoublesbattle\",\"seed\":\"sodium,96729d912b856f22be5463fedd9aef9f\",\"rated\":\"Rated battle\"}\n>player p1 {\"name\":\"king_gmbh\",\"avatar\":\"hilda\",\"rating\":1525,\"seed\":\"sodium,be30ecd9f403078c7efb49afe6e1853d\"}\n>player p2 {\"name\":\"snurke\",\"avatar\":\"sisandbro\",\"rating\":1562,\"seed\":\"sodium,2ccc1c6f291320953c1b6f96db96529f\"}\n>p1 move stickyweb, move fakeout +1\n>p2 move rapidspin +1, move meteorbeam +1\n>p1 move voltswitch +2, move closecombat +1\n>p2 move rapidspin +1, move fireblast +1\n>p1 switch 4, pass\n>p2 switch 6, pass\n>p1 move highhorsepower +2, switch 4\n>p2 move nastyplot, move protect\n>p1 move highhorsepower +2, move bugbuzz +1\n>p2 move protect, move dynamaxcannon +1\n>p2 pass, switch 5\n>p1 move rapidspin +2, move bugbuzz +1\n>p2 move dazzlinggleam terastallize, move freezedry +2\n>p1 switch 5, switch 4\n>p1 move aurasphere +2, move fakeout +1\n>p2 move protect, move freezedry +1\n>p2 pass, switch 3\n>p1 move aurasphere +2, move uturn +1\n>p2 move dazzlinggleam, move thunderwave +1\n>p1 pass, switch 3\n>p1 move aurasphere +2, move gunkshot +1\n>p2 move psychic +2, move foulplay +1\n>p1 pass, switch 6\n>p1 pass, move dazzlinggleam terastallize\n>p2 move psychic +2, move snarl\n>p2 switch 4, pass\n>p1 pass, move dazzlinggleam\n>p2 move trickroom, pass\n>p1 pass, move dazzlinggleam\n>p2 move psychic +2, pass", "uploadtime": 1770635734, "views": 69, "formatid": "gen9randomdoublesbattle", "rating": 1540, "private": 0, "password": null}