{"id": "gen9randomdoublesbattle-2536395232", "format": "[Gen 9] Random Doubles Battle", "players": ["Gliphin", "RicardRL9"], "log": "|j|☆Gliphin\n|j|☆RicardRL9\n|t:|1770682825\n|gametype|doubles\n|player|p1|Gliphin|170|1593\n|player|p2|RicardRL9|cameraman|1652\n|gen|9\n|tier|[Gen 9] Random Doubles Battle\n|rated|\n|rule|Species Clause: Limit one of each Pokémon\n|rule|HP Percentage Mod: HP is shown in percentages\n|rule|Illusion Level Mod: Illusion disguises the Pokémon's true level\n|rule|Sleep Clause Mod: Limit one foe put to sleep\n|\n|t:|1770682825\n|teamsize|p1|6\n|teamsize|p2|6\n|start\n|switch|p1a: Uxie|Uxie, L85|266/266\n|switch|p1b: Appletun|Appletun, L92, M|352/352\n|switch|p2a: Glalie|Glalie, L94, F|303/303\n|switch|p2b: Orthworm|Orthworm, L88, M|266/266\n|turn|1\n|inactive|Battle timer is ON: inactive players will automatically lose when time's up. (requested by RicardRL9)\n|\n|t:|1770682855\n|move|p1a: Uxie|Thunder Wave|p2a: Glalie\n|-status|p2a: Glalie|par\n|move|p2b: Orthworm|Shed Tail|p2b: Orthworm\n|-start|p2b: Orthworm|Substitute|[from] move: Shed Tail\n|-damage|p2b: Orthworm|133/266\n|-enditem|p2b: Orthworm|Sitrus Berry|[eat]\n|-heal|p2b: Orthworm|199/266|[from] item: Sitrus Berry\n|\n|t:|1770682870\n|switch|p2b: Staraptor|Staraptor, L82, M|274/274|[from] Shed Tail\n|-ability|p2b: Staraptor|Intimidate|boost\n|-unboost|p1a: Uxie|atk|1\n|-unboost|p1b: Appletun|atk|1\n|move|p1b: Appletun|Leech Seed||[still]\n|-fail|p1b: Appletun\n|cant|p2a: Glalie|par\n|\n|upkeep\n|turn|2\n|\n|t:|1770682898\n|switch|p2a: Rhydon|Rhydon, L86, F|321/321\n|move|p2b: Staraptor|Brave Bird|p1b: Appletun\n|-supereffective|p1b: Appletun\n|-damage|p1b: Appletun|0 fnt\n|faint|p1b: Appletun\n|-damage|p2b: Staraptor|158/274|[from] Recoil\n|-damage|p2b: Staraptor|131/274|[from] item: Life Orb\n|move|p1a: Uxie|Mystical Power|p2a: Rhydon\n|-damage|p2a: Rhydon|255/321\n|-boost|p1a: Uxie|spa|1\n|\n|upkeep\n|\n|t:|1770682905\n|switch|p1b: Tauros|Tauros-Paldea-Aqua, L80, M|251/251\n|-ability|p1b: Tauros|Intimidate|boost\n|-unboost|p2a: Rhydon|atk|1\n|-immune|p2b: Staraptor\n|turn|3\n|inactive|Gliphin has 120 seconds left.\n|\n|t:|1770682951\n|switch|p1b: Furret|Furret, L98, M|325/325\n|-item|p2a: Rhydon|Eviolite|[from] ability: Frisk|[of] p1b: Furret\n|-item|p2b: Staraptor|Life Orb|[from] ability: Frisk|[of] p1b: Furret\n|move|p2b: Staraptor|Protect|p2b: Staraptor\n|-singleturn|p2b: Staraptor|Protect\n|move|p2a: Rhydon|Protect|p2a: Rhydon\n|-singleturn|p2a: Rhydon|Protect\n|move|p1a: Uxie|Mystical Power|p2b: Staraptor\n|-activate|p2b: Staraptor|move: Protect\n|\n|upkeep\n|turn|4\n|inactive|Gliphin has 120 seconds left.\n|\n|t:|1770682971\n|move|p2a: Rhydon|Helping Hand|p2b: Staraptor\n|-singleturn|p2b: Staraptor|Helping Hand|[of] p2a: Rhydon\n|move|p1b: Furret|Tidy Up|p1b: Furret\n|-end|p2b: Staraptor|Substitute\n|-activate|p1b: Furret|move: Tidy Up\n|-boost|p1b: Furret|atk|1\n|-boost|p1b: Furret|spe|1\n|move|p2b: Staraptor|Close Combat|p1b: Furret\n|-supereffective|p1b: Furret\n|-damage|p1b: Furret|0 fnt\n|-unboost|p2b: Staraptor|def|1\n|-unboost|p2b: Staraptor|spd|1\n|faint|p1b: Furret\n|-damage|p2b: Staraptor|104/274|[from] item: Life Orb\n|move|p1a: Uxie|Mystical Power|p2b: Staraptor\n|-damage|p2b: Staraptor|0 fnt\n|-boost|p1a: Uxie|spa|1\n|faint|p2b: Staraptor\n|\n|upkeep\n|inactive|Gliphin has 120 seconds left.\n|inactive|RicardRL9 has 120 seconds left.\n|\n|t:|1770683000\n|switch|p1b: Tauros|Tauros-Paldea-Aqua, L80, M|251/251\n|switch|p2b: Latios|Latios, L79, M|256/256\n|-ability|p1b: Tauros|Intimidate|boost\n|-unboost|p2a: Rhydon|atk|1\n|-unboost|p2b: Latios|atk|1\n|turn|5\n|inactive|Gliphin has 120 seconds left.\n|inactive|RicardRL9 has 120 seconds left.\n|\n|t:|1770683024\n|move|p1b: Tauros|Aqua Jet|p2a: Rhydon\n|-supereffective|p2a: Rhydon\n|-damage|p2a: Rhydon|167/321\n|move|p2b: Latios|Luster Purge|p1b: Tauros\n|-supereffective|p1b: Tauros\n|-damage|p1b: Tauros|0 fnt\n|faint|p1b: Tauros\n|move|p1a: Uxie|Thunder Wave|p2a: Rhydon\n|-activate|p2a: Rhydon|ability: Lightning Rod\n|-ability|p2a: Rhydon|Lightning Rod|boost\n|-boost|p2a: Rhydon|spa|1\n|move|p2a: Rhydon|Rock Slide|p1a: Uxie|[miss]\n|-miss|p2a: Rhydon|p1a: Uxie\n|\n|upkeep\n|\n|t:|1770683039\n|switch|p1b: Deoxys|Deoxys, L79|209/209\n|-ability|p1b: Deoxys|Pressure\n|turn|6\n|inactive|Gliphin has 120 seconds left.\n|\n|t:|1770683056\n|move|p2b: Latios|Protect|p2b: Latios\n|-singleturn|p2b: Latios|Protect\n|move|p2a: Rhydon|Protect|p2a: Rhydon\n|-singleturn|p2a: Rhydon|Protect\n|move|p1b: Deoxys|Superpower|p2a: Rhydon\n|-activate|p2a: Rhydon|move: Protect\n|move|p1a: Uxie|Mystical Power|p2a: Rhydon\n|-activate|p2a: Rhydon|move: Protect\n|\n|upkeep\n|turn|7\n|\n|t:|1770683077\n|move|p1b: Deoxys|Superpower|p2a: Rhydon\n|-supereffective|p2a: Rhydon\n|-damage|p2a: Rhydon|27/321\n|-unboost|p1b: Deoxys|atk|1\n|-unboost|p1b: Deoxys|def|1\n|-damage|p1b: Deoxys|189/209|[from] item: Life Orb\n|move|p2b: Latios|Draco Meteor|p1b: Deoxys\n|-damage|p1b: Deoxys|0 fnt\n|-unboost|p2b: Latios|spa|2\n|faint|p1b: Deoxys\n|move|p1a: Uxie|Mystical Power|p2b: Latios\n|-resisted|p2b: Latios\n|-damage|p2b: Latios|198/256\n|-boost|p1a: Uxie|spa|1\n|move|p2a: Rhydon|High Horsepower|p1a: Uxie\n|-immune|p1a: Uxie|[from] ability: Levitate\n|\n|upkeep\n|\n|t:|1770683097\n|switch|p1b: Bastiodon|Bastiodon, L89, F|252/252\n|turn|8\n|\n|t:|1770683108\n|move|p2b: Latios|Aura Sphere|p1b: Bastiodon\n|-supereffective|p1b: Bastiodon\n|-damage|p1b: Bastiodon|172/252\n|move|p1a: Uxie|Mystical Power|p2a: Rhydon\n|-damage|p2a: Rhydon|0 fnt\n|-boost|p1a: Uxie|spa|1\n|faint|p2a: Rhydon\n|move|p1b: Bastiodon|Iron Defense|p1b: Bastiodon\n|-boost|p1b: Bastiodon|def|2\n|\n|upkeep\n|\n|t:|1770683127\n|switch|p2a: Samurott|Samurott, L89, M|314/314\n|turn|9\n|\n|t:|1770683154\n|switch|p2b: Glalie|Glalie, L94, F|303/303 par\n|move|p1a: Uxie|Mystical Power|p2a: Samurott\n|-damage|p2a: Samurott|91/314\n|-boost|p1a: Uxie|spa|1\n|move|p2a: Samurott|Knock Off|p1a: Uxie\n|-supereffective|p1a: Uxie\n|-damage|p1a: Uxie|110/266\n|-enditem|p1a: Uxie|Sitrus Berry|[from] move: Knock Off|[of] p2a: Samurott\n|-damage|p2a: Samurott|60/314|[from] item: Life Orb\n|move|p1b: Bastiodon|Iron Defense|p1b: Bastiodon\n|-boost|p1b: Bastiodon|def|2\n|\n|upkeep\n|turn|10\n|\n|t:|1770683183\n|switch|p2a: Orthworm|Orthworm, L88, M|199/266\n|move|p1a: Uxie|Mystical Power|p2a: Orthworm\n|-resisted|p2a: Orthworm\n|-damage|p2a: Orthworm|43/266\n|-boost|p1a: Uxie|spa|1\n|move|p1b: Bastiodon|Body Press|p2b: Glalie\n|-supereffective|p2b: Glalie\n|-damage|p2b: Glalie|0 fnt\n|faint|p2b: Glalie\n|\n|upkeep\n|\n|t:|1770683194\n|switch|p2b: Latios|Latios, L79, M|198/256\n|turn|11\n|\n|t:|1770683212\n|-terastallize|p1b: Bastiodon|Fighting\n|move|p2a: Orthworm|Helping Hand|p2b: Latios\n|-singleturn|p2b: Latios|Helping Hand|[of] p2a: Orthworm\n|move|p2b: Latios|Draco Meteor|p1a: Uxie\n|-damage|p1a: Uxie|0 fnt\n|-unboost|p2b: Latios|spa|2\n|faint|p1a: Uxie\n|move|p1b: Bastiodon|Foul Play|p2b: Latios\n|-supereffective|p2b: Latios\n|-damage|p2b: Latios|82/256\n|\n|upkeep\n|turn|12\n|\n|t:|1770683240\n|switch|p2b: Samurott|Samurott, L89, M|60/314\n|move|p2a: Orthworm|Body Press|p1b: Bastiodon\n|-damage|p1b: Bastiodon|155/252\n|move|p1b: Bastiodon|Foul Play|p2b: Samurott\n|-crit|p2b: Samurott\n|-damage|p2b: Samurott|0 fnt\n|faint|p2b: Samurott\n|\n|upkeep\n|\n|t:|1770683248\n|switch|p2b: Latios|Latios, L79, M|82/256\n|turn|13\n|\n|t:|1770683253\n|move|p2a: Orthworm|Helping Hand|p2b: Latios\n|-singleturn|p2b: Latios|Helping Hand|[of] p2a: Orthworm\n|move|p2b: Latios|Luster Purge|p1b: Bastiodon\n|-supereffective|p1b: Bastiodon\n|-damage|p1b: Bastiodon|0 fnt\n|faint|p1b: Bastiodon\n|\n|win|RicardRL9\n|raw|Gliphin's rating: 1593 &rarr; <strong>1576</strong><br />(-17 for losing)\n|raw|RicardRL9's rating: 1652 &rarr; <strong>1669</strong><br />(+17 for winning)\n|c|☆RicardRL9|Gg\n|l|☆Gliphin\n|player|p1|\n", "inputlog": ">version ccdc32dd7cde25fd9e4bed64820e885f66e78a4e\n>start {\"formatid\":\"gen9randomdoublesbattle\",\"seed\":\"sodium,6b74ff7475470ee4906467229c96acc2\",\"rated\":\"Rated battle\"}\n>player p1 {\"name\":\"Gliphin\",\"avatar\":\"170\",\"rating\":1593,\"seed\":\"sodium,1bb6ffb76fb0432eb4570a3bf872e203\"}\n>player p2 {\"name\":\"RicardRL9\",\"avatar\":\"cameraman\",\"rating\":1652,\"seed\":\"sodium,d186509465eb08deaf3eb335596d3b03\"}\n>p1 move thunderwave +1, move leechseed +2\n>p2 move icywind, move shedtail\n>p2 pass, switch 6\n>p1 move mysticalpower +1, move dragonpulse +1\n>p2 switch 4, move bravebird +2\n>p1 pass, switch 3\n>p1 move mysticalpower +2, switch 4\n>p2 move protect, move protect\n>p1 move mysticalpower +2, move tidyup\n>p2 move helpinghand -2, move closecombat +2\n>p1 pass, switch 4\n>p2 pass, switch 5\n>p1 move thunderwave +2, move aquajet +1\n>p2 move rockslide, move lusterpurge +2\n>p1 pass, switch 5\n>p1 move mysticalpower +1, move superpower +1\n>p2 move protect, move protect\n>p1 move mysticalpower +2, move superpower +1\n>p2 move highhorsepower +2, move dracometeor +2\n>p1 pass, switch 6\n>p1 move mysticalpower +1, move irondefense\n>p2 move highhorsepower +2, move aurasphere +2\n>p2 switch 3, pass\n>p1 move mysticalpower +1, move irondefense\n>p2 move knockoff +1, switch 4\n>p1 move mysticalpower +1, move bodypress +2\n>p2 switch 6, move icywind\n>p2 pass, switch 4\n>p1 move thunderwave +2, move foulplay +2 terastallize\n>p2 move helpinghand -2, move dracometeor +1\n>p1 pass, move foulplay +2\n>p2 move bodypress +2, switch 6\n>p2 pass, switch 6\n>p1 pass, move foulplay +2\n>p2 move helpinghand -2, move lusterpurge +2", "uploadtime": 1770683271, "views": 67, "formatid": "gen9randomdoublesbattle", "rating": 1576, "private": 0, "password": null}