{"id": "gen9randomdoublesbattle-2540274137", "format": "[Gen 9] Random Doubles Battle", "players": ["Adrytan710", "Saliva Soup"], "log": "|j|☆Adrytan710\n|j|☆Saliva Soup\n|t:|1771183383\n|gametype|doubles\n|player|p1|Adrytan710|red|1889\n|player|p2|Saliva Soup|169|1928\n|gen|9\n|tier|[Gen 9] Random Doubles Battle\n|rated|\n|rule|Species Clause: Limit one of each Pokémon\n|rule|HP Percentage Mod: HP is shown in percentages\n|rule|Illusion Level Mod: Illusion disguises the Pokémon's true level\n|rule|Sleep Clause Mod: Limit one foe put to sleep\n|\n|t:|1771183383\n|teamsize|p1|6\n|teamsize|p2|6\n|start\n|switch|p1a: Coalossal|Coalossal, L90, F|344/344\n|switch|p1b: Chimecho|Chimecho, L94, M|293/293\n|switch|p2a: Torkoal|Torkoal, L86, F|261/261\n|switch|p2b: Seviper|Seviper, L96, M|296/296\n|-weather|SunnyDay|[from] ability: Drought|[of] p2a: Torkoal\n|turn|1\n|\n|t:|1771183404\n|move|p2b: Seviper|Glare|p1b: Chimecho\n|-status|p1b: Chimecho|par\n|move|p1a: Coalossal|Incinerate|p2a: Torkoal|[spread] p2a,p2b\n|-resisted|p2a: Torkoal\n|-damage|p2a: Torkoal|218/261\n|-damage|p2b: Seviper|214/296\n|-enditem|p2a: Torkoal|Sitrus Berry|[from] move: Incinerate\n|move|p1b: Chimecho|Snarl|p2a: Torkoal|[spread] p2a,p2b\n|-damage|p2a: Torkoal|173/261\n|-damage|p2b: Seviper|174/296\n|-unboost|p2a: Torkoal|spa|1\n|-unboost|p2b: Seviper|spa|1\n|move|p2a: Torkoal|Body Press|p1a: Coalossal\n|-supereffective|p1a: Coalossal\n|-damage|p1a: Coalossal|234/344\n|\n|-weather|SunnyDay|[upkeep]\n|upkeep\n|turn|2\n|\n|t:|1771183431\n|move|p2b: Seviper|Gunk Shot|p1b: Chimecho\n|-damage|p1b: Chimecho|73/293 par\n|-enditem|p1b: Chimecho|Sitrus Berry|[eat]\n|-heal|p1b: Chimecho|146/293 par|[from] item: Sitrus Berry\n|-damage|p2b: Seviper|145/296|[from] item: Life Orb\n|move|p1a: Coalossal|Fire Blast|p2b: Seviper\n|-damage|p2b: Seviper|0 fnt\n|faint|p2b: Seviper\n|move|p1b: Chimecho|Psychic|p2a: Torkoal\n|-damage|p2a: Torkoal|37/261\n|move|p2a: Torkoal|Body Press|p1a: Coalossal\n|-supereffective|p1a: Coalossal\n|-damage|p1a: Coalossal|116/344\n|-enditem|p1a: Coalossal|Sitrus Berry|[eat]\n|-heal|p1a: Coalossal|202/344|[from] item: Sitrus Berry\n|\n|-weather|SunnyDay|[upkeep]\n|upkeep\n|\n|t:|1771183445\n|switch|p2b: Brute Bonnet|Brute Bonnet, L80|309/309\n|-activate|p2b: Brute Bonnet|ability: Protosynthesis\n|-start|p2b: Brute Bonnet|protosynthesisatk\n|turn|3\n|\n|t:|1771183454\n|switch|p1b: Wyrdeer|Wyrdeer, L85, F|314/314\n|-ability|p1b: Wyrdeer|Intimidate|boost\n|-unboost|p2a: Torkoal|atk|1\n|-unboost|p2b: Brute Bonnet|atk|1\n|move|p2b: Brute Bonnet|Spore|p1a: Coalossal\n|-status|p1a: Coalossal|slp|[from] move: Spore\n|cant|p1a: Coalossal|slp\n|move|p2a: Torkoal|Heat Wave|p1a: Coalossal|[spread] p1a,p1b\n|-resisted|p1a: Coalossal\n|-damage|p1a: Coalossal|185/344 slp\n|-damage|p1b: Wyrdeer|230/314\n|\n|-weather|SunnyDay|[upkeep]\n|upkeep\n|turn|4\n|\n|t:|1771183472\n|-end|p2b: Brute Bonnet|Protosynthesis|[silent]\n|switch|p2b: Meganium|Meganium, L91, F|293/293\n|move|p1b: Wyrdeer|Double-Edge|p2a: Torkoal\n|-damage|p2a: Torkoal|0 fnt\n|faint|p2a: Torkoal\n|-damage|p1b: Wyrdeer|218/314|[from] Recoil\n|-damage|p1b: Wyrdeer|187/314|[from] item: Life Orb\n|cant|p1a: Coalossal|slp\n|\n|-weather|SunnyDay|[upkeep]\n|upkeep\n|\n|t:|1771183485\n|switch|p2a: Oricorio|Oricorio-Sensu, L87, F|272/272\n|turn|5\n|\n|t:|1771183511\n|-terastallize|p2a: Oricorio|Fighting\n|move|p2a: Oricorio|Quiver Dance|p2a: Oricorio\n|-boost|p2a: Oricorio|spa|1\n|-boost|p2a: Oricorio|spd|1\n|-boost|p2a: Oricorio|spe|1\n|move|p2b: Meganium|Knock Off|p1b: Wyrdeer\n|-supereffective|p1b: Wyrdeer\n|-damage|p1b: Wyrdeer|31/314\n|-enditem|p1b: Wyrdeer|Life Orb|[from] move: Knock Off|[of] p2b: Meganium\n|-curestatus|p1a: Coalossal|slp|[msg]\n|move|p1a: Coalossal|Incinerate|p2b: Meganium|[spread] p2a,p2b\n|-supereffective|p2b: Meganium\n|-damage|p2a: Oricorio|215/272\n|-damage|p2b: Meganium|177/293\n|-enditem|p2b: Meganium|Sitrus Berry|[from] move: Incinerate\n|move|p1b: Wyrdeer|Trick Room|p1b: Wyrdeer\n|-fieldstart|move: Trick Room|[of] p1b: Wyrdeer\n|\n|-weather|none\n|-heal|p2a: Oricorio|232/272|[from] item: Leftovers\n|upkeep\n|turn|6\n|\n|t:|1771183528\n|move|p2a: Oricorio|Protect|p2a: Oricorio\n|-singleturn|p2a: Oricorio|Protect\n|move|p1a: Coalossal|Fire Blast|p2b: Meganium\n|-supereffective|p2b: Meganium\n|-damage|p2b: Meganium|0 fnt\n|faint|p2b: Meganium\n|move|p1b: Wyrdeer|Psychic|p2a: Oricorio\n|-activate|p2a: Oricorio|move: Protect\n|\n|-heal|p2a: Oricorio|249/272|[from] item: Leftovers\n|upkeep\n|\n|t:|1771183537\n|switch|p2b: Brute Bonnet|Brute Bonnet, L80|309/309\n|turn|7\n|\n|t:|1771183544\n|switch|p1b: Chimecho|Chimecho, L94, M|146/293 par\n|move|p2b: Brute Bonnet|Sucker Punch||[still]\n|-fail|p2b: Brute Bonnet\n|move|p1a: Coalossal|Fire Blast|p2b: Brute Bonnet\n|-supereffective|p2b: Brute Bonnet\n|-damage|p2b: Brute Bonnet|85/309\n|move|p2a: Oricorio|Revelation Dance|p1a: Coalossal\n|-supereffective|p1a: Coalossal\n|-damage|p1a: Coalossal|0 fnt\n|faint|p1a: Coalossal\n|\n|-heal|p2a: Oricorio|266/272|[from] item: Leftovers\n|upkeep\n|\n|t:|1771183569\n|switch|p1a: Magearna|Magearna, L71|231/231\n|turn|8\n|\n|t:|1771183599\n|move|p2b: Brute Bonnet|Sucker Punch|p1b: Chimecho\n|-supereffective|p1b: Chimecho\n|-damage|p1b: Chimecho|0 fnt\n|faint|p1b: Chimecho\n|-ability|p1a: Magearna|Soul-Heart|boost\n|-boost|p1a: Magearna|spa|1\n|move|p1a: Magearna|Dazzling Gleam|p2a: Oricorio|[spread] p2a,p2b\n|-supereffective|p2a: Oricorio\n|-supereffective|p2b: Brute Bonnet\n|-damage|p2a: Oricorio|120/272\n|-damage|p2b: Brute Bonnet|0 fnt\n|faint|p2b: Brute Bonnet\n|-ability|p1a: Magearna|Soul-Heart|boost\n|-boost|p1a: Magearna|spa|1\n|-end|p2b: Brute Bonnet|Protosynthesis|[silent]\n|move|p2a: Oricorio|Quiver Dance|p2a: Oricorio\n|-boost|p2a: Oricorio|spa|1\n|-boost|p2a: Oricorio|spd|1\n|-boost|p2a: Oricorio|spe|1\n|\n|-heal|p2a: Oricorio|137/272|[from] item: Leftovers\n|upkeep\n|\n|t:|1771183612\n|switch|p2b: Talonflame|Talonflame, L82, M|262/262\n|switch|p1b: Torterra|Torterra, L81, F|287/287\n|turn|9\n|\n|t:|1771183626\n|move|p1a: Magearna|Dazzling Gleam|p2a: Oricorio|[spread] p2a,p2b\n|-supereffective|p2a: Oricorio\n|-resisted|p2b: Talonflame\n|-damage|p2a: Oricorio|3/272\n|-damage|p2b: Talonflame|194/262\n|move|p1b: Torterra|Shell Smash|p1b: Torterra\n|-unboost|p1b: Torterra|def|1\n|-unboost|p1b: Torterra|spd|1\n|-boost|p1b: Torterra|atk|2\n|-boost|p1b: Torterra|spa|2\n|-boost|p1b: Torterra|spe|2\n|-enditem|p1b: Torterra|White Herb\n|-clearnegativeboost|p1b: Torterra|[silent]\n|move|p2b: Talonflame|Overheat|p1a: Magearna\n|-supereffective|p1a: Magearna\n|-damage|p1a: Magearna|93/231\n|-unboost|p2b: Talonflame|spa|2\n|move|p2a: Oricorio|Air Slash|p1b: Torterra\n|-supereffective|p1b: Torterra\n|-damage|p1b: Torterra|0 fnt\n|faint|p1b: Torterra\n|-ability|p1a: Magearna|Soul-Heart|boost\n|-boost|p1a: Magearna|spa|1\n|\n|-heal|p2a: Oricorio|20/272|[from] item: Leftovers\n|-fieldend|move: Trick Room\n|upkeep\n|\n|t:|1771183634\n|switch|p1b: Wyrdeer|Wyrdeer, L85, F|31/314\n|-ability|p1b: Wyrdeer|Intimidate|boost\n|-unboost|p2a: Oricorio|atk|1\n|-unboost|p2b: Talonflame|atk|1\n|turn|10\n|\n|t:|1771183648\n|move|p2a: Oricorio|Revelation Dance|p1a: Magearna\n|-damage|p1a: Magearna|0 fnt\n|faint|p1a: Magearna\n|move|p2b: Talonflame|Brave Bird|p1b: Wyrdeer\n|-damage|p1b: Wyrdeer|0 fnt\n|faint|p1b: Wyrdeer\n|-damage|p2b: Talonflame|184/262|[from] Recoil\n|\n|-heal|p2a: Oricorio|37/272|[from] item: Leftovers\n|upkeep\n|\n|t:|1771183652\n|switch|p1b: Oricorio|Oricorio-Pom-Pom, L83, M|260/260\n|turn|11\n|\n|t:|1771183674\n|move|p2a: Oricorio|Air Slash|p1b: Oricorio\n|-resisted|p1b: Oricorio\n|-damage|p1b: Oricorio|155/260\n|move|p2b: Talonflame|Tailwind|p2b: Talonflame\n|-sidestart|p2: Saliva Soup|move: Tailwind\n|cant|p1b: Oricorio|flinch\n|\n|-heal|p2a: Oricorio|54/272|[from] item: Leftovers\n|upkeep\n|turn|12\n|\n|t:|1771183681\n|move|p2a: Oricorio|Revelation Dance|p1b: Oricorio\n|-resisted|p1b: Oricorio\n|-damage|p1b: Oricorio|26/260\n|-enditem|p1b: Oricorio|Sitrus Berry|[eat]\n|-heal|p1b: Oricorio|91/260|[from] item: Sitrus Berry\n|-activate|p1b: Oricorio|ability: Dancer\n|move|p1b: Oricorio|Revelation Dance|p2a: Oricorio|[from] ability: Dancer\n|-damage|p2a: Oricorio|0 fnt\n|faint|p2a: Oricorio\n|move|p2b: Talonflame|Brave Bird|p1b: Oricorio\n|-resisted|p1b: Oricorio\n|-damage|p1b: Oricorio|49/260\n|-damage|p2b: Talonflame|170/262|[from] Recoil\n|move|p1b: Oricorio|Revelation Dance|p2b: Talonflame\n|-supereffective|p2b: Talonflame\n|-damage|p2b: Talonflame|0 fnt\n|faint|p2b: Talonflame\n|\n|win|Adrytan710\n|raw|Adrytan710's rating: 1889 &rarr; <strong>1911</strong><br />(+22 for winning)\n|raw|Saliva Soup's rating: 1928 &rarr; <strong>1906</strong><br />(-22 for losing)\n|l|☆Saliva Soup\n|player|p2|\n", "inputlog": ">version 686819e5e19f8a7fd2345cfc5a08a5085efa2cc3\n>start {\"formatid\":\"gen9randomdoublesbattle\",\"seed\":\"sodium,35f020e7870a3f7c263c21c293da495e\",\"rated\":\"Rated battle\"}\n>player p1 {\"name\":\"Adrytan710\",\"avatar\":\"red\",\"rating\":1889,\"seed\":\"sodium,ea89e688d930564d7de0c8bf6ec3b578\"}\n>player p2 {\"name\":\"Saliva Soup\",\"avatar\":\"169\",\"rating\":1928,\"seed\":\"sodium,b92545a97513559c7cbf9b394d8023b8\"}\n>p1 move incinerate, move snarl\n>p2 move bodypress +1, move glare +2\n>p1 move fireblast +2, move psychic +1\n>p2 move bodypress +1, move gunkshot +2\n>p2 pass, switch 6\n>p1 move incinerate, switch 3\n>p2 move heatwave, move spore +1\n>p1 move incinerate, move doubleedge +1\n>p2 move heatwave, switch 5\n>p2 switch 4, pass\n>p1 move incinerate, move trickroom\n>p2 move quiverdance terastallize, move knockoff +2\n>p1 move fireblast +2, move psychic +1\n>p2 move protect, move knockoff +2\n>p2 pass, switch 5\n>p1 move fireblast +2, switch 3\n>p2 move revelationdance +1, move suckerpunch +2\n>p1 switch 6, pass\n>p1 move dazzlinggleam, move psychic +1\n>p2 move quiverdance, move suckerpunch +2\n>p1 pass, switch 5\n>p2 pass, switch 3\n>p1 move dazzlinggleam, move shellsmash\n>p2 move airslash +2, move overheat +1\n>p1 pass, switch 3\n>p1 move dazzlinggleam, move trickroom\n>p2 move revelationdance +1, move bravebird +2\n>p1 pass, switch 4\n>p1 pass, move revelationdance +2\n>p2 move airslash +2, move tailwind\n>p1 pass, move revelationdance +2\n>p2 move revelationdance +2, move bravebird +2", "uploadtime": 1771183783, "views": 62, "formatid": "gen9randomdoublesbattle", "rating": 1906, "private": 0, "password": null}