{"id": "gen9randomdoublesbattle-2536879032", "format": "[Gen 9] Random Doubles Battle", "players": ["lordjikji", "Caberno35"], "log": "|j|☆lordjikji\n|j|☆Caberno35\n|t:|1770745001\n|gametype|doubles\n|player|p1|lordjikji|2|1608\n|player|p2|Caberno35|266|1576\n|gen|9\n|tier|[Gen 9] Random Doubles Battle\n|rated|\n|rule|Species Clause: Limit one of each Pokémon\n|rule|HP Percentage Mod: HP is shown in percentages\n|rule|Illusion Level Mod: Illusion disguises the Pokémon's true level\n|rule|Sleep Clause Mod: Limit one foe put to sleep\n|\n|t:|1770745001\n|teamsize|p1|6\n|teamsize|p2|6\n|start\n|switch|p1a: Enamorus|Enamorus-Therian, L82, F|256/256\n|switch|p1b: Dondozo|Dondozo, L85, M|394/394\n|switch|p2a: Eternatus|Eternatus, L70|312/312\n|switch|p2b: Okidogi|Okidogi, L78, M|265/265\n|-ability|p2a: Eternatus|Pressure\n|turn|1\n|inactive|Battle timer is ON: inactive players will automatically lose when time's up. (requested by Caberno35)\n|\n|t:|1770745020\n|switch|p2a: Probopass|Probopass, L90, F|254/254\n|-terastallize|p1a: Enamorus|Ground\n|move|p2b: Okidogi|Gunk Shot|p1a: Enamorus\n|-resisted|p1a: Enamorus\n|-damage|p1a: Enamorus|192/256\n|-status|p1a: Enamorus|psn\n|move|p1a: Enamorus|Earth Power|p2a: Probopass\n|-supereffective|p2a: Probopass\n|-damage|p2a: Probopass|0 fnt\n|faint|p2a: Probopass\n|move|p1b: Dondozo|Wave Crash|p2b: Okidogi\n|-damage|p2b: Okidogi|145/265\n|-damage|p1b: Dondozo|354/394|[from] Recoil\n|\n|-damage|p1a: Enamorus|160/256 psn|[from] psn\n|upkeep\n|inactive|Caberno35 has 120 seconds left.\n|\n|t:|1770745063\n|switch|p2a: Medicham|Medicham, L86, F|243/243\n|turn|2\n|inactive|lordjikji has 120 seconds left.\n|inactive|lordjikji has 90 seconds left.\n|\n|t:|1770745125\n|switch|p1a: Magnezone|Magnezone, L84|255/255\n|move|p2a: Medicham|Fake Out|p1a: Magnezone\n|-resisted|p1a: Magnezone\n|-damage|p1a: Magnezone|237/255\n|move|p2b: Okidogi|Gunk Shot|p1b: Dondozo\n|-damage|p1b: Dondozo|248/394\n|move|p1b: Dondozo|Wave Crash|p2a: Medicham\n|-damage|p2a: Medicham|89/243\n|-damage|p1b: Dondozo|197/394|[from] Recoil\n|\n|upkeep\n|turn|3\n|\n|t:|1770745150\n|switch|p1a: Heracross|Heracross, L82, F|265/265\n|move|p2a: Medicham|Close Combat|p1a: Heracross\n|-resisted|p1a: Heracross\n|-damage|p1a: Heracross|156/265\n|-unboost|p2a: Medicham|def|1\n|-unboost|p2a: Medicham|spd|1\n|move|p2b: Okidogi|Gunk Shot|p1b: Dondozo\n|-damage|p1b: Dondozo|85/394\n|-status|p1b: Dondozo|tox|[from] ability: Toxic Chain|[of] p2b: Okidogi\n|move|p1b: Dondozo|Wave Crash|p2b: Okidogi\n|-damage|p2b: Okidogi|25/265\n|-damage|p1b: Dondozo|45/394 tox|[from] Recoil\n|\n|-damage|p1b: Dondozo|21/394 tox|[from] psn\n|-status|p1a: Heracross|brn|[from] item: Flame Orb\n|upkeep\n|turn|4\n|\n|t:|1770745178\n|move|p1a: Heracross|Protect|p1a: Heracross\n|-singleturn|p1a: Heracross|Protect\n|move|p2a: Medicham|Zen Headbutt|p1a: Heracross\n|-activate|p1a: Heracross|move: Protect\n|move|p2b: Okidogi|Gunk Shot|p1a: Heracross\n|-activate|p1a: Heracross|move: Protect\n|move|p1b: Dondozo|Wave Crash|p2a: Medicham\n|-damage|p2a: Medicham|0 fnt\n|faint|p2a: Medicham\n|-damage|p1b: Dondozo|0 fnt|[from] Recoil\n|faint|p1b: Dondozo\n|\n|-damage|p1a: Heracross|140/265 brn|[from] brn\n|upkeep\n|c|☆Caberno35|Loco\n|c|☆Caberno35|Que pereza das\n|c|☆lordjikji|Hahaha\n|inactive|lordjikji has 90 seconds left.\n|inactive|Caberno35 has 120 seconds left.\n|c|☆lordjikji|Nel\n|c|☆lordjikji|Aprende a jugar\n|c|☆lordjikji|Predecible\n|c|☆lordjikji|Cada movimimiento jajaja\n|inactive|lordjikji has 60 seconds left.\n|\n|t:|1770745243\n|switch|p2a: Vivillon|Vivillon-Archipelago, L88, F|284/284\n|switch|p1b: Koraidon|Koraidon, L66|242/242\n|-weather|SunnyDay|[from] ability: Orichalcum Pulse|[of] p1b: Koraidon\n|-activate|p1b: Koraidon|Orichalcum Pulse|[source]\n|turn|5\n|inactive|lordjikji has 60 seconds left.\n|c|☆Caberno35|Me aburre jugar a hacer 300 cambios\n|inactive|Caberno35 has 120 seconds left.\n|c|☆lordjikji|Abandona la partida entonces si tan aburrido estás\n|\n|t:|1770745277\n|switch|p2a: Eternatus|Eternatus, L70|312/312\n|-ability|p2a: Eternatus|Pressure\n|move|p1b: Koraidon|Flare Blitz|p2a: Eternatus\n|-resisted|p2a: Eternatus\n|-damage|p2a: Eternatus|199/312\n|-damage|p1b: Koraidon|205/242|[from] Recoil\n|move|p1a: Heracross|Facade|p2b: Okidogi\n|-damage|p2b: Okidogi|0 fnt\n|faint|p2b: Okidogi\n|\n|-weather|SunnyDay|[upkeep]\n|-heal|p2a: Eternatus|218/312|[from] item: Leftovers\n|-damage|p1a: Heracross|124/265 brn|[from] brn\n|upkeep\n|\n|t:|1770745288\n|switch|p2b: Roaring Moon|Roaring Moon, L76|285/285\n|-activate|p2b: Roaring Moon|ability: Protosynthesis\n|-start|p2b: Roaring Moon|protosynthesisatk\n|turn|6\n|inactive|lordjikji has 60 seconds left.\n|\n|t:|1770745301\n|switch|p1b: Enamorus|Enamorus-Therian, L82, F, tera:Ground|160/256 psn\n|move|p1a: Heracross|Protect|p1a: Heracross\n|-singleturn|p1a: Heracross|Protect\n|move|p2b: Roaring Moon|Acrobatics|p1b: Enamorus\n|-damage|p1b: Enamorus|107/256 psn\n|move|p2a: Eternatus|Flamethrower|p1a: Heracross\n|-activate|p1a: Heracross|move: Protect\n|\n|-weather|SunnyDay|[upkeep]\n|-heal|p2a: Eternatus|237/312|[from] item: Leftovers\n|-damage|p1b: Enamorus|75/256 psn|[from] psn\n|-damage|p1a: Heracross|108/265 brn|[from] brn\n|upkeep\n|turn|7\n|inactive|Caberno35 has 120 seconds left.\n|c|☆Caberno35|Es que no tiene sentido, con 350 de ataque y te quito 20\n|inactive|Caberno35 has 90 seconds left.\n|\n|t:|1770745358\n|move|p2b: Roaring Moon|Acrobatics|p1a: Heracross\n|-supereffective|p1a: Heracross\n|-damage|p1a: Heracross|0 fnt\n|faint|p1a: Heracross\n|move|p2a: Eternatus|Flamethrower|p1b: Enamorus\n|-crit|p1b: Enamorus\n|-damage|p1b: Enamorus|0 fnt\n|faint|p1b: Enamorus\n|\n|-weather|SunnyDay|[upkeep]\n|-heal|p2a: Eternatus|256/312|[from] item: Leftovers\n|upkeep\n|\n|t:|1770745368\n|switch|p1a: Rhyperior|Rhyperior, L82, F|323/323\n|switch|p1b: Magnezone|Magnezone, L84|237/255\n|turn|8\n|inactive|lordjikji has 90 seconds left.\n|inactive|lordjikji has 60 seconds left.\n|c|☆lordjikji|Por el Dondozo lo dices? Tiene defensa uy alta\n|c|☆lordjikji|Además del Unaware, si es tanque el man\n|\n|t:|1770745432\n|move|p2b: Roaring Moon|Knock Off|p1a: Rhyperior\n|-damage|p1a: Rhyperior|209/323\n|-enditem|p1a: Rhyperior|Weakness Policy|[from] move: Knock Off|[of] p2b: Roaring Moon\n|move|p2a: Eternatus|Flamethrower|p1b: Magnezone\n|-supereffective|p1b: Magnezone\n|-damage|p1b: Magnezone|109/255\n|move|p1b: Magnezone|Electroweb|p2a: Eternatus|[spread] p2a,p2b\n|-resisted|p2a: Eternatus\n|-resisted|p2b: Roaring Moon\n|-crit|p2b: Roaring Moon\n|-damage|p2a: Eternatus|223/312\n|-damage|p2b: Roaring Moon|246/285\n|-unboost|p2a: Eternatus|spe|1\n|-unboost|p2b: Roaring Moon|spe|1\n|move|p1a: Rhyperior|Rock Polish|p1a: Rhyperior\n|-boost|p1a: Rhyperior|spe|2\n|\n|-weather|SunnyDay|[upkeep]\n|-heal|p2a: Eternatus|242/312|[from] item: Leftovers\n|upkeep\n|turn|9\n|inactive|lordjikji has 60 seconds left.\n|c|☆Caberno35|Noooo, la de enamorus\n|c|☆Caberno35|El acrobacia\n|inactive|Caberno35 has 90 seconds left.\n|inactive|lordjikji has 30 seconds left.\n|c|☆lordjikji|xD eso sí no sé, tiene 228 de Defensa\n|inactive|lordjikji has 20 seconds left.\n|inactive|lordjikji has 15 seconds left.\n|inactive|lordjikji has 10 seconds left.\n|\n|t:|1770745490\n|-terastallize|p2a: Eternatus|Dragon\n|move|p2b: Roaring Moon|Protect|p2b: Roaring Moon\n|-singleturn|p2b: Roaring Moon|Protect\n|move|p1a: Rhyperior|High Horsepower|p2a: Eternatus\n|-damage|p2a: Eternatus|107/312\n|move|p1b: Magnezone|Electroweb|p2a: Eternatus|[spread] p2a\n|-activate|p2b: Roaring Moon|move: Protect\n|-resisted|p2a: Eternatus\n|-damage|p2a: Eternatus|77/312\n|-unboost|p2a: Eternatus|spe|1\n|move|p2a: Eternatus|Dynamax Cannon|p1a: Rhyperior\n|-damage|p1a: Rhyperior|0 fnt\n|faint|p1a: Rhyperior\n|\n|-weather|none\n|-end|p2b: Roaring Moon|Protosynthesis\n|-heal|p2a: Eternatus|96/312|[from] item: Leftovers\n|upkeep\n|-enditem|p2b: Roaring Moon|Booster Energy\n|-activate|p2b: Roaring Moon|ability: Protosynthesis|[fromitem]\n|-start|p2b: Roaring Moon|protosynthesisatk\n|inactive|lordjikji has 15 seconds left this turn.\n|inactive|lordjikji has 10 seconds left.\n|\n|t:|1770745496\n|switch|p1a: Koraidon|Koraidon, L66|205/242\n|-weather|SunnyDay|[from] ability: Orichalcum Pulse|[of] p1a: Koraidon\n|-activate|p1a: Koraidon|Orichalcum Pulse|[source]\n|turn|10\n|inactive|lordjikji has 30 seconds left.\n|inactive|Caberno35 has 90 seconds left.\n|inactive|Caberno35 has 60 seconds left.\n|\n|t:|1770745533\n|-end|p2b: Roaring Moon|Protosynthesis|[silent]\n|switch|p2b: Vivillon|Vivillon-Archipelago, L88, F|284/284\n|move|p1a: Koraidon|Dragon Claw|p2b: Vivillon\n|-damage|p2b: Vivillon|74/284\n|-enditem|p2b: Vivillon|Sitrus Berry|[eat]\n|-heal|p2b: Vivillon|145/284|[from] item: Sitrus Berry\n|move|p1b: Magnezone|Flash Cannon|p2a: Eternatus\n|-damage|p2a: Eternatus|0 fnt\n|faint|p2a: Eternatus\n|\n|-weather|SunnyDay|[upkeep]\n|upkeep\n|inactive|Caberno35 has 60 seconds left.\n|\n|t:|1770745543\n|switch|p2a: Roaring Moon|Roaring Moon, L76|246/285\n|-activate|p2a: Roaring Moon|ability: Protosynthesis\n|-start|p2a: Roaring Moon|protosynthesisatk\n|turn|11\n|inactive|Caberno35 has 60 seconds left.\n|\n|t:|1770745569\n|move|p2a: Roaring Moon|Acrobatics|p1a: Koraidon\n|-supereffective|p1a: Koraidon\n|-damage|p1a: Koraidon|0 fnt\n|faint|p1a: Koraidon\n|move|p2b: Vivillon|Sleep Powder|p1b: Magnezone\n|-status|p1b: Magnezone|slp|[from] move: Sleep Powder\n|cant|p1b: Magnezone|slp\n|\n|-weather|SunnyDay|[upkeep]\n|upkeep\n|turn|12\n|c|☆lordjikji|Buen juego man, remontaste al final, ya no te quejes tanto y disfruta el juego\n|inactive|lordjikji has 60 seconds left.\n|inactive|Caberno35 has 60 seconds left.\n|\n|t:|1770745594\n|move|p2a: Roaring Moon|Knock Off|p1b: Magnezone\n|-damage|p1b: Magnezone|0 fnt\n|-enditem|p1b: Magnezone|Assault Vest|[from] move: Knock Off|[of] p2a: Roaring Moon\n|faint|p1b: Magnezone\n|\n|win|Caberno35\n|raw|lordjikji's rating: 1608 &rarr; <strong>1586</strong><br />(-22 for losing)\n|raw|Caberno35's rating: 1576 &rarr; <strong>1598</strong><br />(+22 for winning)\n|l|☆Caberno35\n|player|p2|\n", "inputlog": ">version ccdc32dd7cde25fd9e4bed64820e885f66e78a4e\n>start {\"formatid\":\"gen9randomdoublesbattle\",\"seed\":\"sodium,fefcfa07a15b711c835374c5c39cf2e5\",\"rated\":\"Rated battle\"}\n>player p1 {\"name\":\"lordjikji\",\"avatar\":\"2\",\"rating\":1608,\"seed\":\"sodium,40c35a25c7e58a39ba3b9b8cf29c25ea\"}\n>player p2 {\"name\":\"Caberno35\",\"avatar\":\"266\",\"rating\":1576,\"seed\":\"sodium,12e29dc4cca8a18c3ff81d4cb01261e4\"}\n>p1 move earthpower +1 terastallize, move wavecrash +2\n>p2 switch 5, move gunkshot +1\n>p2 switch 4, pass\n>p1 switch 5, move wavecrash +1\n>p2 move fakeout +1, move gunkshot +2\n>p1 switch 6, move wavecrash +2\n>p2 move closecombat +1, move gunkshot +2\n>p1 move protect, move wavecrash +1\n>p2 move zenheadbutt +1, move gunkshot +1\n>chat ☆Caberno35|Loco\n>chat ☆Caberno35|Que pereza das\n>chat ☆lordjikji|Hahaha\n>chat ☆lordjikji|Nel\n>chat ☆lordjikji|Aprende a jugar\n>chat ☆lordjikji|Predecible\n>chat ☆lordjikji|Cada movimimiento jajaja\n>p1 pass, switch 4\n>p2 switch 6, pass\n>chat ☆Caberno35|Me aburre jugar a hacer 300 cambios\n>chat ☆lordjikji|Abandona la partida entonces si tan aburrido estás\n>p1 move facade +2, move flareblitz +1\n>p2 switch 5, move gunkshot +1\n>p2 pass, switch 3\n>p1 move protect, switch 5\n>p2 move flamethrower +1, move acrobatics +2\n>chat ☆Caberno35|Es que no tiene sentido, con 350 de ataque y te quito 20\n>p1 move facade +1, move springtidestorm\n>p2 move flamethrower +2, move acrobatics +1\n>p1 switch 3, switch 6\n>chat ☆lordjikji|Por el Dondozo lo dices? Tiene defensa uy alta\n>chat ☆lordjikji|Además del Unaware, si es tanque el man\n>p1 move rockpolish, move electroweb\n>p2 move flamethrower +2, move knockoff +1\n>chat ☆Caberno35|Noooo, la de enamorus\n>chat ☆Caberno35|El acrobacia\n>chat ☆lordjikji|xD eso sí no sé, tiene 228 de Defensa\n>p1 move highhorsepower +1, move electroweb\n>p2 move dynamaxcannon +1 terastallize, move protect\n>p1 switch 5, pass\n>p1 move dragonclaw +2, move flashcannon +1\n>p2 move flamethrower +2, switch 5\n>p2 switch 5, pass\n>p1 move dragonclaw +2, move electroweb\n>p2 move acrobatics +1, move sleeppowder +2\n>chat ☆lordjikji|Buen juego man, remontaste al final, ya no te quejes tanto y disfruta el juego\n>p1 pass, move thunderbolt +2\n>p2 move knockoff +2, move pollenpuff +2", "uploadtime": 1770745609, "views": 66, "formatid": "gen9randomdoublesbattle", "rating": 1586, "private": 0, "password": null}