{"id": "gen9randomdoublesbattle-2537282687", "format": "[Gen 9] Random Doubles Battle", "players": ["baseballlover", "n8thegr8702"], "log": "|j|☆baseballlover\n|j|☆n8thegr8702\n|t:|1770790300\n|gametype|doubles\n|player|p1|baseballlover|266|1643\n|player|p2|n8thegr8702|nate|1647\n|gen|9\n|tier|[Gen 9] Random Doubles Battle\n|rated|\n|rule|Species Clause: Limit one of each Pokémon\n|rule|HP Percentage Mod: HP is shown in percentages\n|rule|Illusion Level Mod: Illusion disguises the Pokémon's true level\n|rule|Sleep Clause Mod: Limit one foe put to sleep\n|\n|t:|1770790300\n|teamsize|p1|6\n|teamsize|p2|6\n|start\n|switch|p1a: Iron Moth|Iron Moth, L78|253/253\n|switch|p1b: Cyclizar|Cyclizar, L87, M|264/264\n|switch|p2a: Hariyama|Hariyama, L85, M|384/384\n|switch|p2b: Swanna|Swanna, L87, F|272/272\n|turn|1\n|inactive|Battle timer is ON: inactive players will automatically lose when time's up. (requested by n8thegr8702)\n|inactive|baseballlover also wants the timer to be on.\n|inactive|baseballlover has 120 seconds left.\n|inactive|baseballlover has 90 seconds left.\n|\n|t:|1770790381\n|-end|p1a: Iron Moth|Quark Drive|[silent]\n|switch|p1a: Swalot|Swalot, L90, M|326/326\n|move|p2a: Hariyama|Fake Out|p1b: Cyclizar\n|-damage|p1b: Cyclizar|224/264\n|cant|p1b: Cyclizar|flinch\n|move|p2b: Swanna|Tailwind|p2b: Swanna\n|-sidestart|p2: n8thegr8702|move: Tailwind\n|\n|upkeep\n|turn|2\n|inactive|n8thegr8702 has 120 seconds left.\n|inactive|n8thegr8702 has 90 seconds left.\n|\n|t:|1770790441\n|move|p2b: Swanna|Hydro Pump|p1a: Swalot|[miss]\n|-miss|p2b: Swanna|p1a: Swalot\n|move|p2a: Hariyama|Close Combat|p1b: Cyclizar\n|-supereffective|p1b: Cyclizar\n|-damage|p1b: Cyclizar|0 fnt\n|-unboost|p2a: Hariyama|def|1\n|-unboost|p2a: Hariyama|spd|1\n|faint|p1b: Cyclizar\n|move|p1a: Swalot|Poison Gas|p2a: Hariyama|[spread] p2a,p2b\n|-status|p2a: Hariyama|psn\n|-status|p2b: Swanna|psn\n|\n|-damage|p2b: Swanna|238/272 psn|[from] psn\n|-damage|p2a: Hariyama|336/384 psn|[from] psn\n|upkeep\n|inactive|baseballlover has 120 seconds left.\n|\n|t:|1770790478\n|switch|p1b: Magmortar|Magmortar, L84, M|263/263\n|turn|3\n|inactive|n8thegr8702 has 90 seconds left.\n|inactive|n8thegr8702 has 60 seconds left.\n|\n|t:|1770790548\n|move|p2b: Swanna|Hydro Pump|p1b: Magmortar\n|-supereffective|p1b: Magmortar\n|-damage|p1b: Magmortar|0 fnt\n|faint|p1b: Magmortar\n|-damage|p2b: Swanna|211/272 psn|[from] item: Life Orb\n|move|p2a: Hariyama|Heavy Slam|p1a: Swalot\n|-damage|p1a: Swalot|255/326\n|move|p1a: Swalot|Gunk Shot|p2a: Hariyama|[miss]\n|-miss|p1a: Swalot|p2a: Hariyama\n|\n|-damage|p2b: Swanna|177/272 psn|[from] psn\n|-damage|p2a: Hariyama|288/384 psn|[from] psn\n|upkeep\n|inactive|baseballlover has 120 seconds left.\n|\n|t:|1770790586\n|switch|p1b: Deoxys|Deoxys-Attack, L79|209/209\n|-ability|p1b: Deoxys|Pressure\n|turn|4\n|\n|t:|1770790595\n|move|p2a: Hariyama|Bullet Punch|p1b: Deoxys\n|-damage|p1b: Deoxys|116/209\n|move|p2b: Swanna|Hydro Pump|p1a: Swalot\n|-damage|p1a: Swalot|121/326\n|-enditem|p1a: Swalot|Wiki Berry|[eat]\n|-heal|p1a: Swalot|229/326|[from] item: Wiki Berry\n|-damage|p2b: Swanna|150/272 psn|[from] item: Life Orb\n|move|p1b: Deoxys|Psycho Boost|p2b: Swanna\n|-damage|p2b: Swanna|0 fnt\n|-unboost|p1b: Deoxys|spa|2\n|faint|p2b: Swanna\n|-damage|p1b: Deoxys|96/209|[from] item: Life Orb\n|move|p1a: Swalot|Gunk Shot|p2a: Hariyama\n|-damage|p2a: Hariyama|47/384 psn\n|\n|-damage|p2a: Hariyama|0 fnt|[from] psn\n|faint|p2a: Hariyama\n|-sideend|p2: n8thegr8702|move: Tailwind\n|upkeep\n|inactive|n8thegr8702 has 60 seconds left.\n|\n|t:|1770790621\n|switch|p2b: Zebstrika|Zebstrika, L87, M|272/272\n|switch|p2a: Hitmontop|Hitmontop, L88, M|231/231\n|-ability|p2a: Hitmontop|Intimidate|boost\n|-unboost|p1a: Swalot|atk|1\n|-unboost|p1b: Deoxys|atk|1\n|turn|5\n|inactive|n8thegr8702 has 60 seconds left.\n|\n|t:|1770790648\n|switch|p1b: Noivern|Noivern, L84, F|280/280\n|-item|p2a: Hitmontop|Sitrus Berry|[from] ability: Frisk|[of] p1b: Noivern\n|-item|p2b: Zebstrika|Life Orb|[from] ability: Frisk|[of] p1b: Noivern\n|move|p2a: Hitmontop|Fake Out|p1b: Noivern\n|-damage|p1b: Noivern|249/280\n|move|p2b: Zebstrika|High Horsepower|p1a: Swalot\n|-supereffective|p1a: Swalot\n|-damage|p1a: Swalot|55/326\n|-damage|p2b: Zebstrika|245/272|[from] item: Life Orb\n|move|p1a: Swalot|Gunk Shot|p2b: Zebstrika\n|-damage|p2b: Zebstrika|152/272\n|\n|upkeep\n|turn|6\n|inactive|baseballlover has 120 seconds left.\n|\n|t:|1770790695\n|move|p1b: Noivern|Hurricane|p2a: Hitmontop|[miss]\n|-miss|p1b: Noivern|p2a: Hitmontop\n|move|p2b: Zebstrika|High Horsepower|p1a: Swalot\n|-supereffective|p1a: Swalot\n|-damage|p1a: Swalot|0 fnt\n|faint|p1a: Swalot\n|-damage|p2b: Zebstrika|125/272|[from] item: Life Orb\n|move|p2a: Hitmontop|Triple Axel|p1b: Noivern|[miss]\n|-miss|p2a: Hitmontop|p1b: Noivern\n|\n|upkeep\n|inactive|baseballlover has 90 seconds left.\n|inactive|baseballlover has 60 seconds left.\n|\n|t:|1770790749\n|switch|p1a: Iron Moth|Iron Moth, L78|253/253\n|turn|7\n|inactive|n8thegr8702 has 90 seconds left.\n|inactive|n8thegr8702 has 60 seconds left.\n|\n|t:|1770790803\n|move|p1b: Noivern|Hurricane|p2a: Hitmontop\n|-supereffective|p2a: Hitmontop\n|-damage|p2a: Hitmontop|0 fnt\n|faint|p2a: Hitmontop\n|-damage|p1b: Noivern|221/280|[from] item: Life Orb\n|move|p2b: Zebstrika|High Horsepower|p1a: Iron Moth\n|-supereffective|p1a: Iron Moth\n|-damage|p1a: Iron Moth|0 fnt\n|faint|p1a: Iron Moth\n|-end|p1a: Iron Moth|Quark Drive|[silent]\n|-damage|p2b: Zebstrika|98/272|[from] item: Life Orb\n|\n|upkeep\n|\n|t:|1770790814\n|switch|p1a: Deoxys|Deoxys-Attack, L79|96/209\n|switch|p2a: Inteleon|Inteleon, L78, M|237/237\n|-ability|p1a: Deoxys|Pressure\n|turn|8\n|inactive|baseballlover has 90 seconds left.\n|inactive|n8thegr8702 has 60 seconds left.\n|inactive|baseballlover has 60 seconds left.\n|\n|t:|1770790856\n|move|p2b: Zebstrika|Protect|p2b: Zebstrika\n|-singleturn|p2b: Zebstrika|Protect\n|move|p1a: Deoxys|Psycho Boost|p2a: Inteleon\n|-damage|p2a: Inteleon|0 fnt\n|-unboost|p1a: Deoxys|spa|2\n|faint|p2a: Inteleon\n|-damage|p1a: Deoxys|76/209|[from] item: Life Orb\n|move|p1b: Noivern|Draco Meteor|p2b: Zebstrika\n|-activate|p2b: Zebstrika|move: Protect\n|\n|upkeep\n|inactive|n8thegr8702 has 60 seconds left.\n|\n|t:|1770790868\n|switch|p2a: Grafaiai|Grafaiai, L88, M|254/254\n|turn|9\n|\n|t:|1770790882\n|-terastallize|p2a: Grafaiai|Dark\n|move|p1a: Deoxys|Psycho Boost|p2a: Grafaiai\n|-immune|p2a: Grafaiai\n|move|p1b: Noivern|Draco Meteor|p2b: Zebstrika\n|-damage|p2b: Zebstrika|0 fnt\n|-unboost|p1b: Noivern|spa|2\n|faint|p2b: Zebstrika\n|-damage|p1b: Noivern|193/280|[from] item: Life Orb\n|move|p2a: Grafaiai|Knock Off|p1a: Deoxys\n|-supereffective|p1a: Deoxys\n|-damage|p1a: Deoxys|0 fnt\n|-enditem|p1a: Deoxys|Life Orb|[from] move: Knock Off|[of] p2a: Grafaiai\n|faint|p1a: Deoxys\n|\n|upkeep\n|turn|10\n|inactive|n8thegr8702 has 90 seconds left.\n|\n|t:|1770790894\n|move|p1b: Noivern|Draco Meteor|p2a: Grafaiai\n|-damage|p2a: Grafaiai|155/254\n|-unboost|p1b: Noivern|spa|2\n|-damage|p1b: Noivern|165/280|[from] item: Life Orb\n|move|p2a: Grafaiai|Knock Off|p1b: Noivern\n|-damage|p1b: Noivern|38/280\n|-enditem|p1b: Noivern|Life Orb|[from] move: Knock Off|[of] p2a: Grafaiai\n|\n|upkeep\n|turn|11\n|inactive|baseballlover has 120 seconds left.\n|\n|t:|1770790905\n|move|p1b: Noivern|Draco Meteor|p2a: Grafaiai\n|-damage|p2a: Grafaiai|107/254\n|-unboost|p1b: Noivern|spa|2\n|-enditem|p2a: Grafaiai|Sitrus Berry|[eat]\n|-heal|p2a: Grafaiai|170/254|[from] item: Sitrus Berry\n|move|p2a: Grafaiai|Knock Off|p1b: Noivern\n|-damage|p1b: Noivern|0 fnt\n|faint|p1b: Noivern\n|\n|win|n8thegr8702\n|raw|baseballlover's rating: 1643 &rarr; <strong>1623</strong><br />(-20 for losing)\n|raw|n8thegr8702's rating: 1647 &rarr; <strong>1667</strong><br />(+20 for winning)\n", "inputlog": ">version ccdc32dd7cde25fd9e4bed64820e885f66e78a4e\n>start {\"formatid\":\"gen9randomdoublesbattle\",\"seed\":\"sodium,eea0e0eaa786f59fad7733bcd585bd86\",\"rated\":\"Rated battle\"}\n>player p1 {\"name\":\"baseballlover\",\"avatar\":\"266\",\"rating\":1643,\"seed\":\"sodium,2a08507e83f1b39cbd8d96d8e62add8f\"}\n>player p2 {\"name\":\"n8thegr8702\",\"avatar\":\"nate\",\"rating\":1647,\"seed\":\"sodium,81a377492905b8e9d729210cffb46cfb\"}\n>p1 switch 3, move shedtail\n>p2 move fakeout +2, move tailwind\n>p1 move poisongas, move shedtail\n>p2 move closecombat +2, move hydropump +1\n>p1 pass, switch 4\n>p1 move gunkshot +1, move thunderbolt +2\n>p2 move heavyslam +1, move hydropump +2\n>p1 pass, switch 6\n>p1 move gunkshot +1, move psychoboost +2\n>p2 move bulletpunch +2, move hydropump +1\n>p2 switch 4, switch 6\n>p1 move gunkshot +2, switch 5\n>p2 move fakeout +2, move highhorsepower +1\n>p1 move gunkshot +2, move hurricane +1\n>p2 move tripleaxel +2, move highhorsepower +1\n>p1 switch 3, pass\n>p1 move heatwave, move hurricane +1\n>p2 move tripleaxel +2, move highhorsepower +1\n>p1 switch 5, pass\n>p2 switch 5, pass\n>p1 move psychoboost +1, move dracometeor +2\n>p2 move icebeam +2, move protect\n>p2 switch 3, pass\n>p1 move psychoboost +1, move dracometeor +2\n>p2 move knockoff +1 terastallize, move wildcharge +2\n>p1 pass, move dracometeor +1\n>p2 move knockoff +2, pass\n>p1 pass, move dracometeor +1\n>p2 move knockoff +2, pass", "uploadtime": 1770790905, "views": 64, "formatid": "gen9randomdoublesbattle", "rating": 1623, "private": 0, "password": null}