{"id": "gen9randomdoublesbattle-2535962515", "format": "[Gen 9] Random Doubles Battle", "players": ["marco365", "Jakko93"], "log": "|j|☆marco365\n|j|☆Jakko93\n|t:|1770639083\n|gametype|doubles\n|player|p1|marco365|lucian|1726\n|player|p2|Jakko93|266|1673\n|gen|9\n|tier|[Gen 9] Random Doubles Battle\n|rated|\n|rule|Species Clause: Limit one of each Pokémon\n|rule|HP Percentage Mod: HP is shown in percentages\n|rule|Illusion Level Mod: Illusion disguises the Pokémon's true level\n|rule|Sleep Clause Mod: Limit one foe put to sleep\n|\n|t:|1770639083\n|teamsize|p1|6\n|teamsize|p2|6\n|start\n|switch|p1a: Gallade|Gallade, L80, M|240/240\n|switch|p1b: Lycanroc|Lycanroc-Midnight, L84, M|280/280\n|switch|p2a: Krookodile|Krookodile, L80, F|283/283\n|switch|p2b: Chandelure|Chandelure, L81, F|230/230\n|-ability|p2a: Krookodile|Intimidate|boost\n|-unboost|p1a: Gallade|atk|1\n|-unboost|p1b: Lycanroc|atk|1\n|turn|1\n|inactive|Battle timer is ON: inactive players will automatically lose when time's up. (requested by Jakko93)\n|\n|t:|1770639133\n|switch|p2a: Camerupt|Camerupt, L88, F|266/266\n|switch|p1b: Rayquaza|Rayquaza, L75|281/281\n|-ability|p1b: Rayquaza|Air Lock\n|move|p2b: Chandelure|Energy Ball|p1b: Rayquaza\n|-resisted|p1b: Rayquaza\n|-damage|p1b: Rayquaza|252/281\n|-damage|p2b: Chandelure|207/230|[from] item: Life Orb\n|move|p1a: Gallade|Sacred Sword|p2a: Camerupt\n|-damage|p2a: Camerupt|120/266\n|-enditem|p2a: Camerupt|Sitrus Berry|[eat]\n|-heal|p2a: Camerupt|186/266|[from] item: Sitrus Berry\n|-damage|p1a: Gallade|216/240|[from] item: Life Orb\n|\n|upkeep\n|turn|2\n|inactive|marco365 has 120 seconds left.\n|\n|t:|1770639170\n|switch|p2a: Krookodile|Krookodile, L80, F|283/283\n|-ability|p2a: Krookodile|Intimidate|boost\n|-unboost|p1a: Gallade|atk|1\n|-unboost|p1b: Rayquaza|atk|1\n|move|p1b: Rayquaza|Swords Dance|p1b: Rayquaza\n|-boost|p1b: Rayquaza|atk|2\n|move|p2b: Chandelure|Heat Wave|p1b: Rayquaza|[spread] p1a,p1b\n|-resisted|p1b: Rayquaza\n|-damage|p1a: Gallade|102/240\n|-damage|p1b: Rayquaza|182/281\n|-damage|p2b: Chandelure|184/230|[from] item: Life Orb\n|move|p1a: Gallade|Swords Dance|p1a: Gallade\n|-boost|p1a: Gallade|atk|2\n|\n|upkeep\n|turn|3\n|inactive|marco365 has 120 seconds left.\n|\n|t:|1770639203\n|switch|p2a: Camerupt|Camerupt, L88, F|186/266\n|move|p1b: Rayquaza|Dragon Ascent|p2b: Chandelure\n|-damage|p2b: Chandelure|0 fnt\n|-unboost|p1b: Rayquaza|def|1\n|-unboost|p1b: Rayquaza|spd|1\n|faint|p2b: Chandelure\n|-damage|p1b: Rayquaza|154/281|[from] item: Life Orb\n|move|p1a: Gallade|Sacred Sword|p2a: Camerupt\n|-damage|p2a: Camerupt|0 fnt\n|faint|p2a: Camerupt\n|-damage|p1a: Gallade|78/240|[from] item: Life Orb\n|\n|upkeep\n|inactive|Jakko93 has 120 seconds left.\n|\n|t:|1770639214\n|switch|p2b: Luvdisc|Luvdisc, M|248/248\n|switch|p2a: Krookodile|Krookodile, L80, F|283/283\n|-ability|p2a: Krookodile|Intimidate|boost\n|-unboost|p1a: Gallade|atk|1\n|-unboost|p1b: Rayquaza|atk|1\n|turn|4\n|inactive|marco365 has 120 seconds left.\n|\n|t:|1770639244\n|switch|p1b: Lycanroc|Lycanroc-Midnight, L84, M|280/280\n|switch|p1a: Slowking|Slowking-Galar, L86, F|304/304\n|move|p2b: Luvdisc|Icy Wind|p1b: Lycanroc|[spread] p1a,p1b\n|-damage|p1a: Slowking|285/304\n|-damage|p1b: Lycanroc|254/280\n|-unboost|p1a: Slowking|spe|1\n|-unboost|p1b: Lycanroc|spe|1\n|move|p2a: Krookodile|Knock Off|p1a: Slowking\n|-supereffective|p1a: Slowking\n|-damage|p1a: Slowking|0 fnt\n|-enditem|p1a: Slowking|Life Orb|[from] move: Knock Off|[of] p2a: Krookodile\n|faint|p1a: Slowking\n|-damage|p2a: Krookodile|255/283|[from] item: Life Orb\n|\n|upkeep\n|\n|t:|1770639268\n|switch|p1a: Darkrai|Darkrai, L80|243/243\n|turn|5\n|inactive|marco365 has 90 seconds left.\n|\n|t:|1770639300\n|switch|p2a: Cobalion|Cobalion, L79|273/273\n|move|p2b: Luvdisc|Charm|p1b: Lycanroc\n|-unboost|p1b: Lycanroc|atk|2\n|move|p1a: Darkrai|Sludge Bomb|p2a: Cobalion\n|-immune|p2a: Cobalion\n|move|p1b: Lycanroc|Knock Off|p2b: Luvdisc\n|-damage|p2b: Luvdisc|182/248\n|-enditem|p2b: Luvdisc|Sitrus Berry|[from] move: Knock Off|[of] p1b: Lycanroc\n|\n|upkeep\n|turn|6\n|\n|t:|1770639327\n|switch|p2b: Krookodile|Krookodile, L80, F|255/283\n|-ability|p2b: Krookodile|Intimidate|boost\n|-unboost|p1a: Darkrai|atk|1\n|-unboost|p1b: Lycanroc|atk|1\n|-terastallize|p1a: Darkrai|Poison\n|move|p1a: Darkrai|Sludge Bomb|p2b: Krookodile\n|-resisted|p2b: Krookodile\n|-damage|p2b: Krookodile|169/283\n|-damage|p1a: Darkrai|219/243|[from] item: Life Orb\n|move|p2a: Cobalion|Iron Defense|p2a: Cobalion\n|-boost|p2a: Cobalion|def|2\n|move|p1b: Lycanroc|Knock Off|p2a: Cobalion\n|-resisted|p2a: Cobalion\n|-damage|p2a: Cobalion|265/273\n|-ability|p2a: Cobalion|Justified|boost\n|-boost|p2a: Cobalion|atk|1\n|-enditem|p2a: Cobalion|Leftovers|[from] move: Knock Off|[of] p1b: Lycanroc\n|\n|upkeep\n|turn|7\n|inactive|marco365 has 90 seconds left.\n|inactive|Jakko93 has 120 seconds left.\n|\n|t:|1770639370\n|switch|p1a: Rayquaza|Rayquaza, L75|154/281\n|-ability|p1a: Rayquaza|Air Lock\n|move|p2a: Cobalion|Body Press|p1b: Lycanroc\n|-supereffective|p1b: Lycanroc\n|-damage|p1b: Lycanroc|0 fnt\n|faint|p1b: Lycanroc\n|move|p2b: Krookodile|High Horsepower|p1a: Rayquaza\n|-immune|p1a: Rayquaza\n|\n|upkeep\n|inactive|marco365 has 60 seconds left.\n|\n|t:|1770639396\n|switch|p1b: Sudowoodo|Sudowoodo, L94, F|284/284\n|turn|8\n|\n|t:|1770639410\n|move|p2a: Cobalion|Body Press|p1b: Sudowoodo\n|-supereffective|p1b: Sudowoodo\n|-damage|p1b: Sudowoodo|30/284\n|move|p2b: Krookodile|Knock Off|p1a: Rayquaza\n|-damage|p1a: Rayquaza|12/281\n|-enditem|p1a: Rayquaza|Life Orb|[from] move: Knock Off|[of] p2b: Krookodile\n|-damage|p2b: Krookodile|141/283|[from] item: Life Orb\n|move|p1a: Rayquaza|Swords Dance|p1a: Rayquaza\n|-boost|p1a: Rayquaza|atk|2\n|move|p1b: Sudowoodo|Wood Hammer|p2b: Krookodile\n|-supereffective|p2b: Krookodile\n|-damage|p2b: Krookodile|0 fnt\n|faint|p2b: Krookodile\n|-damage|p1b: Sudowoodo|2/284|[from] item: Life Orb\n|\n|upkeep\n|\n|t:|1770639414\n|switch|p2b: Luvdisc|Luvdisc, M|182/248\n|turn|9\n|inactive|marco365 has 90 seconds left.\n|\n|t:|1770639445\n|move|p1a: Rayquaza|Extreme Speed|p2b: Luvdisc\n|-damage|p2b: Luvdisc|23/248\n|move|p1b: Sudowoodo|Sucker Punch|p2b: Luvdisc\n|-damage|p2b: Luvdisc|0 fnt\n|faint|p2b: Luvdisc\n|-damage|p1b: Sudowoodo|0 fnt|[from] item: Life Orb\n|faint|p1b: Sudowoodo\n|move|p2a: Cobalion|Body Press|p1a: Rayquaza\n|-resisted|p1a: Rayquaza\n|-damage|p1a: Rayquaza|0 fnt\n|faint|p1a: Rayquaza\n|\n|upkeep\n|\n|t:|1770639457\n|switch|p2b: Ogerpon|Ogerpon-Cornerstone, L75, F|244/244\n|switch|p1a: Darkrai|Darkrai, L80, tera:Poison|219/243\n|switch|p1b: Gallade|Gallade, L80, M|78/240\n|turn|10\n|inactive|marco365 has 90 seconds left.\n|\n|t:|1770639489\n|-terastallize|p2a: Cobalion|Flying\n|move|p2b: Ogerpon|Spiky Shield|p2b: Ogerpon\n|-singleturn|p2b: Ogerpon|move: Protect\n|move|p1a: Darkrai|Dark Pulse|p2a: Cobalion\n|-damage|p2a: Cobalion|96/273\n|-ability|p2a: Cobalion|Justified|boost\n|-boost|p2a: Cobalion|atk|1\n|-damage|p1a: Darkrai|195/243|[from] item: Life Orb\n|cant|p2a: Cobalion|flinch\n|move|p1b: Gallade|Sacred Sword|p2b: Ogerpon\n|-activate|p2b: Ogerpon|move: Protect\n|-damage|p1b: Gallade|48/240|[from] Spiky Shield|[of] p2b: Ogerpon\n|\n|upkeep\n|turn|11\n|\n|t:|1770639512\n|move|p1a: Darkrai|Sludge Bomb|p2a: Cobalion\n|-damage|p2a: Cobalion|0 fnt\n|faint|p2a: Cobalion\n|-damage|p1a: Darkrai|171/243|[from] item: Life Orb\n|move|p2b: Ogerpon|Ivy Cudgel|p1b: Gallade|[anim] Ivy Cudgel Rock\n|-resisted|p1b: Gallade\n|-damage|p1b: Gallade|0 fnt\n|faint|p1b: Gallade\n|\n|upkeep\n|turn|12\n|inactive|marco365 has 90 seconds left.\n|\n|t:|1770639525\n|move|p1a: Darkrai|Sludge Bomb|p2b: Ogerpon\n|-damage|p2b: Ogerpon|79/244\n|-damage|p1a: Darkrai|147/243|[from] item: Life Orb\n|move|p2b: Ogerpon|Ivy Cudgel|p1a: Darkrai|[anim] Ivy Cudgel Rock\n|-damage|p1a: Darkrai|29/243\n|\n|upkeep\n|turn|13\n|\n|t:|1770639533\n|move|p1a: Darkrai|Sludge Bomb|p2b: Ogerpon\n|-crit|p2b: Ogerpon\n|-damage|p2b: Ogerpon|0 fnt\n|faint|p2b: Ogerpon\n|-damage|p1a: Darkrai|5/243|[from] item: Life Orb\n|\n|win|marco365\n|raw|marco365's rating: 1726 &rarr; <strong>1743</strong><br />(+17 for winning)\n|raw|Jakko93's rating: 1673 &rarr; <strong>1656</strong><br />(-17 for losing)\n|l|☆Jakko93\n|player|p2|\n", "inputlog": ">version ccdc32dd7cde25fd9e4bed64820e885f66e78a4e\n>start {\"formatid\":\"gen9randomdoublesbattle\",\"seed\":\"sodium,266473da0e38b51fa7cf637af019af4d\",\"rated\":\"Rated battle\"}\n>player p1 {\"name\":\"marco365\",\"avatar\":\"lucian\",\"rating\":1726,\"seed\":\"sodium,8b039e6f68aed84c7fed1280ca9a6687\"}\n>player p2 {\"name\":\"Jakko93\",\"avatar\":\"266\",\"rating\":1673,\"seed\":\"sodium,36205892dee8886120a4b962d51e058f\"}\n>p1 move sacredsword +1, switch 6\n>p2 switch 5, move energyball +2\n>p1 move swordsdance, move swordsdance\n>p2 switch 5, move heatwave\n>p1 move sacredsword +1, move dragonascent +2\n>p2 switch 5, move heatwave\n>p2 switch 5, switch 4\n>p1 switch 4, switch 6\n>p2 move knockoff +1, move icywind\n>p1 switch 3, pass\n>p1 move sludgebomb +1, move knockoff +2\n>p2 switch 3, move charm +2\n>p1 move sludgebomb +2 terastallize, move knockoff +1\n>p2 move irondefense, switch 3\n>p1 switch 6, move knockoff +2\n>p2 move bodypress +2, move highhorsepower +1\n>p1 pass, switch 5\n>p1 move swordsdance, move woodhammer +2\n>p2 move bodypress +2, move knockoff +1\n>p2 pass, switch 3\n>p1 move extremespeed +2, move suckerpunch +2\n>p2 move bodypress +1, move icywind\n>p1 switch 6, switch 4\n>p2 pass, switch 6\n>p1 move darkpulse +1, move sacredsword +2\n>p2 move bodypress +2 terastallize, move spikyshield\n>p1 move sludgebomb +1, move sacredsword +2\n>p2 move bodypress +2, move ivycudgel +2\n>p1 move sludgebomb +2, pass\n>p2 pass, move ivycudgel +1\n>p1 move sludgebomb +2, pass\n>p2 pass, move ivycudgel +1", "uploadtime": 1770639542, "views": 71, "formatid": "gen9randomdoublesbattle", "rating": 1656, "private": 0, "password": null}