{"id": "gen9randomdoublesbattle-2540433847", "format": "[Gen 9] Random Doubles Battle", "players": ["candahealthy", "bonjovswe"], "log": "|j|☆candahealthy\n|j|☆bonjovswe\n|t:|1771201507\n|gametype|doubles\n|player|p1|candahealthy|2|1715\n|player|p2|bonjovswe|dahlia|1804\n|gen|9\n|tier|[Gen 9] Random Doubles Battle\n|rated|\n|rule|Species Clause: Limit one of each Pokémon\n|rule|HP Percentage Mod: HP is shown in percentages\n|rule|Illusion Level Mod: Illusion disguises the Pokémon's true level\n|rule|Sleep Clause Mod: Limit one foe put to sleep\n|\n|t:|1771201507\n|teamsize|p1|6\n|teamsize|p2|6\n|start\n|switch|p1a: Abomasnow|Abomasnow, L81, F|278/278\n|switch|p1b: Palossand|Palossand, L90, F|299/299\n|switch|p2a: Komala|Komala, L92, M|269/269\n|switch|p2b: Flareon|Flareon, L90, M|263/263\n|-ability|p2a: Komala|Comatose\n|-weather|Snowscape|[from] ability: Snow Warning|[of] p1a: Abomasnow\n|turn|1\n|inactive|Battle timer is ON: inactive players will automatically lose when time's up. (requested by bonjovswe)\n|\n|t:|1771201525\n|-terastallize|p1a: Abomasnow|Water\n|move|p2a: Komala|Wood Hammer|p1b: Palossand\n|-supereffective|p1b: Palossand\n|-crit|p1b: Palossand\n|-damage|p1b: Palossand|11/299\n|-enditem|p1b: Palossand|Sitrus Berry|[eat]\n|-heal|p1b: Palossand|85/299|[from] item: Sitrus Berry\n|-damage|p2a: Komala|174/269|[from] Recoil\n|move|p2b: Flareon|Flare Blitz|p1a: Abomasnow\n|-resisted|p1a: Abomasnow\n|-damage|p1a: Abomasnow|173/278\n|-status|p1a: Abomasnow|brn\n|-damage|p2b: Flareon|228/263|[from] Recoil\n|move|p1a: Abomasnow|Aurora Veil|p1a: Abomasnow\n|-sidestart|p1: candahealthy|move: Aurora Veil\n|move|p1b: Palossand|Stealth Rock|p2b: Flareon\n|-sidestart|p2: bonjovswe|move: Stealth Rock\n|\n|-weather|Snowscape|[upkeep]\n|-damage|p1a: Abomasnow|156/278 brn|[from] brn\n|-status|p2b: Flareon|tox|[from] item: Toxic Orb\n|upkeep\n|turn|2\n|\n|t:|1771201542\n|move|p2a: Komala|Wood Hammer|p1a: Abomasnow\n|-supereffective|p1a: Abomasnow\n|-damage|p1a: Abomasnow|0 fnt\n|faint|p1a: Abomasnow\n|-damage|p2a: Komala|123/269|[from] Recoil\n|move|p2b: Flareon|Flare Blitz|p1b: Palossand\n|-damage|p1b: Palossand|0 fnt\n|faint|p1b: Palossand\n|-damage|p2b: Flareon|200/263 tox|[from] Recoil\n|\n|-weather|Snowscape|[upkeep]\n|-damage|p2b: Flareon|184/263 tox|[from] psn\n|upkeep\n|\n|t:|1771201556\n|switch|p1a: Qwilfish|Qwilfish, L87, M|255/255\n|switch|p1b: Carbink|Carbink, L88|231/231\n|-ability|p1a: Qwilfish|Intimidate|boost\n|-unboost|p2a: Komala|atk|1\n|-unboost|p2b: Flareon|atk|1\n|turn|3\n|\n|t:|1771201583\n|switch|p2b: Torkoal|Torkoal, L86, M|261/261\n|-damage|p2b: Torkoal|196/261|[from] Stealth Rock\n|-weather|SunnyDay|[from] ability: Drought|[of] p2b: Torkoal\n|move|p1a: Qwilfish|Toxic Spikes|p2b: Torkoal\n|-sidestart|p2: bonjovswe|move: Toxic Spikes\n|move|p2a: Komala|Rapid Spin|p1a: Qwilfish\n|-damage|p1a: Qwilfish|223/255\n|-boost|p2a: Komala|spe|1\n|-sideend|p2: bonjovswe|Toxic Spikes|[from] move: Rapid Spin|[of] p2a: Komala\n|-sideend|p2: bonjovswe|Stealth Rock|[from] move: Rapid Spin|[of] p2a: Komala\n|move|p1b: Carbink|Iron Defense|p1b: Carbink\n|-boost|p1b: Carbink|def|2\n|\n|-weather|SunnyDay|[upkeep]\n|upkeep\n|turn|4\n|\n|t:|1771201612\n|move|p2a: Komala|Double-Edge|p1a: Qwilfish\n|-damage|p1a: Qwilfish|152/255\n|-damage|p2a: Komala|100/269|[from] Recoil\n|move|p1a: Qwilfish|Gunk Shot|p2b: Torkoal|[miss]\n|-miss|p1a: Qwilfish|p2b: Torkoal\n|move|p1b: Carbink|Body Press|p2a: Komala\n|-supereffective|p2a: Komala\n|-damage|p2a: Komala|0 fnt\n|faint|p2a: Komala\n|move|p2b: Torkoal|Will-O-Wisp|p1b: Carbink\n|-status|p1b: Carbink|brn\n|\n|-weather|SunnyDay|[upkeep]\n|-damage|p1b: Carbink|217/231 brn|[from] brn\n|upkeep\n|inactive|bonjovswe has 120 seconds left.\n|\n|t:|1771201630\n|switch|p2a: Flareon|Flareon, L90, M|184/263 tox\n|turn|5\n|\n|t:|1771201638\n|move|p1a: Qwilfish|Toxic Spikes|p2a: Flareon\n|-sidestart|p2: bonjovswe|move: Toxic Spikes\n|move|p2a: Flareon|Facade|p1a: Qwilfish\n|-damage|p1a: Qwilfish|7/255\n|-enditem|p1a: Qwilfish|Sitrus Berry|[eat]\n|-heal|p1a: Qwilfish|70/255|[from] item: Sitrus Berry\n|move|p1b: Carbink|Body Press|p2a: Flareon\n|-damage|p2a: Flareon|78/263 tox\n|move|p2b: Torkoal|Solar Beam||[still]\n|-prepare|p2b: Torkoal|Solar Beam\n|-anim|p2b: Torkoal|Solar Beam|p1b: Carbink\n|-supereffective|p1b: Carbink\n|-damage|p1b: Carbink|148/231 brn\n|\n|-weather|SunnyDay|[upkeep]\n|-heal|p1b: Carbink|162/231 brn|[from] item: Leftovers\n|-damage|p2a: Flareon|62/263 tox|[from] psn\n|-damage|p1b: Carbink|148/231 brn|[from] brn\n|upkeep\n|turn|6\n|\n|t:|1771201660\n|move|p1a: Qwilfish|Gunk Shot|p2b: Torkoal\n|-damage|p2b: Torkoal|106/261\n|-enditem|p2b: Torkoal|Sitrus Berry|[eat]\n|-heal|p2b: Torkoal|171/261|[from] item: Sitrus Berry\n|move|p2a: Flareon|Facade|p1a: Qwilfish\n|-damage|p1a: Qwilfish|0 fnt\n|faint|p1a: Qwilfish\n|move|p1b: Carbink|Body Press|p2a: Flareon\n|-damage|p2a: Flareon|0 fnt\n|faint|p2a: Flareon\n|move|p2b: Torkoal|Solar Beam||[still]\n|-prepare|p2b: Torkoal|Solar Beam\n|-anim|p2b: Torkoal|Solar Beam|p1b: Carbink\n|-supereffective|p1b: Carbink\n|-damage|p1b: Carbink|79/231 brn\n|\n|-weather|SunnyDay|[upkeep]\n|-heal|p1b: Carbink|93/231 brn|[from] item: Leftovers\n|-damage|p1b: Carbink|79/231 brn|[from] brn\n|upkeep\n|\n|t:|1771201676\n|switch|p1a: Raging Bolt|Raging Bolt, L77|319/319\n|switch|p2a: Hitmonchan|Hitmonchan, L90, M|236/236\n|-status|p2a: Hitmonchan|psn\n|-activate|p1a: Raging Bolt|ability: Protosynthesis\n|-start|p1a: Raging Bolt|protosynthesisspa\n|turn|7\n|\n|t:|1771201685\n|move|p2a: Hitmonchan|Fake Out|p1a: Raging Bolt\n|-damage|p1a: Raging Bolt|294/319\n|cant|p1a: Raging Bolt|flinch\n|move|p1b: Carbink|Moonblast|p2a: Hitmonchan\n|-supereffective|p2a: Hitmonchan\n|-damage|p2a: Hitmonchan|122/236 psn\n|move|p2b: Torkoal|Solar Beam||[still]\n|-prepare|p2b: Torkoal|Solar Beam\n|-anim|p2b: Torkoal|Solar Beam|p1b: Carbink\n|-supereffective|p1b: Carbink\n|-damage|p1b: Carbink|16/231 brn\n|\n|-weather|none\n|-end|p1a: Raging Bolt|Protosynthesis\n|-heal|p1b: Carbink|30/231 brn|[from] item: Leftovers\n|-damage|p2a: Hitmonchan|93/236 psn|[from] psn\n|-damage|p1b: Carbink|16/231 brn|[from] brn\n|upkeep\n|-enditem|p2a: Hitmonchan|Sitrus Berry|[eat]\n|-heal|p2a: Hitmonchan|152/236 psn|[from] item: Sitrus Berry\n|turn|8\n|\n|t:|1771201705\n|move|p2a: Hitmonchan|Knock Off|p1a: Raging Bolt\n|-damage|p1a: Raging Bolt|239/319\n|-enditem|p1a: Raging Bolt|Life Orb|[from] move: Knock Off|[of] p2a: Hitmonchan\n|move|p1a: Raging Bolt|Thunderbolt|p2a: Hitmonchan\n|-damage|p2a: Hitmonchan|61/236 psn\n|move|p1b: Carbink|Moonblast|p2a: Hitmonchan\n|-supereffective|p2a: Hitmonchan\n|-damage|p2a: Hitmonchan|0 fnt\n|faint|p2a: Hitmonchan\n|move|p2b: Torkoal|Heat Wave|p1b: Carbink|[spread] p1a,p1b\n|-resisted|p1a: Raging Bolt\n|-resisted|p1b: Carbink\n|-damage|p1a: Raging Bolt|212/319\n|-damage|p1b: Carbink|0 fnt\n|faint|p1b: Carbink\n|\n|-sideend|p1: candahealthy|move: Aurora Veil\n|upkeep\n|inactive|candahealthy has 120 seconds left.\n|\n|t:|1771201720\n|switch|p2a: Rayquaza|Rayquaza, L75|281/281\n|switch|p1b: Shiftry|Shiftry, L84, M|288/288\n|-ability|p2a: Rayquaza|Air Lock\n|turn|9\n|inactive|candahealthy has 120 seconds left.\n|\n|t:|1771201760\n|-terastallize|p2a: Rayquaza|Normal\n|move|p1b: Shiftry|Fake Out|p2b: Torkoal\n|-damage|p2b: Torkoal|150/261\n|move|p2a: Rayquaza|Dragon Ascent|p1b: Shiftry\n|-supereffective|p1b: Shiftry\n|-damage|p1b: Shiftry|0 fnt\n|-unboost|p2a: Rayquaza|def|1\n|-unboost|p2a: Rayquaza|spd|1\n|faint|p1b: Shiftry\n|-damage|p2a: Rayquaza|253/281|[from] item: Life Orb\n|move|p1a: Raging Bolt|Draco Meteor|p2a: Rayquaza\n|-crit|p2a: Rayquaza\n|-damage|p2a: Rayquaza|0 fnt\n|-unboost|p1a: Raging Bolt|spa|2\n|faint|p2a: Rayquaza\n|cant|p2b: Torkoal|flinch\n|\n|upkeep\n|\n|t:|1771201767\n|switch|p2a: Lumineon|Lumineon, L92, F|276/276\n|-status|p2a: Lumineon|psn\n|turn|10\n|\n|t:|1771201775\n|move|p2a: Lumineon|Encore|p1a: Raging Bolt\n|-start|p1a: Raging Bolt|Encore\n|move|p1a: Raging Bolt|Draco Meteor|p2b: Torkoal\n|-damage|p2b: Torkoal|60/261\n|-unboost|p1a: Raging Bolt|spa|2\n|move|p2b: Torkoal|Will-O-Wisp|p1a: Raging Bolt|[miss]\n|-miss|p2b: Torkoal|p1a: Raging Bolt\n|\n|-damage|p2a: Lumineon|242/276 psn|[from] psn\n|upkeep\n|turn|11\n|\n|t:|1771201782\n|move|p2a: Lumineon|Hydro Pump|p1a: Raging Bolt\n|-resisted|p1a: Raging Bolt\n|-damage|p1a: Raging Bolt|152/319\n|move|p1a: Raging Bolt|Draco Meteor|p2b: Torkoal\n|-damage|p2b: Torkoal|0 fnt\n|-unboost|p1a: Raging Bolt|spa|2\n|faint|p2b: Torkoal\n|\n|-damage|p2a: Lumineon|208/276 psn|[from] psn\n|upkeep\n|turn|12\n|\n|t:|1771201789\n|move|p2a: Lumineon|Hydro Pump|p1a: Raging Bolt|[miss]\n|-miss|p2a: Lumineon|p1a: Raging Bolt\n|move|p1a: Raging Bolt|Draco Meteor|p2a: Lumineon\n|-damage|p2a: Lumineon|171/276 psn\n|\n|-damage|p2a: Lumineon|137/276 psn|[from] psn\n|-end|p1a: Raging Bolt|Encore\n|upkeep\n|-enditem|p2a: Lumineon|Sitrus Berry|[eat]\n|-heal|p2a: Lumineon|206/276 psn|[from] item: Sitrus Berry\n|turn|13\n|\n|t:|1771201797\n|move|p1a: Raging Bolt|Protect|p1a: Raging Bolt\n|-singleturn|p1a: Raging Bolt|Protect\n|move|p2a: Lumineon|Encore|p1a: Raging Bolt\n|-activate|p1a: Raging Bolt|move: Protect\n|\n|-damage|p2a: Lumineon|172/276 psn|[from] psn\n|upkeep\n|turn|14\n|\n|t:|1771201809\n|move|p2a: Lumineon|Encore|p1a: Raging Bolt\n|-start|p1a: Raging Bolt|Encore\n|move|p1a: Raging Bolt|Protect||[still]\n|-fail|p1a: Raging Bolt\n|\n|-damage|p2a: Lumineon|138/276 psn|[from] psn\n|upkeep\n|turn|15\n|\n|t:|1771201820\n|move|p1a: Raging Bolt|Protect|p1a: Raging Bolt\n|-singleturn|p1a: Raging Bolt|Protect\n|move|p2a: Lumineon|Hydro Pump|p1a: Raging Bolt\n|-activate|p1a: Raging Bolt|move: Protect\n|\n|-damage|p2a: Lumineon|104/276 psn|[from] psn\n|upkeep\n|turn|16\n|c|☆candahealthy|cucked\n|\n|t:|1771201828\n|move|p1a: Raging Bolt|Protect||[still]\n|-fail|p1a: Raging Bolt\n|move|p2a: Lumineon|Hydro Pump|p1a: Raging Bolt\n|-resisted|p1a: Raging Bolt\n|-damage|p1a: Raging Bolt|96/319\n|\n|-damage|p2a: Lumineon|70/276 psn|[from] psn\n|-end|p1a: Raging Bolt|Encore\n|upkeep\n|turn|17\n|\n|t:|1771201838\n|move|p1a: Raging Bolt|Protect|p1a: Raging Bolt\n|-singleturn|p1a: Raging Bolt|Protect\n|move|p2a: Lumineon|Hydro Pump|p1a: Raging Bolt\n|-activate|p1a: Raging Bolt|move: Protect\n|\n|-damage|p2a: Lumineon|36/276 psn|[from] psn\n|upkeep\n|turn|18\n|c|☆bonjovswe|I can't do enough damage in time\n|\n|t:|1771201849\n|move|p1a: Raging Bolt|Protect|p1a: Raging Bolt\n|-singleturn|p1a: Raging Bolt|Protect\n|move|p2a: Lumineon|Hydro Pump|p1a: Raging Bolt\n|-activate|p1a: Raging Bolt|move: Protect\n|\n|-damage|p2a: Lumineon|2/276 psn|[from] psn\n|upkeep\n|turn|19\n|\n|t:|1771201856\n|move|p1a: Raging Bolt|Thunderclap|p2a: Lumineon\n|-supereffective|p2a: Lumineon\n|-crit|p2a: Lumineon\n|-damage|p2a: Lumineon|0 fnt\n|faint|p2a: Lumineon\n|\n|win|candahealthy\n|raw|candahealthy's rating: 1715 &rarr; <strong>1740</strong><br />(+25 for winning)\n|raw|bonjovswe's rating: 1804 &rarr; <strong>1779</strong><br />(-25 for losing)\n|l|☆bonjovswe\n|player|p2|\n|c|☆candahealthy|yeah\n", "inputlog": ">version 686819e5e19f8a7fd2345cfc5a08a5085efa2cc3\n>start {\"formatid\":\"gen9randomdoublesbattle\",\"seed\":\"sodium,3b5960af193cedf5c18a1ca1cb859af0\",\"rated\":\"Rated battle\"}\n>player p1 {\"name\":\"candahealthy\",\"avatar\":\"2\",\"rating\":1715,\"seed\":\"sodium,b8779afd3e3eb85fd25add93d8bd20da\"}\n>player p2 {\"name\":\"bonjovswe\",\"avatar\":\"dahlia\",\"rating\":1804,\"seed\":\"sodium,e2b2e238d4157645a92af96284863ecf\"}\n>p1 move auroraveil terastallize, move stealthrock\n>p2 move woodhammer +2, move flareblitz +1\n>p1 move blizzard, move earthpower +2\n>p2 move woodhammer +1, move flareblitz +2\n>p1 switch 5, switch 3\n>p1 move toxicspikes, move irondefense\n>p2 move rapidspin +1, switch 3\n>p1 move gunkshot +2, move bodypress +1\n>p2 move doubleedge +1, move willowisp +2\n>p2 switch 3, pass\n>p1 move toxicspikes, move bodypress +1\n>p2 move facade +1, move solarbeam +2\n>p1 move gunkshot +2, move bodypress +1\n>p2 move facade +1, move solarbeam +2\n>p1 switch 4, pass\n>p2 switch 5, pass\n>p1 move thunderbolt +1, move moonblast +1\n>p2 move fakeout +1, move solarbeam +2\n>p1 move thunderbolt +1, move moonblast +1\n>p2 move knockoff +1, move heatwave\n>p1 pass, switch 6\n>p2 switch 4, pass\n>p1 move dracometeor +1, move fakeout +2\n>p2 move dragonascent +2 terastallize, move willowisp +2\n>p2 switch 6, pass\n>p1 move thunderbolt +1, pass\n>p2 move encore +1, move willowisp +1\n>p1 move dracometeor +2, pass\n>p2 move hydropump +1, move heatwave\n>p1 move dracometeor +1, pass\n>p2 move hydropump +1, pass\n>p1 move protect, pass\n>p2 move encore +1, pass\n>p1 move thunderbolt +1, pass\n>p2 move encore +1, pass\n>p1 move protect, pass\n>p2 move hydropump +1, pass\n>chat ☆candahealthy|cucked\n>p1 move protect, pass\n>p2 move hydropump +1, pass\n>p1 move protect, pass\n>p2 move hydropump +1, pass\n>chat ☆bonjovswe|I can't do enough damage in time\n>p1 move protect, pass\n>p2 move hydropump +1, pass\n>p1 move thunderclap +1, pass\n>p2 move hydropump +1, pass", "uploadtime": 1771201874, "views": 55, "formatid": "gen9randomdoublesbattle", "rating": 1740, "private": 0, "password": null}