{"id": "gen9randomdoublesbattle-2535923834", "format": "[Gen 9] Random Doubles Battle", "players": ["lugo98", "Moonlight Flutter"], "log": "|j|☆lugo98\n|j|☆Moonlight Flutter\n|t:|1770633231\n|gametype|doubles\n|player|p1|lugo98|palmer|1881\n|player|p2|Moonlight Flutter|dawn-masters3|1873\n|gen|9\n|tier|[Gen 9] Random Doubles Battle\n|rated|\n|rule|Species Clause: Limit one of each Pokémon\n|rule|HP Percentage Mod: HP is shown in percentages\n|rule|Illusion Level Mod: Illusion disguises the Pokémon's true level\n|rule|Sleep Clause Mod: Limit one foe put to sleep\n|\n|t:|1770633231\n|teamsize|p1|6\n|teamsize|p2|6\n|start\n|switch|p1a: Honchkrow|Honchkrow, L85, M|309/309\n|switch|p1b: Cobalion|Cobalion, L79|273/273\n|switch|p2a: Necrozma|Necrozma-Dawn-Wings, L74|266/266\n|switch|p2b: Ursaluna|Ursaluna-Bloodmoon, L78, M|304/304\n|turn|1\n|\n|t:|1770633286\n|switch|p2b: Dachsbun|Dachsbun, L90, F|249/249\n|switch|p2a: Diancie|Diancie, L77|204/204\n|-terastallize|p1a: Honchkrow|Flying\n|move|p1b: Cobalion|Heavy Slam|p2a: Diancie\n|-supereffective|p2a: Diancie\n|-damage|p2a: Diancie|0 fnt\n|faint|p2a: Diancie\n|move|p1a: Honchkrow|Brave Bird|p2b: Dachsbun\n|-damage|p2b: Dachsbun|46/249\n|-enditem|p2b: Dachsbun|Sitrus Berry|[eat]\n|-heal|p2b: Dachsbun|108/249|[from] item: Sitrus Berry\n|-damage|p1a: Honchkrow|242/309|[from] Recoil\n|-damage|p1a: Honchkrow|212/309|[from] item: Life Orb\n|\n|upkeep\n|\n|t:|1770633312\n|switch|p2a: Samurott|Samurott, L89, F|314/314\n|turn|2\n|\n|t:|1770633353\n|move|p1a: Honchkrow|Protect|p1a: Honchkrow\n|-singleturn|p1a: Honchkrow|Protect\n|move|p2b: Dachsbun|Body Press|p1b: Cobalion\n|-supereffective|p1b: Cobalion\n|-damage|p1b: Cobalion|145/273\n|move|p1b: Cobalion|Heavy Slam|p2b: Dachsbun\n|-supereffective|p2b: Dachsbun\n|-damage|p2b: Dachsbun|0 fnt\n|faint|p2b: Dachsbun\n|move|p2a: Samurott|Sacred Sword|p1b: Cobalion\n|-supereffective|p1b: Cobalion\n|-damage|p1b: Cobalion|21/273\n|\n|-heal|p1b: Cobalion|38/273|[from] item: Leftovers\n|upkeep\n|\n|t:|1770633377\n|switch|p2b: Tatsugiri|Tatsugiri, L84, F|251/251\n|turn|3\n|\n|t:|1770633389\n|move|p1a: Honchkrow|Sucker Punch|p2b: Tatsugiri\n|-damage|p2b: Tatsugiri|98/251\n|-damage|p1a: Honchkrow|182/309|[from] item: Life Orb\n|move|p2b: Tatsugiri|Muddy Water|p1b: Cobalion|[spread] p1a,p1b\n|-damage|p1a: Honchkrow|58/309\n|-damage|p1b: Cobalion|0 fnt\n|faint|p1b: Cobalion\n|move|p2a: Samurott|Flip Turn|p2b: Tatsugiri\n|-activate|p2b: Tatsugiri|ability: Storm Drain\n|-ability|p2b: Tatsugiri|Storm Drain|boost\n|-boost|p2b: Tatsugiri|spa|1\n|\n|upkeep\n|\n|t:|1770633398\n|switch|p1b: Blaziken|Blaziken, L79, M|256/256\n|turn|4\n|\n|t:|1770633412\n|switch|p2b: Necrozma|Necrozma-Dawn-Wings, L74|266/266\n|move|p1b: Blaziken|Protect|p1b: Blaziken\n|-singleturn|p1b: Blaziken|Protect\n|move|p1a: Honchkrow|Sucker Punch|p2a: Samurott\n|-damage|p2a: Samurott|200/314\n|-damage|p1a: Honchkrow|28/309|[from] item: Life Orb\n|move|p2a: Samurott|Hydro Pump|p1b: Blaziken\n|-activate|p1b: Blaziken|move: Protect\n|\n|-ability|p1b: Blaziken|Speed Boost|boost\n|-boost|p1b: Blaziken|spe|1\n|upkeep\n|turn|5\n|\n|t:|1770633428\n|move|p1b: Blaziken|Heat Wave|p2a: Samurott|[spread] p2a,p2b\n|-resisted|p2a: Samurott\n|-damage|p2a: Samurott|166/314\n|-damage|p2b: Necrozma|188/266\n|-damage|p1b: Blaziken|231/256|[from] item: Life Orb\n|move|p2a: Samurott|Knock Off|p1a: Honchkrow\n|-damage|p1a: Honchkrow|0 fnt\n|-enditem|p1a: Honchkrow|Life Orb|[from] move: Knock Off|[of] p2a: Samurott\n|faint|p1a: Honchkrow\n|move|p2b: Necrozma|Trick Room|p2b: Necrozma\n|-fieldstart|move: Trick Room|[of] p2b: Necrozma\n|\n|-ability|p1b: Blaziken|Speed Boost|boost\n|-boost|p1b: Blaziken|spe|1\n|upkeep\n|\n|t:|1770633436\n|switch|p1a: Indeedee|Indeedee-F, L91, F|275/275\n|-fieldstart|move: Psychic Terrain|[from] ability: Psychic Surge|[of] p1a: Indeedee\n|turn|6\n|\n|t:|1770633451\n|move|p1a: Indeedee|Follow Me|p1a: Indeedee\n|-singleturn|p1a: Indeedee|move: Follow Me\n|move|p2b: Necrozma|Photon Geyser|p1a: Indeedee\n|-resisted|p1a: Indeedee\n|-damage|p1a: Indeedee|198/275\n|-damage|p2b: Necrozma|162/266|[from] item: Life Orb\n|move|p2a: Samurott|Knock Off|p1a: Indeedee\n|-supereffective|p1a: Indeedee\n|-damage|p1a: Indeedee|16/275\n|-enditem|p1a: Indeedee|Sitrus Berry|[from] move: Knock Off|[of] p2a: Samurott\n|move|p1b: Blaziken|Heat Wave|p2a: Samurott|[spread] p2b\n|-miss|p1b: Blaziken|p2a: Samurott\n|-damage|p2b: Necrozma|79/266\n|-damage|p1b: Blaziken|206/256|[from] item: Life Orb\n|\n|-ability|p1b: Blaziken|Speed Boost|boost\n|-boost|p1b: Blaziken|spe|1\n|upkeep\n|turn|7\n|\n|t:|1770633476\n|move|p1b: Blaziken|Protect|p1b: Blaziken\n|-singleturn|p1b: Blaziken|Protect\n|move|p2b: Necrozma|Photon Geyser|p1b: Blaziken\n|-activate|p1b: Blaziken|move: Protect\n|move|p2a: Samurott|Flip Turn|p1a: Indeedee\n|-damage|p1a: Indeedee|0 fnt\n|faint|p1a: Indeedee\n|\n|t:|1770633482\n|switch|p2a: Ursaluna|Ursaluna-Bloodmoon, L78, M|304/304|[from] Flip Turn\n|\n|-ability|p1b: Blaziken|Speed Boost|boost\n|-boost|p1b: Blaziken|spe|1\n|upkeep\n|\n|t:|1770633487\n|switch|p1a: Maushold|Maushold, L79|247/247\n|turn|8\n|\n|t:|1770633495\n|switch|p1b: Rotom|Rotom-Heat, L84|221/221\n|move|p1a: Maushold|Protect|p1a: Maushold\n|-singleturn|p1a: Maushold|Protect\n|move|p2b: Necrozma|Photon Geyser|p1b: Rotom\n|-damage|p1b: Rotom|30/221\n|-enditem|p1b: Rotom|Sitrus Berry|[eat]\n|-heal|p1b: Rotom|85/221|[from] item: Sitrus Berry\n|-damage|p2b: Necrozma|53/266|[from] item: Life Orb\n|move|p2a: Ursaluna|Blood Moon|p1a: Maushold\n|-activate|p1a: Maushold|move: Protect\n|\n|upkeep\n|turn|9\n|\n|t:|1770633513\n|move|p2b: Necrozma|Photon Geyser|p1a: Maushold\n|-damage|p1a: Maushold|0 fnt\n|faint|p1a: Maushold\n|-damage|p2b: Necrozma|27/266|[from] item: Life Orb\n|move|p2a: Ursaluna|Hyper Voice|p1b: Rotom\n|-crit|p1b: Rotom\n|-damage|p1b: Rotom|0 fnt\n|faint|p1b: Rotom\n|\n|-fieldend|move: Trick Room\n|upkeep\n|-message|lugo98 forfeited.\n|\n|win|Moonlight Flutter\n|raw|lugo98's rating: 1881 &rarr; <strong>1861</strong><br />(-20 for losing)\n|raw|Moonlight Flutter's rating: 1873 &rarr; <strong>1893</strong><br />(+20 for winning)\n|l|☆lugo98\n|player|p1|\n", "inputlog": ">version ccdc32dd7cde25fd9e4bed64820e885f66e78a4e\n>start {\"formatid\":\"gen9randomdoublesbattle\",\"seed\":\"sodium,f0917193ca090d5a89cbef8009f009d5\",\"rated\":\"Rated battle\"}\n>player p1 {\"name\":\"lugo98\",\"avatar\":\"palmer\",\"rating\":1881,\"seed\":\"sodium,33e5e5a6d2cd966d67fc8141318b972a\"}\n>player p2 {\"name\":\"Moonlight Flutter\",\"avatar\":\"dawn-masters3\",\"rating\":1873,\"seed\":\"sodium,0f619c0256054bc9f570f4e84b19edf2\"}\n>p1 move bravebird +1 terastallize, move heavyslam +1\n>p2 switch 5, switch 6\n>p2 switch 4, pass\n>p1 move protect, move heavyslam +2\n>p2 move sacredsword +2, move bodypress +2\n>p2 pass, switch 3\n>p1 move suckerpunch +2, move bodypress +2\n>p2 move flipturn +1, move muddywater\n>p1 pass, switch 3\n>p1 move suckerpunch +1, move protect\n>p2 move hydropump +2, switch 5\n>p1 move bravebird +2, move heatwave\n>p2 move knockoff +1, move trickroom\n>p1 switch 4, pass\n>p1 move followme, move heatwave\n>p2 move knockoff +1, move photongeyser +2\n>p1 move psychic +2, move protect\n>p2 move flipturn +1, move photongeyser +2\n>p2 switch 6, pass\n>p1 switch 6, pass\n>p1 move protect, switch 5\n>p2 move bloodmoon +1, move photongeyser +2\n>p1 move tidyup, move voltswitch +2\n>p2 move hypervoice, move photongeyser +1\n>forcelose p1", "uploadtime": 1770633528, "views": 66, "formatid": "gen9randomdoublesbattle", "rating": 1861, "private": 0, "password": null}