{"id": "gen9randomdoublesbattle-2536055012", "format": "[Gen 9] Random Doubles Battle", "players": ["kalsonofjor", "ElectricBlue26"], "log": "|j|☆kalsonofjor\n|j|☆ElectricBlue26\n|t:|1770649959\n|gametype|doubles\n|player|p1|kalsonofjor|2|1819\n|player|p2|ElectricBlue26|169|1722\n|gen|9\n|tier|[Gen 9] Random Doubles Battle\n|rated|\n|rule|Species Clause: Limit one of each Pokémon\n|rule|HP Percentage Mod: HP is shown in percentages\n|rule|Illusion Level Mod: Illusion disguises the Pokémon's true level\n|rule|Sleep Clause Mod: Limit one foe put to sleep\n|\n|t:|1770649959\n|teamsize|p1|6\n|teamsize|p2|6\n|start\n|switch|p1a: Golurk|Golurk, L86|293/293\n|switch|p1b: Tropius|Tropius, L94, F|339/339\n|switch|p2a: Hitmontop|Hitmontop, L88, M|231/231\n|switch|p2b: Kingdra|Kingdra, L85, F|266/266\n|-ability|p2a: Hitmontop|Intimidate|boost\n|-unboost|p1a: Golurk|atk|1\n|-unboost|p1b: Tropius|atk|1\n|turn|1\n|inactive|Battle timer is ON: inactive players will automatically lose when time's up. (requested by ElectricBlue26)\n|\n|t:|1770649985\n|switch|p1b: Toxapex|Toxapex, L92, M|241/241\n|switch|p1a: Skuntank|Skuntank, L85, F|314/314\n|move|p2a: Hitmontop|Fake Out|p1b: Toxapex\n|-damage|p1b: Toxapex|223/241\n|move|p2b: Kingdra|Rain Dance|p2b: Kingdra\n|-weather|RainDance\n|\n|-weather|RainDance|[upkeep]\n|-heal|p1b: Toxapex|238/241|[from] item: Leftovers\n|upkeep\n|turn|2\n|\n|t:|1770650010\n|move|p2b: Kingdra|Wave Crash|p1a: Skuntank\n|-damage|p1a: Skuntank|6/314\n|-damage|p2b: Kingdra|164/266|[from] Recoil\n|-damage|p2b: Kingdra|138/266|[from] item: Life Orb\n|move|p1a: Skuntank|Gunk Shot|p2b: Kingdra\n|-damage|p2b: Kingdra|0 fnt\n|faint|p2b: Kingdra\n|-damage|p1a: Skuntank|0 fnt|[from] item: Life Orb\n|faint|p1a: Skuntank\n|move|p2a: Hitmontop|Close Combat|p1b: Toxapex\n|-resisted|p1b: Toxapex\n|-damage|p1b: Toxapex|196/241\n|-unboost|p2a: Hitmontop|def|1\n|-unboost|p2a: Hitmontop|spd|1\n|move|p1b: Toxapex|Toxic|p2a: Hitmontop\n|-status|p2a: Hitmontop|tox\n|\n|-weather|RainDance|[upkeep]\n|-heal|p1b: Toxapex|211/241|[from] item: Leftovers\n|-damage|p2a: Hitmontop|217/231 tox|[from] psn\n|upkeep\n|inactive|kalsonofjor has 120 seconds left.\n|inactive|ElectricBlue26 has 120 seconds left.\n|\n|t:|1770650050\n|switch|p2b: Noctowl|Noctowl, L91, F|330/330\n|switch|p1a: Tropius|Tropius, L94, F|339/339\n|turn|3\n|inactive|ElectricBlue26 has 120 seconds left.\n|inactive|kalsonofjor has 120 seconds left.\n|\n|t:|1770650085\n|switch|p2a: Regice|Regice, L84|272/272\n|-terastallize|p1a: Tropius|Steel\n|move|p2b: Noctowl|Tailwind|p2b: Noctowl\n|-sidestart|p2: ElectricBlue26|move: Tailwind\n|move|p1a: Tropius|Tailwind|p1a: Tropius\n|-sidestart|p1: kalsonofjor|move: Tailwind\n|move|p1b: Toxapex|Infestation|p2a: Regice\n|-damage|p2a: Regice|266/272\n|-activate|p2a: Regice|move: Infestation|[of] p1b: Toxapex\n|\n|-weather|RainDance|[upkeep]\n|-heal|p1b: Toxapex|226/241|[from] item: Leftovers\n|-damage|p2a: Regice|232/272|[from] move: Infestation|[partiallytrapped]\n|upkeep\n|turn|4\n|inactive|kalsonofjor has 120 seconds left.\n|\n|t:|1770650101\n|move|p2b: Noctowl|Hyper Voice|p1a: Tropius|[spread] p1a,p1b\n|-resisted|p1a: Tropius\n|-damage|p1a: Tropius|251/339\n|-damage|p1b: Toxapex|164/241\n|-damage|p2b: Noctowl|297/330|[from] item: Life Orb\n|move|p1a: Tropius|Hurricane|p2b: Noctowl\n|-damage|p2b: Noctowl|197/330\n|move|p2a: Regice|Thunderbolt|p1b: Toxapex\n|-supereffective|p1b: Toxapex\n|-damage|p1b: Toxapex|76/241\n|move|p1b: Toxapex|Toxic|p2b: Noctowl\n|-status|p2b: Noctowl|tox\n|\n|-weather|RainDance|[upkeep]\n|-heal|p1b: Toxapex|91/241|[from] item: Leftovers\n|-damage|p2b: Noctowl|177/330 tox|[from] psn\n|-damage|p2a: Regice|198/272|[from] move: Infestation|[partiallytrapped]\n|upkeep\n|turn|5\n|inactive|ElectricBlue26 has 120 seconds left.\n|\n|t:|1770650125\n|move|p1b: Toxapex|Baneful Bunker|p1b: Toxapex\n|-singleturn|p1b: Toxapex|move: Protect\n|move|p2b: Noctowl|Hyper Voice|p1a: Tropius|[spread] p1a\n|-activate|p1b: Toxapex|move: Protect\n|-resisted|p1a: Tropius\n|-damage|p1a: Tropius|165/339\n|-enditem|p1a: Tropius|Sitrus Berry|[eat]\n|-heal|p1a: Tropius|249/339|[from] item: Sitrus Berry\n|-damage|p2b: Noctowl|144/330 tox|[from] item: Life Orb\n|move|p1a: Tropius|Hurricane|p2b: Noctowl\n|-damage|p2b: Noctowl|35/330 tox\n|move|p2a: Regice|Thunderbolt|p1b: Toxapex\n|-activate|p1b: Toxapex|move: Protect\n|\n|-weather|none\n|-heal|p1b: Toxapex|106/241|[from] item: Leftovers\n|-damage|p2b: Noctowl|0 fnt|[from] psn\n|faint|p2b: Noctowl\n|-damage|p2a: Regice|164/272|[from] move: Infestation|[partiallytrapped]\n|upkeep\n|\n|t:|1770650149\n|switch|p2b: Hitmontop|Hitmontop, L88, M|217/231 tox\n|-ability|p2b: Hitmontop|Intimidate|boost\n|-unboost|p1a: Tropius|atk|1\n|-unboost|p1b: Toxapex|atk|1\n|turn|6\n|inactive|ElectricBlue26 has 120 seconds left.\n|\n|t:|1770650164\n|move|p2b: Hitmontop|Fake Out|p1b: Toxapex\n|-damage|p1b: Toxapex|88/241\n|move|p1a: Tropius|Hurricane|p2b: Hitmontop\n|-supereffective|p2b: Hitmontop\n|-damage|p2b: Hitmontop|17/231 tox\n|-enditem|p2b: Hitmontop|Sitrus Berry|[eat]\n|-heal|p2b: Hitmontop|74/231 tox|[from] item: Sitrus Berry\n|move|p2a: Regice|Thunderbolt|p1b: Toxapex\n|-supereffective|p1b: Toxapex\n|-damage|p1b: Toxapex|8/241\n|cant|p1b: Toxapex|flinch\n|\n|-heal|p1b: Toxapex|23/241|[from] item: Leftovers\n|-damage|p2b: Hitmontop|60/231 tox|[from] psn\n|-damage|p2a: Regice|130/272|[from] move: Infestation|[partiallytrapped]\n|-sideend|p1: kalsonofjor|move: Tailwind\n|-sideend|p2: ElectricBlue26|move: Tailwind\n|-item|p1a: Tropius|Sitrus Berry|[from] ability: Harvest\n|upkeep\n|turn|7\n|inactive|ElectricBlue26 has 120 seconds left.\n|\n|t:|1770650203\n|switch|p1b: Volbeat|Volbeat, L82, M|241/241\n|move|p2b: Hitmontop|Close Combat|p1a: Tropius\n|-supereffective|p1a: Tropius\n|-damage|p1a: Tropius|13/339\n|-unboost|p2b: Hitmontop|def|1\n|-unboost|p2b: Hitmontop|spd|1\n|-enditem|p1a: Tropius|Sitrus Berry|[eat]\n|-heal|p1a: Tropius|97/339|[from] item: Sitrus Berry\n|move|p1a: Tropius|Energy Ball|p2b: Hitmontop\n|-damage|p2b: Hitmontop|0 fnt\n|faint|p2b: Hitmontop\n|move|p2a: Regice|Thunderbolt|p1b: Volbeat\n|-damage|p1b: Volbeat|173/241\n|\n|-end|p2a: Regice|Infestation|[partiallytrapped]\n|upkeep\n|inactive|ElectricBlue26 has 90 seconds left.\n|\n|t:|1770650235\n|switch|p2b: Gouging Fire|Gouging Fire, L75|281/281\n|turn|8\n|\n|t:|1770650254\n|move|p1b: Volbeat|Tailwind|p1b: Volbeat\n|-sidestart|p1: kalsonofjor|move: Tailwind\n|move|p1a: Tropius|Hurricane|p2b: Gouging Fire\n|-damage|p2b: Gouging Fire|158/281\n|move|p2b: Gouging Fire|Heat Crash|p1a: Tropius\n|-supereffective|p1a: Tropius\n|-damage|p1a: Tropius|0 fnt\n|faint|p1a: Tropius\n|move|p2a: Regice|Thunderbolt|p1b: Volbeat\n|-damage|p1b: Volbeat|106/241\n|-status|p1b: Volbeat|par\n|-enditem|p1b: Volbeat|Sitrus Berry|[eat]\n|-heal|p1b: Volbeat|166/241 par|[from] item: Sitrus Berry\n|\n|upkeep\n|\n|t:|1770650268\n|switch|p1a: Golurk|Golurk, L86|293/293\n|turn|9\n|inactive|ElectricBlue26 has 120 seconds left.\n|inactive|ElectricBlue26 has 90 seconds left.\n|\n|t:|1770650332\n|move|p2b: Gouging Fire|Burning Bulwark|p2b: Gouging Fire\n|-singleturn|p2b: Gouging Fire|move: Protect\n|move|p2a: Regice|Protect|p2a: Regice\n|-singleturn|p2a: Regice|Protect\n|move|p1a: Golurk|Dynamic Punch|p2a: Regice\n|-activate|p2a: Regice|move: Protect\n|move|p1b: Volbeat|Lunge|p2b: Gouging Fire\n|-activate|p2b: Gouging Fire|move: Protect\n|\n|upkeep\n|turn|10\n|inactive|ElectricBlue26 has 90 seconds left.\n|\n|t:|1770650355\n|-terastallize|p2a: Regice|Electric\n|move|p1b: Volbeat|Encore|p2a: Regice\n|-start|p2a: Regice|Encore\n|move|p1a: Golurk|High Horsepower|p2b: Gouging Fire\n|-supereffective|p2b: Gouging Fire\n|-damage|p2b: Gouging Fire|0 fnt\n|faint|p2b: Gouging Fire\n|-end|p2b: Gouging Fire|Protosynthesis|[silent]\n|move|p2a: Regice|Protect||[still]\n|-fail|p2a: Regice\n|\n|upkeep\n|\n|t:|1770650362\n|switch|p2b: Granbull|Granbull, L88, F|302/302\n|-ability|p2b: Granbull|Intimidate|boost\n|-unboost|p1a: Golurk|atk|1\n|-unboost|p1b: Volbeat|atk|1\n|turn|11\n|-message|ElectricBlue26 forfeited.\n|\n|win|kalsonofjor\n|raw|kalsonofjor's rating: 1819 &rarr; <strong>1834</strong><br />(+15 for winning)\n|raw|ElectricBlue26's rating: 1722 &rarr; <strong>1707</strong><br />(-15 for losing)\n|l|☆ElectricBlue26\n|player|p2|\n|l|☆kalsonofjor\n|player|p1|\n|j|☆kalsonofjor\n|player|p1|kalsonofjor|2|\n", "inputlog": ">version ccdc32dd7cde25fd9e4bed64820e885f66e78a4e\n>start {\"formatid\":\"gen9randomdoublesbattle\",\"seed\":\"sodium,54417de6a5bb69dcdc71952fd3cb1769\",\"rated\":\"Rated battle\"}\n>player p1 {\"name\":\"kalsonofjor\",\"avatar\":\"2\",\"rating\":1819,\"seed\":\"sodium,8213d768c08c8fd4df29934c6beea04d\"}\n>player p2 {\"name\":\"ElectricBlue26\",\"avatar\":\"169\",\"rating\":1722,\"seed\":\"sodium,3e1c40735498e07fa200b4844f4f434c\"}\n>p1 switch 4, switch 5\n>p2 move fakeout +2, move raindance\n>p1 move gunkshot +2, move toxic +2\n>p2 move closecombat +1, move wavecrash +1\n>p1 switch 5, pass\n>p2 pass, switch 5\n>p1 move tailwind terastallize, move infestation +1\n>p2 switch 4, move tailwind\n>p1 move hurricane +2, move toxic +2\n>p2 move thunderbolt +2, move hypervoice\n>p1 move hurricane +2, move banefulbunker\n>p2 move thunderbolt +2, move hypervoice\n>p2 pass, switch 4\n>p1 move hurricane +2, move recover\n>p2 move thunderbolt +2, move fakeout +2\n>p1 move energyball +2, switch 6\n>p2 move thunderbolt +2, move closecombat +1\n>p2 pass, switch 3\n>p1 move hurricane +2, move tailwind\n>p2 move thunderbolt +1, move heatcrash +1\n>p1 switch 4, pass\n>p1 move dynamicpunch +1, move lunge +2\n>p2 move protect, move burningbulwark\n>p1 move highhorsepower +2, move encore +1\n>p2 move icywind terastallize, move dragondance\n>p2 pass, switch 6\n>forcelose p2", "uploadtime": 1770650380, "views": 69, "formatid": "gen9randomdoublesbattle", "rating": 1707, "private": 0, "password": null}