{"id": "gen9randomdoublesbattle-2536875837", "format": "[Gen 9] Random Doubles Battle", "players": ["eveejaballs69420", "Aipomontop"], "log": "|j|☆eveejaballs69420\n|j|☆Aipomontop\n|t:|1770744723\n|gametype|doubles\n|player|p1|eveejaballs69420|li|1857\n|player|p2|Aipomontop|iris-gen5bw2|1747\n|gen|9\n|tier|[Gen 9] Random Doubles Battle\n|rated|\n|rule|Species Clause: Limit one of each Pokémon\n|rule|HP Percentage Mod: HP is shown in percentages\n|rule|Illusion Level Mod: Illusion disguises the Pokémon's true level\n|rule|Sleep Clause Mod: Limit one foe put to sleep\n|\n|t:|1770744723\n|teamsize|p1|6\n|teamsize|p2|6\n|start\n|switch|p1a: Hatterene|Hatterene, L84, F|233/233\n|switch|p1b: Farigiraf|Farigiraf, L84, M|339/339\n|switch|p2a: Wyrdeer|Wyrdeer, L85, F|314/314\n|switch|p2b: Dudunsparce|Dudunsparce-Three-Segment, L86, F|355/355\n|-ability|p2a: Wyrdeer|Intimidate|boost\n|-unboost|p1a: Hatterene|atk|1\n|-unboost|p1b: Farigiraf|atk|1\n|turn|1\n|inactive|Battle timer is ON: inactive players will automatically lose when time's up. (requested by eveejaballs69420)\n|\n|t:|1770744732\n|move|p2b: Dudunsparce|Tailwind|p2b: Dudunsparce\n|-sidestart|p2: Aipomontop|move: Tailwind\n|move|p1b: Farigiraf|Nasty Plot|p1b: Farigiraf\n|-boost|p1b: Farigiraf|spa|2\n|move|p2a: Wyrdeer|Trick Room|p2a: Wyrdeer\n|-fieldstart|move: Trick Room|[of] p2a: Wyrdeer\n|move|p1a: Hatterene|Trick Room|p1a: Hatterene\n|-fieldend|move: Trick Room\n|\n|upkeep\n|turn|2\n|c|☆eveejaballs69420|Wooo\n|\n|t:|1770744750\n|move|p2b: Dudunsparce|Helping Hand|p2a: Wyrdeer\n|-singleturn|p2a: Wyrdeer|Helping Hand|[of] p2b: Dudunsparce\n|move|p2a: Wyrdeer|Double-Edge|p1b: Farigiraf\n|-damage|p1b: Farigiraf|0 fnt\n|faint|p1b: Farigiraf\n|-damage|p2a: Wyrdeer|202/314|[from] Recoil\n|-damage|p2a: Wyrdeer|171/314|[from] item: Life Orb\n|move|p1a: Hatterene|Trick Room|p1a: Hatterene\n|-fieldstart|move: Trick Room|[of] p1a: Hatterene\n|\n|upkeep\n|c|☆eveejaballs69420|Nicr\n|c|☆Aipomontop|haha thanks\n|\n|t:|1770744763\n|switch|p1b: Roaring Moon|Roaring Moon, L76|285/285\n|turn|3\n|c|☆Aipomontop|Def have done that in the past just for them to not use tr\n|inactive|Aipomontop has 120 seconds left.\n|\n|t:|1770744818\n|-terastallize|p2a: Wyrdeer|Fairy\n|move|p2b: Dudunsparce|Helping Hand|p2a: Wyrdeer\n|-singleturn|p2a: Wyrdeer|Helping Hand|[of] p2b: Dudunsparce\n|move|p1a: Hatterene|Psychic|p2b: Dudunsparce\n|-damage|p2b: Dudunsparce|176/355\n|-enditem|p2b: Dudunsparce|Sitrus Berry|[eat]\n|-heal|p2b: Dudunsparce|264/355|[from] item: Sitrus Berry\n|-damage|p1a: Hatterene|210/233|[from] item: Life Orb\n|move|p1b: Roaring Moon|Knock Off|p2a: Wyrdeer\n|-resisted|p2a: Wyrdeer\n|-damage|p2a: Wyrdeer|107/314\n|-enditem|p2a: Wyrdeer|Life Orb|[from] move: Knock Off|[of] p1b: Roaring Moon\n|move|p2a: Wyrdeer|Double-Edge|p1b: Roaring Moon\n|-damage|p1b: Roaring Moon|0 fnt\n|faint|p1b: Roaring Moon\n|-end|p1b: Roaring Moon|Protosynthesis|[silent]\n|-damage|p2a: Wyrdeer|13/314|[from] Recoil\n|\n|upkeep\n|\n|t:|1770744827\n|switch|p1b: Milotic|Milotic, L81, F|287/287\n|turn|4\n|inactive|Aipomontop has 120 seconds left.\n|\n|t:|1770744838\n|move|p1a: Hatterene|Dazzling Gleam|p2a: Wyrdeer|[spread] p2a,p2b\n|-damage|p2a: Wyrdeer|0 fnt\n|-damage|p2b: Dudunsparce|143/355\n|faint|p2a: Wyrdeer\n|-damage|p1a: Hatterene|187/233|[from] item: Life Orb\n|move|p1b: Milotic|Scald|p2b: Dudunsparce\n|-damage|p2b: Dudunsparce|47/355\n|-status|p2b: Dudunsparce|brn\n|move|p2b: Dudunsparce|Boomburst|p1a: Hatterene|[spread] p1a,p1b\n|-damage|p1a: Hatterene|87/233\n|-damage|p1b: Milotic|202/287\n|\n|-damage|p2b: Dudunsparce|25/355 brn|[from] brn\n|-sideend|p2: Aipomontop|move: Tailwind\n|upkeep\n|\n|t:|1770744843\n|switch|p2a: Palossand|Palossand, L90, M|299/299\n|turn|5\n|\n|t:|1770744851\n|move|p1a: Hatterene|Psychic|p2a: Palossand\n|-damage|p2a: Palossand|134/299\n|-damage|p1a: Hatterene|64/233|[from] item: Life Orb\n|move|p2a: Palossand|Shadow Ball|p1b: Milotic\n|-damage|p1b: Milotic|126/287\n|-enditem|p1b: Milotic|Sitrus Berry|[eat]\n|-heal|p1b: Milotic|197/287|[from] item: Sitrus Berry\n|move|p2b: Dudunsparce|Boomburst|p1b: Milotic|[spread] p1a,p1b\n|-immune|p2a: Palossand\n|-damage|p1a: Hatterene|0 fnt\n|-damage|p1b: Milotic|110/287\n|faint|p1a: Hatterene\n|move|p1b: Milotic|Icy Wind|p2b: Dudunsparce|[spread] p2a,p2b\n|-supereffective|p2a: Palossand\n|-damage|p2a: Palossand|74/299\n|-damage|p2b: Dudunsparce|0 fnt\n|-unboost|p2a: Palossand|spe|1\n|faint|p2b: Dudunsparce\n|\n|-heal|p2a: Palossand|92/299|[from] item: Leftovers\n|upkeep\n|\n|t:|1770744860\n|switch|p1a: Cloyster|Cloyster, L87, F|229/229\n|switch|p2b: Chi-Yu|Chi-Yu, L75|206/206\n|-ability|p2b: Chi-Yu|Beads of Ruin\n|turn|6\n|\n|t:|1770744868\n|move|p2a: Palossand|Shadow Ball|p1a: Cloyster\n|-damage|p1a: Cloyster|39/229\n|move|p1a: Cloyster|Rock Blast|p2b: Chi-Yu\n|-supereffective|p2b: Chi-Yu\n|-damage|p2b: Chi-Yu|162/206\n|-supereffective|p2b: Chi-Yu\n|-damage|p2b: Chi-Yu|118/206\n|-supereffective|p2b: Chi-Yu\n|-damage|p2b: Chi-Yu|76/206\n|-supereffective|p2b: Chi-Yu\n|-damage|p2b: Chi-Yu|34/206\n|-supereffective|p2b: Chi-Yu\n|-damage|p2b: Chi-Yu|0 fnt\n|faint|p2b: Chi-Yu\n|-hitcount|p2: Chi-Yu|5\n|move|p1b: Milotic|Recover|p1b: Milotic\n|-heal|p1b: Milotic|254/287\n|\n|-heal|p2a: Palossand|110/299|[from] item: Leftovers\n|-fieldend|move: Trick Room\n|upkeep\n|\n|t:|1770744871\n|switch|p2b: Charizard|Charizard, L82, F|262/262\n|turn|7\n|\n|t:|1770744886\n|switch|p2b: Brambleghast|Brambleghast, L86, F|235/235\n|move|p1b: Milotic|Icy Wind|p2a: Palossand|[spread] p2a\n|-ability|p2b: Brambleghast|Wind Rider|boost\n|-boost|p2b: Brambleghast|atk|1\n|-supereffective|p2a: Palossand\n|-damage|p2a: Palossand|44/299\n|-unboost|p2a: Palossand|spe|1\n|move|p1a: Cloyster|Rock Blast|p2b: Brambleghast\n|-damage|p2b: Brambleghast|212/235\n|-damage|p2b: Brambleghast|189/235\n|-damage|p2b: Brambleghast|166/235\n|-damage|p2b: Brambleghast|146/235\n|-damage|p2b: Brambleghast|124/235\n|-hitcount|p2b: Brambleghast|5\n|move|p2a: Palossand|Shadow Ball|p1a: Cloyster\n|-damage|p1a: Cloyster|0 fnt\n|faint|p1a: Cloyster\n|\n|-heal|p2a: Palossand|62/299|[from] item: Leftovers\n|upkeep\n|\n|t:|1770744889\n|switch|p1a: Dragonite|Dragonite, L82, M|283/283\n|turn|8\n|\n|t:|1770744906\n|-terastallize|p1a: Dragonite|Flying\n|move|p2b: Brambleghast|Power Whip|p1b: Milotic\n|-supereffective|p1b: Milotic\n|-damage|p1b: Milotic|0 fnt\n|faint|p1b: Milotic\n|-damage|p2b: Brambleghast|101/235|[from] item: Life Orb\n|move|p1a: Dragonite|Tera Blast|p2b: Brambleghast|[anim] Tera Blast Flying\n|-supereffective|p2b: Brambleghast\n|-damage|p2b: Brambleghast|0 fnt\n|faint|p2b: Brambleghast\n|-damage|p1a: Dragonite|255/283|[from] item: Life Orb\n|move|p2a: Palossand|Shore Up|p2a: Palossand\n|-heal|p2a: Palossand|211/299\n|\n|-heal|p2a: Palossand|229/299|[from] item: Leftovers\n|upkeep\n|\n|t:|1770744909\n|switch|p2b: Charizard|Charizard, L82, F|262/262\n|turn|9\n|\n|t:|1770744916\n|move|p2b: Charizard|Hurricane|p1a: Dragonite|[miss]\n|-miss|p2b: Charizard|p1a: Dragonite\n|move|p1a: Dragonite|Draco Meteor|p2b: Charizard\n|-damage|p2b: Charizard|74/262\n|-unboost|p1a: Dragonite|spa|2\n|-damage|p1a: Dragonite|227/283|[from] item: Life Orb\n|move|p2a: Palossand|Shadow Ball|p1a: Dragonite\n|-damage|p1a: Dragonite|139/283\n|\n|-heal|p2a: Palossand|247/299|[from] item: Leftovers\n|upkeep\n|turn|10\n|\n|t:|1770744922\n|move|p2b: Charizard|Hurricane|p1a: Dragonite|[miss]\n|-miss|p2b: Charizard|p1a: Dragonite\n|move|p1a: Dragonite|Tera Blast|p2b: Charizard|[anim] Tera Blast Flying\n|-damage|p2b: Charizard|0 fnt\n|faint|p2b: Charizard\n|-damage|p1a: Dragonite|111/283|[from] item: Life Orb\n|move|p2a: Palossand|Shadow Ball|p1a: Dragonite\n|-damage|p1a: Dragonite|14/283\n|\n|-heal|p2a: Palossand|265/299|[from] item: Leftovers\n|upkeep\n|turn|11\n|\n|t:|1770744927\n|move|p1a: Dragonite|Tera Blast|p2a: Palossand|[anim] Tera Blast Flying\n|-damage|p2a: Palossand|109/299\n|-damage|p1a: Dragonite|0 fnt|[from] item: Life Orb\n|faint|p1a: Dragonite\n|\n|win|Aipomontop\n|raw|eveejaballs69420's rating: 1857 &rarr; <strong>1831</strong><br />(-26 for losing)\n|raw|Aipomontop's rating: 1747 &rarr; <strong>1773</strong><br />(+26 for winning)\n|c|☆eveejaballs69420|Gg\n|c|☆eveejaballs69420|Wp\n|c|☆Aipomontop|Thx\n|c|☆Aipomontop|gg\n|c|☆Aipomontop|:)\n|l|☆eveejaballs69420\n|player|p1|\n", "inputlog": ">version ccdc32dd7cde25fd9e4bed64820e885f66e78a4e\n>start {\"formatid\":\"gen9randomdoublesbattle\",\"seed\":\"sodium,3f1bb0e97e42123c3538c02956084a48\",\"rated\":\"Rated battle\"}\n>player p1 {\"name\":\"eveejaballs69420\",\"avatar\":\"li\",\"rating\":1857,\"seed\":\"sodium,9bf90a4f6be7fb1bd3d8f339452e15ee\"}\n>player p2 {\"name\":\"Aipomontop\",\"avatar\":\"iris-gen5bw2\",\"rating\":1747,\"seed\":\"sodium,33b8ab8f3419bfaf98bdb3f83cad88ad\"}\n>p1 move trickroom, move nastyplot\n>p2 move trickroom, move tailwind\n>chat ☆eveejaballs69420|Wooo\n>p1 move trickroom, move hypervoice\n>p2 move doubleedge +2, move helpinghand -1\n>chat ☆eveejaballs69420|Nicr\n>chat ☆Aipomontop|haha thanks \n>p1 pass, switch 4\n>chat ☆Aipomontop|Def have done that in the past just for them to not use tr\n>p1 move psychic +2, move knockoff +1\n>p2 move doubleedge +2 terastallize, move helpinghand -1\n>p1 pass, switch 3\n>p1 move dazzlinggleam, move scald +2\n>p2 move psychic +2, move boomburst\n>p2 switch 6, pass\n>p1 move psychic +1, move icywind\n>p2 move shadowball +2, move boomburst\n>p1 switch 5, pass\n>p2 pass, switch 5\n>p1 move rockblast +2, move recover\n>p2 move shadowball +1, move heatwave\n>p2 pass, switch 4\n>p1 move rockblast +2, move icywind\n>p2 move shadowball +1, switch 3\n>p1 switch 6, pass\n>p1 move terablast +2 terastallize, move scald +1\n>p2 move shoreup, move powerwhip +2\n>p2 pass, switch 3\n>p1 move dracometeor +2, pass\n>p2 move shadowball +1, move hurricane +1\n>p1 move terablast +2, pass\n>p2 move shadowball +1, move hurricane +1\n>p1 move terablast +1, pass\n>p2 move shadowball +1, pass", "uploadtime": 1770744977, "views": 67, "formatid": "gen9randomdoublesbattle", "rating": 1773, "private": 0, "password": null}