{"id": "gen9randomdoublesbattle-2539818856", "format": "[Gen 9] Random Doubles Battle", "players": ["improvguy", "slickrick002"], "log": "|j|☆improvguy\n|j|☆slickrick002\n|t:|1771113022\n|gametype|doubles\n|player|p1|improvguy|cameraman|1903\n|player|p2|slickrick002|red|1869\n|gen|9\n|tier|[Gen 9] Random Doubles Battle\n|rated|\n|rule|Species Clause: Limit one of each Pokémon\n|rule|HP Percentage Mod: HP is shown in percentages\n|rule|Illusion Level Mod: Illusion disguises the Pokémon's true level\n|rule|Sleep Clause Mod: Limit one foe put to sleep\n|\n|t:|1771113022\n|teamsize|p1|6\n|teamsize|p2|6\n|start\n|switch|p1a: Abomasnow|Abomasnow, L81, M|278/278\n|switch|p1b: Tyranitar|Tyranitar, L81, F|295/295\n|switch|p2a: Plusle|Plusle, L92, F|260/260\n|switch|p2b: Tauros|Tauros-Paldea-Combat, L82, M|257/257\n|-ability|p2b: Tauros|Intimidate|boost\n|-unboost|p1a: Abomasnow|atk|1\n|-fail|p1b: Tyranitar|unboost|[from] item: Clear Amulet|[of] p1b: Tyranitar\n|-weather|Sandstorm|[from] ability: Sand Stream|[of] p1b: Tyranitar\n|-weather|Snowscape|[from] ability: Snow Warning|[of] p1a: Abomasnow\n|turn|1\n|inactive|Battle timer is ON: inactive players will automatically lose when time's up. (requested by slickrick002)\n|\n|t:|1771113049\n|switch|p2a: Hippowdon|Hippowdon, L86, F|326/326\n|-weather|Sandstorm|[from] ability: Sand Stream|[of] p2a: Hippowdon\n|switch|p1b: Mudsdale|Mudsdale, L84, F|305/305\n|move|p2b: Tauros|Bulk Up|p2b: Tauros\n|-boost|p2b: Tauros|atk|1\n|-boost|p2b: Tauros|def|1\n|move|p1a: Abomasnow|Aurora Veil||[still]\n|-fail|p1a: Abomasnow\n|\n|-weather|Sandstorm|[upkeep]\n|-damage|p2b: Tauros|241/257|[from] Sandstorm\n|-damage|p1a: Abomasnow|261/278|[from] Sandstorm\n|upkeep\n|turn|2\n|\n|t:|1771113067\n|switch|p1a: Meowstic|Meowstic, L88, M|274/274\n|move|p2b: Tauros|Raging Bull|p1a: Meowstic\n|-resisted|p1a: Meowstic\n|-damage|p1a: Meowstic|199/274\n|move|p2a: Hippowdon|Stealth Rock|p1a: Meowstic\n|-sidestart|p1: improvguy|move: Stealth Rock\n|move|p1b: Mudsdale|High Horsepower|p2b: Tauros\n|-damage|p2b: Tauros|172/257\n|\n|-weather|Sandstorm|[upkeep]\n|-damage|p1a: Meowstic|182/274|[from] Sandstorm\n|-damage|p2b: Tauros|156/257|[from] Sandstorm\n|upkeep\n|turn|3\n|\n|t:|1771113091\n|move|p2b: Tauros|Protect|p2b: Tauros\n|-singleturn|p2b: Tauros|Protect\n|move|p1a: Meowstic|Fake Out|p2a: Hippowdon\n|-crit|p2a: Hippowdon\n|-damage|p2a: Hippowdon|303/326\n|move|p1b: Mudsdale|High Horsepower|p2a: Hippowdon\n|-damage|p2a: Hippowdon|213/326\n|cant|p2a: Hippowdon|flinch\n|\n|-weather|Sandstorm|[upkeep]\n|-damage|p1a: Meowstic|165/274|[from] Sandstorm\n|-damage|p2b: Tauros|140/257|[from] Sandstorm\n|-heal|p2a: Hippowdon|233/326|[from] item: Leftovers\n|upkeep\n|turn|4\n|inactive|slickrick002 has 120 seconds left.\n|\n|t:|1771113128\n|move|p1a: Meowstic|Psychic|p2b: Tauros\n|-supereffective|p2b: Tauros\n|-damage|p2b: Tauros|0 fnt\n|faint|p2b: Tauros\n|move|p1b: Mudsdale|High Horsepower|p2a: Hippowdon\n|-damage|p2a: Hippowdon|136/326\n|move|p2a: Hippowdon|Whirlwind|p1b: Mudsdale\n|drag|p1b: Tyranitar|Tyranitar, L81, F|295/295\n|-damage|p1b: Tyranitar|259/295|[from] Stealth Rock\n|\n|-weather|Sandstorm|[upkeep]\n|-damage|p1a: Meowstic|148/274|[from] Sandstorm\n|-heal|p2a: Hippowdon|156/326|[from] item: Leftovers\n|upkeep\n|\n|t:|1771113140\n|switch|p2b: Lycanroc|Lycanroc-Midnight, L84, F|280/280\n|turn|5\n|\n|t:|1771113148\n|switch|p1b: Mudsdale|Mudsdale, L84, F|305/305\n|-damage|p1b: Mudsdale|286/305|[from] Stealth Rock\n|move|p1a: Meowstic|Thunder Wave|p2b: Lycanroc\n|-status|p2b: Lycanroc|par\n|move|p2b: Lycanroc|Knock Off|p1a: Meowstic\n|-supereffective|p1a: Meowstic\n|-damage|p1a: Meowstic|0 fnt\n|-enditem|p1a: Meowstic|Sitrus Berry|[from] move: Knock Off|[of] p2b: Lycanroc\n|faint|p1a: Meowstic\n|move|p2a: Hippowdon|High Horsepower|p1b: Mudsdale\n|-damage|p1b: Mudsdale|181/305\n|-ability|p1b: Mudsdale|Stamina|boost\n|-boost|p1b: Mudsdale|def|1\n|\n|-weather|none\n|-heal|p2a: Hippowdon|176/326|[from] item: Leftovers\n|upkeep\n|\n|t:|1771113155\n|switch|p1a: Abomasnow|Abomasnow, L81, M|261/278\n|-damage|p1a: Abomasnow|192/278|[from] Stealth Rock\n|-weather|Snowscape|[from] ability: Snow Warning|[of] p1a: Abomasnow\n|turn|6\n|\n|t:|1771113176\n|switch|p2a: Plusle|Plusle, L92, F|260/260\n|move|p1a: Abomasnow|Blizzard|p2b: Lycanroc|[spread] p2a,p2b\n|-damage|p2a: Plusle|176/260\n|-damage|p2b: Lycanroc|199/280 par\n|move|p2b: Lycanroc|Knock Off|p1b: Mudsdale\n|-damage|p1b: Mudsdale|136/305\n|-ability|p1b: Mudsdale|Stamina|boost\n|-boost|p1b: Mudsdale|def|1\n|-enditem|p1b: Mudsdale|Chesto Berry|[from] move: Knock Off|[of] p2b: Lycanroc\n|move|p1b: Mudsdale|Body Press|p2b: Lycanroc\n|-supereffective|p2b: Lycanroc\n|-damage|p2b: Lycanroc|0 fnt\n|faint|p2b: Lycanroc\n|\n|-weather|Snowscape|[upkeep]\n|upkeep\n|inactive|slickrick002 has 120 seconds left.\n|\n|t:|1771113196\n|switch|p2b: Ludicolo|Ludicolo, L89, F|287/287\n|turn|7\n|\n|t:|1771113206\n|move|p2b: Ludicolo|Fake Out|p1b: Mudsdale\n|-damage|p1b: Mudsdale|125/305\n|-ability|p1b: Mudsdale|Stamina|boost\n|-boost|p1b: Mudsdale|def|1\n|move|p2a: Plusle|Encore|p1a: Abomasnow\n|-start|p1a: Abomasnow|Encore\n|move|p1a: Abomasnow|Blizzard|p2a: Plusle|[spread] p2a,p2b\n|-damage|p2a: Plusle|95/260\n|-damage|p2b: Ludicolo|242/287\n|-enditem|p2a: Plusle|Sitrus Berry|[eat]\n|-heal|p2a: Plusle|160/260|[from] item: Sitrus Berry\n|cant|p1b: Mudsdale|flinch\n|\n|-weather|Snowscape|[upkeep]\n|upkeep\n|turn|8\n|\n|t:|1771113221\n|switch|p2a: Hippowdon|Hippowdon, L86, F|176/326\n|-weather|Sandstorm|[from] ability: Sand Stream|[of] p2a: Hippowdon\n|move|p2b: Ludicolo|Hydro Pump|p1b: Mudsdale\n|-supereffective|p1b: Mudsdale\n|-damage|p1b: Mudsdale|0 fnt\n|faint|p1b: Mudsdale\n|move|p1a: Abomasnow|Blizzard|p2b: Ludicolo|[spread] p2a,p2b\n|-supereffective|p2a: Hippowdon\n|-damage|p2a: Hippowdon|0 fnt\n|-damage|p2b: Ludicolo|197/287\n|faint|p2a: Hippowdon\n|\n|-weather|Sandstorm|[upkeep]\n|-damage|p2b: Ludicolo|180/287|[from] Sandstorm\n|-damage|p1a: Abomasnow|175/278|[from] Sandstorm\n|upkeep\n|\n|t:|1771113234\n|switch|p2a: Slaking|Slaking, L89, M|412/412\n|switch|p1b: Raikou|Raikou, L81|278/278\n|-damage|p1b: Raikou|244/278|[from] Stealth Rock\n|turn|9\n|\n|t:|1771113246\n|switch|p1b: Tyranitar|Tyranitar, L81, F|259/295\n|-damage|p1b: Tyranitar|223/295|[from] Stealth Rock\n|move|p2a: Slaking|Double-Edge|p1a: Abomasnow\n|-damage|p1a: Abomasnow|0 fnt\n|faint|p1a: Abomasnow\n|-damage|p2a: Slaking|354/412|[from] Recoil\n|move|p2b: Ludicolo|Icy Wind|p1b: Tyranitar\n|-damage|p1b: Tyranitar|197/295\n|\n|-weather|Sandstorm|[upkeep]\n|-damage|p2a: Slaking|329/412|[from] Sandstorm\n|-damage|p2b: Ludicolo|163/287|[from] Sandstorm\n|upkeep\n|\n|t:|1771113252\n|switch|p1a: Murkrow|Murkrow, L90, M|254/254\n|-damage|p1a: Murkrow|191/254|[from] Stealth Rock\n|turn|10\n|\n|t:|1771113266\n|switch|p2a: Plusle|Plusle, L92, F|160/260\n|move|p1a: Murkrow|Brave Bird|p2b: Ludicolo\n|-supereffective|p2b: Ludicolo\n|-damage|p2b: Ludicolo|0 fnt\n|faint|p2b: Ludicolo\n|-damage|p1a: Murkrow|137/254|[from] Recoil\n|move|p1b: Tyranitar|Knock Off|p2a: Plusle\n|-damage|p2a: Plusle|39/260\n|\n|-weather|Sandstorm|[upkeep]\n|-damage|p2a: Plusle|23/260|[from] Sandstorm\n|-damage|p1a: Murkrow|122/254|[from] Sandstorm\n|upkeep\n|-message|slickrick002 forfeited.\n|\n|win|improvguy\n|raw|improvguy's rating: 1903 &rarr; <strong>1921</strong><br />(+18 for winning)\n|raw|slickrick002's rating: 1869 &rarr; <strong>1851</strong><br />(-18 for losing)\n|l|☆slickrick002\n|player|p2|\n", "inputlog": ">version ccdc32dd7cde25fd9e4bed64820e885f66e78a4e\n>start {\"formatid\":\"gen9randomdoublesbattle\",\"seed\":\"sodium,b6f4447c1ea2f63d6feea90ef9ba5084\",\"rated\":\"Rated battle\"}\n>player p1 {\"name\":\"improvguy\",\"avatar\":\"cameraman\",\"rating\":1903,\"seed\":\"sodium,1ad1a019d3bf6f9227206afe98d753d7\"}\n>player p2 {\"name\":\"slickrick002\",\"avatar\":\"red\",\"rating\":1869,\"seed\":\"sodium,1d92e119324aa7e5f9e9a02c4a0600b1\"}\n>p1 move auroraveil, switch 3\n>p2 switch 5, move bulkup\n>p1 switch 6, move highhorsepower +2\n>p2 move stealthrock, move ragingbull +1\n>p1 move fakeout +1, move highhorsepower +1\n>p2 move whirlwind +1, move protect\n>p1 move psychic +2, move highhorsepower +1\n>p2 move whirlwind +2, move stoneedge +1\n>p2 pass, switch 3\n>p1 move thunderwave +2, switch 3\n>p2 move highhorsepower +2, move knockoff +1\n>p1 switch 6, pass\n>p1 move blizzard, move bodypress +2\n>p2 switch 5, move knockoff +2\n>p2 pass, switch 6\n>p1 move auroraveil, move highhorsepower +1\n>p2 move encore +1, move fakeout +2\n>p1 move blizzard, move highhorsepower +1\n>p2 switch 5, move hydropump +2\n>p1 pass, switch 4\n>p2 switch 4, pass\n>p1 move blizzard, switch 3\n>p2 move doubleedge +1, move icywind\n>p1 switch 5, pass\n>p1 move bravebird +2, move knockoff +1\n>p2 switch 5, move hydropump +2\n>forcelose p2", "uploadtime": 1771113293, "views": 76, "formatid": "gen9randomdoublesbattle", "rating": 1851, "private": 0, "password": null}