{"id": "gen9randomdoublesbattle-2536371355", "format": "[Gen 9] Random Doubles Battle", "players": ["Dmgigazar123", "LetherOCE"], "log": "|j|‽Dmgigazar123\n|j|☆LetherOCE\n|t:|1770679980\n|gametype|doubles\n|player|p1|Dmgigazar123|lance|1717\n|player|p2|LetherOCE|steven|1777\n|gen|9\n|tier|[Gen 9] Random Doubles Battle\n|rated|\n|rule|Species Clause: Limit one of each Pokémon\n|rule|HP Percentage Mod: HP is shown in percentages\n|rule|Illusion Level Mod: Illusion disguises the Pokémon's true level\n|rule|Sleep Clause Mod: Limit one foe put to sleep\n|\n|t:|1770679980\n|teamsize|p1|6\n|teamsize|p2|6\n|start\n|switch|p1a: Meowstic|Meowstic-F, L89, F|277/277\n|switch|p1b: Rotom|Rotom-Fan, L85|224/224\n|switch|p2a: Electivire|Electivire, L86, F|269/269\n|switch|p2b: Blaziken|Blaziken, L79, M|256/256\n|turn|1\n|inactive|Battle timer is ON: inactive players will automatically lose when time's up. (requested by Dmgigazar123)\n|inactive|LetherOCE has 120 seconds left.\n|\n|t:|1770680039\n|move|p2b: Blaziken|Protect|p2b: Blaziken\n|-singleturn|p2b: Blaziken|Protect\n|move|p1a: Meowstic|Psychic|p2a: Electivire\n|-damage|p2a: Electivire|179/269\n|-damage|p1a: Meowstic|250/277|[from] item: Life Orb\n|move|p2a: Electivire|Ice Punch|p1b: Rotom\n|-supereffective|p1b: Rotom\n|-crit|p1b: Rotom\n|-damage|p1b: Rotom|42/224\n|-enditem|p1b: Rotom|Sitrus Berry|[eat]\n|-heal|p1b: Rotom|98/224|[from] item: Sitrus Berry\n|move|p1b: Rotom|Air Slash|p2b: Blaziken\n|-activate|p2b: Blaziken|move: Protect\n|\n|-ability|p2b: Blaziken|Speed Boost|boost\n|-boost|p2b: Blaziken|spe|1\n|upkeep\n|turn|2\n|\n|t:|1770680069\n|switch|p2b: Oricorio|Oricorio-Pa'u, L89, F|278/278\n|move|p1b: Rotom|Protect|p1b: Rotom\n|-singleturn|p1b: Rotom|Protect\n|move|p1a: Meowstic|Psychic|p2b: Oricorio\n|-resisted|p2b: Oricorio\n|-damage|p2b: Oricorio|207/278\n|-damage|p1a: Meowstic|223/277|[from] item: Life Orb\n|move|p2a: Electivire|Ice Punch|p1b: Rotom\n|-activate|p1b: Rotom|move: Protect\n|\n|upkeep\n|turn|3\n|\n|t:|1770680091\n|move|p1a: Meowstic|Psychic|p2a: Electivire\n|-damage|p2a: Electivire|104/269\n|-damage|p1a: Meowstic|196/277|[from] item: Life Orb\n|move|p2b: Oricorio|Tailwind|p2b: Oricorio\n|-sidestart|p2: LetherOCE|move: Tailwind\n|move|p2a: Electivire|Ice Punch|p1b: Rotom\n|-supereffective|p1b: Rotom\n|-damage|p1b: Rotom|0 fnt\n|faint|p1b: Rotom\n|\n|upkeep\n|inactive|Dmgigazar123 has 120 seconds left.\n|\n|t:|1770680110\n|switch|p1b: Terapagos|Terapagos, L73, M|252/252\n|-activate|p1b: Terapagos|ability: Tera Shift\n|detailschange|p1b: Terapagos|Terapagos-Terastal, L73, M\n|-heal|p1b: Terapagos|259/259|[silent]\n|turn|4\n|\n|t:|1770680128\n|move|p2b: Oricorio|Revelation Dance|p1b: Terapagos\n|-activate|p1b: Terapagos|ability: Tera Shell\n|-resisted|p1b: Terapagos\n|-damage|p1b: Terapagos|208/259\n|move|p2a: Electivire|Wild Charge|p1a: Meowstic\n|-damage|p1a: Meowstic|73/277\n|-damage|p2a: Electivire|73/269|[from] Recoil\n|move|p1a: Meowstic|Psychic|p2a: Electivire\n|-damage|p2a: Electivire|0 fnt\n|faint|p2a: Electivire\n|-damage|p1a: Meowstic|46/277|[from] item: Life Orb\n|move|p1b: Terapagos|Calm Mind|p1b: Terapagos\n|-boost|p1b: Terapagos|spa|1\n|-boost|p1b: Terapagos|spd|1\n|\n|upkeep\n|\n|t:|1770680146\n|switch|p2a: Blaziken|Blaziken, L79, M|256/256\n|turn|5\n|\n|t:|1770680159\n|move|p1b: Terapagos|Protect|p1b: Terapagos\n|-singleturn|p1b: Terapagos|Protect\n|move|p2b: Oricorio|Revelation Dance|p1b: Terapagos\n|-activate|p1b: Terapagos|move: Protect\n|move|p2a: Blaziken|Knock Off|p1a: Meowstic\n|-supereffective|p1a: Meowstic\n|-damage|p1a: Meowstic|0 fnt\n|-enditem|p1a: Meowstic|Life Orb|[from] move: Knock Off|[of] p2a: Blaziken\n|faint|p1a: Meowstic\n|-damage|p2a: Blaziken|231/256|[from] item: Life Orb\n|\n|-ability|p2a: Blaziken|Speed Boost|boost\n|-boost|p2a: Blaziken|spe|1\n|upkeep\n|\n|t:|1770680171\n|switch|p1a: Clawitzer|Clawitzer, L84, M|256/256\n|turn|6\n|\n|t:|1770680184\n|-terastallize|p1b: Terapagos|Stellar\n|detailschange|p1b: Terapagos|Terapagos-Stellar, L73, M, tera:Stellar\n|-heal|p1b: Terapagos|303/354|[silent]\n|move|p2a: Blaziken|Protect|p2a: Blaziken\n|-singleturn|p2a: Blaziken|Protect\n|move|p2b: Oricorio|Revelation Dance|p1a: Clawitzer\n|-damage|p1a: Clawitzer|154/256\n|move|p1b: Terapagos|Tera Starstorm|p2b: Oricorio|[spread] p2b\n|-activate|p2a: Blaziken|move: Protect\n|-damage|p2b: Oricorio|75/278\n|-enditem|p2b: Oricorio|Sitrus Berry|[eat]\n|-heal|p2b: Oricorio|144/278|[from] item: Sitrus Berry\n|move|p1a: Clawitzer|Muddy Water|p2b: Oricorio|[spread] p2b\n|-activate|p2a: Blaziken|move: Protect\n|-damage|p2b: Oricorio|11/278\n|\n|-sideend|p2: LetherOCE|move: Tailwind\n|-ability|p2a: Blaziken|Speed Boost|boost\n|-boost|p2a: Blaziken|spe|1\n|upkeep\n|turn|7\n|inactive|LetherOCE has 120 seconds left.\n|\n|t:|1770680225\n|move|p1b: Terapagos|Protect|p1b: Terapagos\n|-singleturn|p1b: Terapagos|Protect\n|move|p2a: Blaziken|Knock Off|p1a: Clawitzer\n|-damage|p1a: Clawitzer|63/256\n|-enditem|p1a: Clawitzer|Choice Specs|[from] move: Knock Off|[of] p2a: Blaziken\n|-damage|p2a: Blaziken|206/256|[from] item: Life Orb\n|move|p2b: Oricorio|Revelation Dance|p1a: Clawitzer\n|-damage|p1a: Clawitzer|0 fnt\n|faint|p1a: Clawitzer\n|\n|-ability|p2a: Blaziken|Speed Boost|boost\n|-boost|p2a: Blaziken|spe|1\n|upkeep\n|\n|t:|1770680245\n|switch|p1a: Phione|Phione, L90|290/290\n|turn|8\n|inactive|LetherOCE has 120 seconds left.\n|\n|t:|1770680291\n|move|p2a: Blaziken|Close Combat|p1b: Terapagos\n|-supereffective|p1b: Terapagos\n|-damage|p1b: Terapagos|0 fnt\n|-unboost|p2a: Blaziken|def|1\n|-unboost|p2a: Blaziken|spd|1\n|faint|p1b: Terapagos\n|detailschange|p1: Terapagos|Terapagos, L73, M|[silent]\n|-damage|p2a: Blaziken|181/256|[from] item: Life Orb\n|move|p2b: Oricorio|Revelation Dance|p1a: Phione\n|-damage|p1a: Phione|176/290\n|move|p1a: Phione|Scald|p2b: Oricorio\n|-damage|p2b: Oricorio|0 fnt\n|faint|p2b: Oricorio\n|\n|-heal|p1a: Phione|194/290|[from] item: Leftovers\n|-ability|p2a: Blaziken|Speed Boost|boost\n|-boost|p2a: Blaziken|spe|1\n|upkeep\n|inactive|LetherOCE has 90 seconds left.\n|\n|t:|1770680311\n|switch|p2b: Blastoise|Blastoise, L83, F|267/267\n|switch|p1b: Frosmoth|Frosmoth, L86, M|261/261\n|turn|9\n|inactive|Dmgigazar123 has 120 seconds left.\n|\n|t:|1770680344\n|move|p2b: Blastoise|Fake Out|p1a: Phione\n|-damage|p1a: Phione|168/290\n|move|p2a: Blaziken|Close Combat|p1a: Phione\n|-damage|p1a: Phione|0 fnt\n|-unboost|p2a: Blaziken|def|1\n|-unboost|p2a: Blaziken|spd|1\n|faint|p1a: Phione\n|-damage|p2a: Blaziken|156/256|[from] item: Life Orb\n|move|p1b: Frosmoth|Quiver Dance|p1b: Frosmoth\n|-boost|p1b: Frosmoth|spa|1\n|-boost|p1b: Frosmoth|spd|1\n|-boost|p1b: Frosmoth|spe|1\n|\n|-ability|p2a: Blaziken|Speed Boost|boost\n|-boost|p2a: Blaziken|spe|1\n|upkeep\n|turn|10\n|\n|t:|1770680363\n|move|p2a: Blaziken|Overheat|p1b: Frosmoth\n|-supereffective|p1b: Frosmoth\n|-crit|p1b: Frosmoth\n|-damage|p1b: Frosmoth|0 fnt\n|-unboost|p2a: Blaziken|spa|2\n|faint|p1b: Frosmoth\n|-damage|p2a: Blaziken|131/256|[from] item: Life Orb\n|\n|win|LetherOCE\n|raw|Dmgigazar123's rating: 1717 &rarr; <strong>1700</strong><br />(-17 for losing)\n|raw|LetherOCE's rating: 1777 &rarr; <strong>1794</strong><br />(+17 for winning)\n", "inputlog": ">version ccdc32dd7cde25fd9e4bed64820e885f66e78a4e\n>start {\"formatid\":\"gen9randomdoublesbattle\",\"seed\":\"sodium,4ad71c2684baf5d347bd41201227ef76\",\"rated\":\"Rated battle\"}\n>player p1 {\"name\":\"Dmgigazar123\",\"avatar\":\"lance\",\"rating\":1717,\"seed\":\"sodium,2b22cb56301aa7f410365af10be46b8b\"}\n>player p2 {\"name\":\"LetherOCE\",\"avatar\":\"steven\",\"rating\":1777,\"seed\":\"sodium,ecd781e22cfc872156c98b41e2fbb567\"}\n>p1 move psychic +1, move airslash +2\n>p2 move icepunch +2, move protect\n>p1 move psychic +2, move protect\n>p2 move icepunch +2, switch 3\n>p1 move psychic +1, move thunderbolt +2\n>p2 move icepunch +2, move tailwind\n>p1 pass, switch 6\n>p1 move psychic +1, move calmmind\n>p2 move wildcharge +1, move revelationdance +2\n>p2 switch 3, pass\n>p1 move darkpulse +2, move protect\n>p2 move knockoff +1, move revelationdance +2\n>p1 switch 4, pass\n>p1 move muddywater, move terastarstorm +1 terastallize\n>p2 move protect, move revelationdance +1\n>p1 move muddywater, move protect\n>p2 move knockoff +1, move revelationdance +1\n>p1 switch 5, pass\n>p1 move scald +2, move terastarstorm\n>p2 move closecombat +2, move revelationdance +2\n>p1 pass, switch 3\n>p2 pass, switch 4\n>p1 move scald +1, move quiverdance\n>p2 move closecombat +1, move fakeout +1\n>p1 pass, move icebeam +1\n>p2 move overheat +2, move lifedew", "uploadtime": 1770680387, "views": 69, "formatid": "gen9randomdoublesbattle", "rating": 1700, "private": 0, "password": null}