{"id": "gen9randomdoublesbattle-2540804757", "format": "[Gen 9] Random Doubles Battle", "players": ["HEARTIER", "Tomh2000"], "log": "|j|☆HEARTIER\n|j|☆Tomh2000\n|t:|1771255824\n|gametype|doubles\n|player|p1|HEARTIER|265|1620\n|player|p2|Tomh2000|2|1607\n|gen|9\n|tier|[Gen 9] Random Doubles Battle\n|rated|\n|rule|Species Clause: Limit one of each Pokémon\n|rule|HP Percentage Mod: HP is shown in percentages\n|rule|Illusion Level Mod: Illusion disguises the Pokémon's true level\n|rule|Sleep Clause Mod: Limit one foe put to sleep\n|\n|t:|1771255824\n|teamsize|p1|6\n|teamsize|p2|6\n|start\n|switch|p1a: Typhlosion|Typhlosion-Hisui, L77, M|239/239\n|switch|p1b: Orthworm|Orthworm, L88, F|266/266\n|switch|p2a: Reuniclus|Reuniclus, L84, M|322/322\n|switch|p2b: Kyogre|Kyogre, L65|238/238\n|-item|p2a: Reuniclus|Life Orb|[from] ability: Frisk|[of] p1a: Typhlosion\n|-item|p2b: Kyogre|Choice Scarf|[from] ability: Frisk|[of] p1a: Typhlosion\n|-weather|RainDance|[from] ability: Drizzle|[of] p2b: Kyogre\n|turn|1\n|inactive|Battle timer is ON: inactive players will automatically lose when time's up. (requested by Tomh2000)\n|l|☆Tomh2000\n|inactive|Tomh2000 disconnected and has a minute to reconnect!\n|player|p2|\n|\n|t:|1771255874\n|move|p1a: Typhlosion|Shadow Ball|p2b: Kyogre\n|-damage|p2b: Kyogre|166/238\n|move|p2b: Kyogre|Water Spout|p1a: Typhlosion|[spread] p1a,p1b\n|-supereffective|p1a: Typhlosion\n|-damage|p1a: Typhlosion|9/239\n|-damage|p1b: Orthworm|128/266\n|-enditem|p1b: Orthworm|Sitrus Berry|[eat]\n|-heal|p1b: Orthworm|194/266|[from] item: Sitrus Berry\n|move|p1b: Orthworm|Shed Tail|p1b: Orthworm\n|-start|p1b: Orthworm|Substitute|[from] move: Shed Tail\n|-damage|p1b: Orthworm|61/266\n|j|☆Tomh2000\n|inactive|Tomh2000 reconnected.\n|player|p2|Tomh2000|2|\n|n|☆Tomh2000|tomh2000\n|\n|t:|1771255885\n|switch|p1b: Blastoise|Blastoise, L83, F|267/267|[from] Shed Tail\n|move|p2a: Reuniclus|Focus Blast|p1b: Blastoise|[miss]\n|-miss|p2a: Reuniclus|p1b: Blastoise\n|\n|-weather|RainDance|[upkeep]\n|upkeep\n|turn|2\n|\n|t:|1771255898\n|move|p1b: Blastoise|Fake Out|p2b: Kyogre\n|-damage|p2b: Kyogre|136/238\n|move|p1a: Typhlosion|Shadow Ball|p2a: Reuniclus\n|-supereffective|p2a: Reuniclus\n|-crit|p2a: Reuniclus\n|-damage|p2a: Reuniclus|74/322\n|cant|p2b: Kyogre|flinch\n|move|p2a: Reuniclus|Trick Room|p2a: Reuniclus\n|-fieldstart|move: Trick Room|[of] p2a: Reuniclus\n|\n|-weather|RainDance|[upkeep]\n|upkeep\n|turn|3\n|l|☆Tomh2000\n|inactive|Tomh2000 disconnected and has a minute to reconnect!\n|player|p2|\n|j|☆Tomh2000\n|inactive|Tomh2000 reconnected and has 130 seconds left.\n|player|p2|Tomh2000|2|\n|n|☆Tomh2000|tomh2000\n|inactive|HEARTIER has 120 seconds left.\n|inactive|Tomh2000 has 120 seconds left.\n|\n|t:|1771255958\n|switch|p2b: Trevenant|Trevenant, L88, M|293/293\n|move|p2a: Reuniclus|Psychic|p1a: Typhlosion\n|-damage|p1a: Typhlosion|0 fnt\n|faint|p1a: Typhlosion\n|move|p1b: Blastoise|Wave Crash|p2a: Reuniclus\n|-damage|p2a: Reuniclus|0 fnt\n|faint|p2a: Reuniclus\n|-damage|p1b: Blastoise|243/267|[from] Recoil\n|\n|-weather|RainDance|[upkeep]\n|upkeep\n|inactive|Tomh2000 has 120 seconds left.\n|\n|t:|1771255972\n|switch|p2a: Groudon|Groudon, L69|252/252\n|switch|p1a: Frosmoth|Frosmoth, L86, M|261/261\n|-weather|SunnyDay|[from] ability: Drought|[of] p2a: Groudon\n|turn|4\n|inactive|HEARTIER has 90 seconds left.\n|l|☆Tomh2000\n|inactive|Tomh2000 disconnected and has a minute to reconnect!\n|player|p2|\n|j|☆Tomh2000\n|inactive|Tomh2000 reconnected.\n|player|p2|Tomh2000|2|\n|inactive|HEARTIER has 60 seconds left.\n|inactive|Tomh2000 has 120 seconds left.\n|l|☆Tomh2000\n|inactive|Tomh2000 disconnected and has a minute to reconnect!\n|player|p2|\n|inactive|HEARTIER has 30 seconds left.\n|j|☆Tomh2000\n|inactive|Tomh2000 reconnected.\n|player|p2|Tomh2000|2|\n|inactive|HEARTIER has 20 seconds left.\n|\n|t:|1771256075\n|-terastallize|p2a: Groudon|Fire\n|move|p1a: Frosmoth|Protect|p1a: Frosmoth\n|-singleturn|p1a: Frosmoth|Protect\n|move|p2b: Trevenant|Wood Hammer|p1b: Blastoise\n|-supereffective|p1b: Blastoise\n|-end|p1b: Blastoise|Substitute\n|-damage|p2b: Trevenant|271/293|[from] Recoil|[of] p1b: Blastoise\n|move|p2a: Groudon|Heat Crash|p1a: Frosmoth\n|-activate|p1a: Frosmoth|move: Protect\n|move|p1b: Blastoise|Wave Crash|p2a: Groudon\n|-supereffective|p2a: Groudon\n|-damage|p2a: Groudon|160/252\n|-damage|p1b: Blastoise|213/267|[from] Recoil\n|\n|-weather|SunnyDay|[upkeep]\n|upkeep\n|turn|5\n|inactive|HEARTIER has 30 seconds left.\n|inactive|HEARTIER has 20 seconds left.\n|inactive|HEARTIER has 15 seconds left.\n|\n|t:|1771256105\n|switch|p1b: Orthworm|Orthworm, L88, F|61/266\n|-terastallize|p1a: Frosmoth|Ground\n|move|p2b: Trevenant|Wood Hammer|p1b: Orthworm\n|-resisted|p1b: Orthworm\n|-damage|p1b: Orthworm|15/266\n|-damage|p2b: Trevenant|256/293|[from] Recoil\n|move|p1a: Frosmoth|Quiver Dance|p1a: Frosmoth\n|-boost|p1a: Frosmoth|spa|1\n|-boost|p1a: Frosmoth|spd|1\n|-boost|p1a: Frosmoth|spe|1\n|move|p2a: Groudon|Heat Crash|p1a: Frosmoth\n|-damage|p1a: Frosmoth|27/261\n|\n|-weather|SunnyDay|[upkeep]\n|upkeep\n|turn|6\n|inactive|HEARTIER has 30 seconds left.\n|\n|t:|1771256127\n|move|p1a: Frosmoth|Protect|p1a: Frosmoth\n|-singleturn|p1a: Frosmoth|Protect\n|move|p2b: Trevenant|Wood Hammer|p1a: Frosmoth\n|-activate|p1a: Frosmoth|move: Protect\n|move|p1b: Orthworm|Body Press|p2a: Groudon\n|-damage|p2a: Groudon|86/252\n|-enditem|p2a: Groudon|Sitrus Berry|[eat]\n|-heal|p2a: Groudon|149/252|[from] item: Sitrus Berry\n|move|p2a: Groudon|Heat Crash|p1b: Orthworm\n|-supereffective|p1b: Orthworm\n|-damage|p1b: Orthworm|0 fnt\n|faint|p1b: Orthworm\n|\n|-weather|SunnyDay|[upkeep]\n|-fieldend|move: Trick Room\n|upkeep\n|inactive|HEARTIER has 30 seconds left this turn.\n|inactive|HEARTIER has 20 seconds left.\n|inactive|HEARTIER has 15 seconds left.\n|inactive|HEARTIER has 10 seconds left.\n|\n|t:|1771256150\n|switch|p1b: Blastoise|Blastoise, L83, F|213/267\n|turn|7\n|inactive|HEARTIER has 30 seconds left.\n|\n|t:|1771256163\n|move|p1b: Blastoise|Fake Out|p2a: Groudon\n|-damage|p2a: Groudon|125/252\n|move|p1a: Frosmoth|Ice Beam|p2b: Trevenant\n|-supereffective|p2b: Trevenant\n|-damage|p2b: Trevenant|0 fnt\n|faint|p2b: Trevenant\n|cant|p2a: Groudon|flinch\n|\n|-weather|SunnyDay|[upkeep]\n|upkeep\n|\n|t:|1771256171\n|switch|p2b: Morpeko|Morpeko, L88, M|245/245\n|turn|8\n|\n|t:|1771256180\n|switch|p1b: Excadrill|Excadrill, L82, F|315/315\n|-ability|p1b: Excadrill|Mold Breaker\n|move|p1a: Frosmoth|Protect|p1a: Frosmoth\n|-singleturn|p1a: Frosmoth|Protect\n|move|p2b: Morpeko|Aura Wheel|p1b: Excadrill\n|-immune|p1b: Excadrill\n|move|p2a: Groudon|Heat Crash|p1a: Frosmoth\n|-activate|p1a: Frosmoth|move: Protect\n|\n|-weather|none\n|-formechange|p2b: Morpeko|Morpeko-Hangry||[from] ability: Hunger Switch\n|upkeep\n|turn|9\n|\n|t:|1771256196\n|move|p2b: Morpeko|Protect|p2b: Morpeko\n|-singleturn|p2b: Morpeko|Protect\n|move|p1a: Frosmoth|Tera Blast|p2b: Morpeko|[anim] Tera Blast Ground\n|-activate|p2b: Morpeko|move: Protect\n|move|p1b: Excadrill|High Horsepower|p2a: Groudon\n|-supereffective|p2a: Groudon\n|-damage|p2a: Groudon|0 fnt\n|faint|p2a: Groudon\n|-damage|p1b: Excadrill|284/315|[from] item: Life Orb\n|\n|-formechange|p2b: Morpeko|Morpeko||[from] ability: Hunger Switch\n|upkeep\n|\n|t:|1771256207\n|switch|p2a: Kyogre|Kyogre, L65|136/238\n|-weather|RainDance|[from] ability: Drizzle|[of] p2a: Kyogre\n|turn|10\n|inactive|HEARTIER has 90 seconds left.\n|\n|t:|1771256222\n|switch|p2b: Rotom|Rotom, L90|236/236\n|move|p1a: Frosmoth|Tera Blast|p2b: Rotom|[anim] Tera Blast Ground\n|-immune|p2b: Rotom|[from] ability: Levitate\n|move|p2a: Kyogre|Origin Pulse|p1b: Excadrill|[spread] p1a,p1b\n|-supereffective|p1a: Frosmoth\n|-supereffective|p1b: Excadrill\n|-damage|p1a: Frosmoth|0 fnt\n|-damage|p1b: Excadrill|0 fnt\n|faint|p1a: Frosmoth\n|faint|p1b: Excadrill\n|\n|-weather|RainDance|[upkeep]\n|upkeep\n|\n|t:|1771256230\n|switch|p1b: Zamazenta|Zamazenta, L72|251/251\n|switch|p1a: Blastoise|Blastoise, L83, F|213/267\n|-ability|p1b: Zamazenta|Dauntless Shield|boost\n|-boost|p1b: Zamazenta|def|1\n|turn|11\n|inactive|HEARTIER has 90 seconds left.\n|\n|t:|1771256248\n|move|p1a: Blastoise|Fake Out|p2a: Kyogre\n|-damage|p2a: Kyogre|102/238\n|move|p1b: Zamazenta|Crunch|p2b: Rotom\n|-supereffective|p2b: Rotom\n|-damage|p2b: Rotom|140/236\n|cant|p2a: Kyogre|flinch\n|move|p2b: Rotom|Will-O-Wisp|p1a: Blastoise\n|-status|p1a: Blastoise|brn\n|\n|-weather|RainDance|[upkeep]\n|-damage|p1a: Blastoise|197/267 brn|[from] brn\n|upkeep\n|turn|12\n|l|☆Tomh2000\n|inactive|Tomh2000 disconnected and has a minute to reconnect!\n|player|p2|\n|j|☆Tomh2000\n|inactive|Tomh2000 reconnected and has 130 seconds left.\n|player|p2|Tomh2000|2|\n|\n|t:|1771256277\n|move|p1b: Zamazenta|Crunch|p2b: Rotom\n|-supereffective|p2b: Rotom\n|-damage|p2b: Rotom|40/236\n|move|p2a: Kyogre|Origin Pulse|p1a: Blastoise|[spread] p1a,p1b\n|-resisted|p1a: Blastoise\n|-damage|p1a: Blastoise|145/267 brn\n|-damage|p1b: Zamazenta|139/251\n|move|p2b: Rotom|Will-O-Wisp|p1b: Zamazenta\n|-status|p1b: Zamazenta|brn\n|move|p1a: Blastoise|Wave Crash|p2b: Rotom\n|-damage|p2b: Rotom|0 fnt\n|faint|p2b: Rotom\n|-damage|p1a: Blastoise|132/267 brn|[from] Recoil\n|-enditem|p1a: Blastoise|Sitrus Berry|[eat]\n|-heal|p1a: Blastoise|198/267 brn|[from] item: Sitrus Berry\n|\n|-weather|RainDance|[upkeep]\n|-heal|p1b: Zamazenta|154/251 brn|[from] item: Leftovers\n|-damage|p1b: Zamazenta|139/251 brn|[from] brn\n|-damage|p1a: Blastoise|182/267 brn|[from] brn\n|upkeep\n|inactive|Tomh2000 has 120 seconds left.\n|\n|t:|1771256289\n|switch|p2b: Morpeko|Morpeko, L88, M|245/245\n|turn|13\n|\n|t:|1771256301\n|move|p1b: Zamazenta|Body Press|p2b: Morpeko\n|-supereffective|p2b: Morpeko\n|-damage|p2b: Morpeko|112/245\n|-enditem|p2b: Morpeko|Sitrus Berry|[eat]\n|-heal|p2b: Morpeko|173/245|[from] item: Sitrus Berry\n|move|p2a: Kyogre|Origin Pulse|p1b: Zamazenta|[spread] p1a,p1b\n|-resisted|p1a: Blastoise\n|-damage|p1a: Blastoise|132/267 brn\n|-damage|p1b: Zamazenta|27/251 brn\n|move|p2b: Morpeko|Electroweb|p1b: Zamazenta|[spread] p1a,p1b\n|-supereffective|p1a: Blastoise\n|-damage|p1a: Blastoise|64/267 brn\n|-damage|p1b: Zamazenta|0 fnt\n|-unboost|p1a: Blastoise|spe|1\n|faint|p1b: Zamazenta\n|move|p1a: Blastoise|Wave Crash|p2b: Morpeko\n|-damage|p2b: Morpeko|15/245\n|-damage|p1a: Blastoise|12/267 brn|[from] Recoil\n|\n|-weather|RainDance|[upkeep]\n|-damage|p1a: Blastoise|0 fnt|[from] brn\n|faint|p1a: Blastoise\n|\n|win|Tomh2000\n|raw|HEARTIER's rating: 1620 &rarr; <strong>1599</strong><br />(-21 for losing)\n|raw|Tomh2000's rating: 1607 &rarr; <strong>1628</strong><br />(+21 for winning)\n|l|☆HEARTIER\n|player|p1|\n|l|☆Tomh2000\n|player|p2|\n|j|☆Tomh2000\n|player|p2|Tomh2000|2|\n", "inputlog": ">version 686819e5e19f8a7fd2345cfc5a08a5085efa2cc3\n>start {\"formatid\":\"gen9randomdoublesbattle\",\"seed\":\"sodium,921f98462f2fbed9fa52a5161d4b9473\",\"rated\":\"Rated battle\"}\n>player p1 {\"name\":\"HEARTIER\",\"avatar\":\"265\",\"rating\":1620,\"seed\":\"sodium,4c56d84d66786f4383eb8660dce05466\"}\n>player p2 {\"name\":\"Tomh2000\",\"avatar\":\"2\",\"rating\":1607,\"seed\":\"sodium,47395335605a4488877bc674aed94f83\"}\n>p1 move shadowball +2, move shedtail\n>p2 move focusblast +2, move waterspout\n>p1 pass, switch 6\n>p1 move shadowball +1, move fakeout +2\n>p2 move trickroom, move waterspout\n>p1 move shadowball +1, move wavecrash +1\n>p2 move psychic +1, switch 3\n>p1 switch 4, pass\n>p2 switch 5, pass\n>p1 move protect, move wavecrash +1\n>p2 move heatcrash +1 terastallize, move woodhammer +2\n>p1 move quiverdance terastallize, switch 6\n>p2 move heatcrash +1, move woodhammer +2\n>p1 move protect, move bodypress +1\n>p2 move heatcrash +2, move woodhammer +1\n>p1 pass, switch 6\n>p1 move icebeam +2, move fakeout +1\n>p2 move thunderwave +2, move woodhammer +1\n>p2 pass, switch 6\n>p1 move protect, switch 5\n>p2 move heatcrash +1, move aurawheel +2\n>p1 move terablast +2, move highhorsepower +1\n>p2 move precipiceblades, move protect\n>p2 switch 3, pass\n>p1 move terablast +2, move highhorsepower +1\n>p2 move originpulse, switch 4\n>p1 switch 5, switch 3\n>p1 move fakeout +1, move crunch +2\n>p2 move originpulse, move willowisp +1\n>p1 move wavecrash +2, move crunch +2\n>p2 move originpulse, move willowisp +2\n>p2 pass, switch 4\n>p1 move wavecrash +2, move bodypress +2\n>p2 move originpulse, move electroweb", "uploadtime": 1771256342, "views": 13, "formatid": "gen9randomdoublesbattle", "rating": 1599, "private": 0, "password": null}