{"id": "gen9randomdoublesbattle-2536499905", "format": "[Gen 9] Random Doubles Battle", "players": ["luicbpty", "The Legend 2786"], "log": "|j|☆luicbpty\n|j|☆The Legend 2786\n|t:|1770695794\n|gametype|doubles\n|player|p1|luicbpty|265|1557\n|player|p2|The Legend 2786|102|1706\n|gen|9\n|tier|[Gen 9] Random Doubles Battle\n|rated|\n|rule|Species Clause: Limit one of each Pokémon\n|rule|HP Percentage Mod: HP is shown in percentages\n|rule|Illusion Level Mod: Illusion disguises the Pokémon's true level\n|rule|Sleep Clause Mod: Limit one foe put to sleep\n|\n|t:|1770695794\n|teamsize|p1|6\n|teamsize|p2|6\n|start\n|switch|p1a: Murkrow|Murkrow, L90, F|254/254\n|switch|p1b: Yanmega|Yanmega, L84, M|282/282\n|switch|p2a: Fezandipiti|Fezandipiti, L81, M|275/275\n|switch|p2b: Chimecho|Chimecho, L94, M|293/293\n|turn|1\n|inactive|Battle timer is ON: inactive players will automatically lose when time's up. (requested by The Legend 2786)\n|inactive|luicbpty has 120 seconds left.\n|\n|t:|1770695839\n|-terastallize|p1a: Murkrow|Ghost\n|move|p1a: Murkrow|Tailwind|p1a: Murkrow\n|-sidestart|p1: luicbpty|move: Tailwind\n|move|p1b: Yanmega|Air Slash|p2a: Fezandipiti\n|-damage|p2a: Fezandipiti|211/275\n|-damage|p1b: Yanmega|254/282|[from] item: Life Orb\n|move|p2a: Fezandipiti|Icy Wind|p1b: Yanmega|[spread] p1a,p1b\n|-supereffective|p1b: Yanmega\n|-damage|p1a: Murkrow|233/254\n|-damage|p1b: Yanmega|196/282\n|-unboost|p1a: Murkrow|spe|1\n|-unboost|p1b: Yanmega|spe|1\n|move|p2b: Chimecho|Icy Wind|p1b: Yanmega|[spread] p1a,p1b\n|-supereffective|p1b: Yanmega\n|-damage|p1a: Murkrow|199/254\n|-damage|p1b: Yanmega|94/282\n|-unboost|p1a: Murkrow|spe|1\n|-unboost|p1b: Yanmega|spe|1\n|\n|-ability|p1b: Yanmega|Speed Boost|boost\n|-boost|p1b: Yanmega|spe|1\n|upkeep\n|turn|2\n|inactive|The Legend 2786 has 120 seconds left.\n|\n|t:|1770695881\n|move|p1a: Murkrow|Haze|p1a: Murkrow\n|-clearallboost\n|move|p1b: Yanmega|Bug Buzz|p2b: Chimecho\n|-supereffective|p2b: Chimecho\n|-damage|p2b: Chimecho|49/293\n|-enditem|p2b: Chimecho|Sitrus Berry|[eat]\n|-heal|p2b: Chimecho|122/293|[from] item: Sitrus Berry\n|-damage|p1b: Yanmega|66/282|[from] item: Life Orb\n|move|p2a: Fezandipiti|Moonblast|p1b: Yanmega\n|-damage|p1b: Yanmega|0 fnt\n|faint|p1b: Yanmega\n|move|p2b: Chimecho|Icy Wind|p1a: Murkrow\n|-damage|p1a: Murkrow|147/254\n|-unboost|p1a: Murkrow|spe|1\n|\n|upkeep\n|inactive|luicbpty has 120 seconds left.\n|\n|t:|1770695906\n|switch|p1b: Magnezone|Magnezone, L84|255/255\n|turn|3\n|inactive|luicbpty has 120 seconds left.\n|\n|t:|1770695936\n|switch|p2a: Galvantula|Galvantula, L85, F|258/258\n|move|p1a: Murkrow|Haze|p1a: Murkrow\n|-clearallboost\n|move|p1b: Magnezone|Electroweb|p2a: Galvantula|[spread] p2a,p2b\n|-resisted|p2a: Galvantula\n|-damage|p2a: Galvantula|220/258\n|-damage|p2b: Chimecho|71/293\n|-unboost|p2a: Galvantula|spe|1\n|-unboost|p2b: Chimecho|spe|1\n|move|p2b: Chimecho|Icy Wind|p1b: Magnezone|[spread] p1a,p1b\n|-resisted|p1b: Magnezone\n|-damage|p1a: Murkrow|113/254\n|-damage|p1b: Magnezone|237/255\n|-unboost|p1a: Murkrow|spe|1\n|-unboost|p1b: Magnezone|spe|1\n|\n|upkeep\n|turn|4\n|inactive|luicbpty has 120 seconds left.\n|\n|t:|1770695959\n|move|p1a: Murkrow|Taunt|p2a: Galvantula\n|-start|p2a: Galvantula|move: Taunt\n|move|p1b: Magnezone|Flash Cannon|p2b: Chimecho\n|-damage|p2b: Chimecho|0 fnt\n|faint|p2b: Chimecho\n|cant|p2a: Galvantula|move: Taunt|Sticky Web\n|\n|-sideend|p1: luicbpty|move: Tailwind\n|upkeep\n|inactive|The Legend 2786 has 120 seconds left.\n|\n|t:|1770695980\n|switch|p2b: Great Tusk|Great Tusk, L81|319/319\n|turn|5\n|\n|t:|1770696003\n|switch|p1b: Virizion|Virizion, L86|297/297\n|move|p1a: Murkrow|Tailwind|p1a: Murkrow\n|-sidestart|p1: luicbpty|move: Tailwind\n|move|p2b: Great Tusk|Headlong Rush|p1b: Virizion\n|-resisted|p1b: Virizion\n|-damage|p1b: Virizion|210/297\n|-unboost|p2b: Great Tusk|def|1\n|-unboost|p2b: Great Tusk|spd|1\n|move|p2a: Galvantula|Thunder|p1a: Murkrow\n|-damage|p1a: Murkrow|0 fnt\n|faint|p1a: Murkrow\n|\n|upkeep\n|inactive|luicbpty has 120 seconds left.\n|\n|t:|1770696032\n|switch|p1a: Grumpig|Grumpig, L91, M|293/293\n|turn|6\n|inactive|luicbpty has 120 seconds left.\n|\n|t:|1770696058\n|-end|p2b: Great Tusk|Protosynthesis|[silent]\n|switch|p2b: Palafin|Palafin, L79, F|288/288\n|switch|p2a: Politoed|Politoed, L82, F|282/282\n|-weather|RainDance|[from] ability: Drizzle|[of] p2a: Politoed\n|move|p1b: Virizion|Leaf Storm|p2b: Palafin\n|-supereffective|p2b: Palafin\n|-damage|p2b: Palafin|0 fnt\n|-unboost|p1b: Virizion|spa|2\n|faint|p2b: Palafin\n|move|p1a: Grumpig|Nasty Plot|p1a: Grumpig\n|-boost|p1a: Grumpig|spa|2\n|\n|-weather|RainDance|[upkeep]\n|upkeep\n|inactive|The Legend 2786 has 120 seconds left.\n|\n|t:|1770696071\n|switch|p2b: Galvantula|Galvantula, L85, F|220/258\n|turn|7\n|inactive|The Legend 2786 has 120 seconds left.\n|\n|t:|1770696103\n|move|p1b: Virizion|Leaf Storm|p2a: Politoed\n|-supereffective|p2a: Politoed\n|-damage|p2a: Politoed|154/282\n|-unboost|p1b: Virizion|spa|2\n|move|p1a: Grumpig|Psychic|p2b: Galvantula\n|-damage|p2b: Galvantula|0 fnt\n|faint|p2b: Galvantula\n|-damage|p1a: Grumpig|264/293|[from] item: Life Orb\n|move|p2a: Politoed|Muddy Water|p1a: Grumpig|[spread] p1a,p1b\n|-resisted|p1b: Virizion\n|-damage|p1a: Grumpig|185/293\n|-damage|p1b: Virizion|175/297\n|-unboost|p1b: Virizion|accuracy|1\n|\n|-weather|RainDance|[upkeep]\n|upkeep\n|\n|t:|1770696131\n|switch|p2b: Great Tusk|Great Tusk, L81|319/319\n|turn|8\n|\n|t:|1770696157\n|switch|p1b: Virizion|Virizion, L86|238/238\n|-terastallize|p2b: Great Tusk|Fire\n|move|p1a: Grumpig|Protect|p1a: Grumpig\n|-singleturn|p1a: Grumpig|Protect\n|move|p2b: Great Tusk|Knock Off|p1a: Grumpig\n|-activate|p1a: Grumpig|move: Protect\n|move|p2a: Politoed|Muddy Water|p1a: Grumpig|[spread] p1b\n|-activate|p1a: Grumpig|move: Protect\n|-damage|p1b: Virizion|117/238\n|-unboost|p1b: Virizion|accuracy|1\n|replace|p1b: Zoroark|Zoroark, L84, M\n|-end|p1b: Zoroark|Illusion\n|-hint|Illusion Level Mod is active, so this Pokémon's true level was hidden.\n|\n|-weather|RainDance|[upkeep]\n|-sideend|p1: luicbpty|move: Tailwind\n|upkeep\n|turn|9\n|\n|t:|1770696182\n|move|p1b: Zoroark|Dark Pulse|p2a: Politoed\n|-damage|p2a: Politoed|21/282\n|-enditem|p2a: Politoed|Sitrus Berry|[eat]\n|-heal|p2a: Politoed|91/282|[from] item: Sitrus Berry\n|-damage|p1b: Zoroark|94/238|[from] item: Life Orb\n|move|p1a: Grumpig|Psychic|p2b: Great Tusk\n|-damage|p2b: Great Tusk|29/319\n|-damage|p1a: Grumpig|156/293|[from] item: Life Orb\n|move|p2b: Great Tusk|Knock Off|p1a: Grumpig\n|-supereffective|p1a: Grumpig\n|-damage|p1a: Grumpig|0 fnt\n|-enditem|p1a: Grumpig|Life Orb|[from] move: Knock Off|[of] p2b: Great Tusk\n|faint|p1a: Grumpig\n|move|p2a: Politoed|Muddy Water|p1b: Zoroark\n|-damage|p1b: Zoroark|0 fnt\n|faint|p1b: Zoroark\n|\n|-weather|RainDance|[upkeep]\n|upkeep\n|inactive|luicbpty has 120 seconds left.\n|\n|t:|1770696204\n|switch|p1b: Magnezone|Magnezone, L84|237/255\n|switch|p1a: Virizion|Virizion, L86|175/297\n|turn|10\n|inactive|luicbpty has 120 seconds left.\n|inactive|The Legend 2786 has 120 seconds left.\n|\n|t:|1770696245\n|switch|p2a: Fezandipiti|Fezandipiti, L81, M|211/275\n|move|p1a: Virizion|Close Combat|p2b: Great Tusk\n|-damage|p2b: Great Tusk|0 fnt\n|-unboost|p1a: Virizion|def|1\n|-unboost|p1a: Virizion|spd|1\n|faint|p2b: Great Tusk\n|-end|p2b: Great Tusk|Protosynthesis|[silent]\n|move|p1b: Magnezone|Electroweb|p2a: Fezandipiti\n|-damage|p2a: Fezandipiti|171/275\n|-unboost|p2a: Fezandipiti|spe|1\n|\n|-weather|none\n|upkeep\n|\n|t:|1770696269\n|switch|p2b: Politoed|Politoed, L82, F|91/282\n|-weather|RainDance|[from] ability: Drizzle|[of] p2b: Politoed\n|turn|11\n|inactive|The Legend 2786 has 120 seconds left.\n|\n|t:|1770696276\n|move|p1a: Virizion|Leaf Storm|p2b: Politoed\n|-supereffective|p2b: Politoed\n|-damage|p2b: Politoed|0 fnt\n|-unboost|p1a: Virizion|spa|2\n|faint|p2b: Politoed\n|move|p1b: Magnezone|Flash Cannon|p2a: Fezandipiti\n|-supereffective|p2a: Fezandipiti\n|-damage|p2a: Fezandipiti|63/275\n|move|p2a: Fezandipiti|Moonblast|p1a: Virizion\n|-supereffective|p1a: Virizion\n|-damage|p1a: Virizion|23/297\n|-unboost|p1a: Virizion|spa|1\n|-enditem|p1a: Virizion|Sitrus Berry|[eat]\n|-heal|p1a: Virizion|97/297|[from] item: Sitrus Berry\n|\n|-weather|RainDance|[upkeep]\n|upkeep\n|turn|12\n|-message|The Legend 2786 forfeited.\n|\n|win|luicbpty\n|raw|luicbpty's rating: 1557 &rarr; <strong>1585</strong><br />(+28 for winning)\n|raw|The Legend 2786's rating: 1706 &rarr; <strong>1678</strong><br />(-28 for losing)\n|l|☆The Legend 2786\n|player|p2|\n", "inputlog": ">version ccdc32dd7cde25fd9e4bed64820e885f66e78a4e\n>start {\"formatid\":\"gen9randomdoublesbattle\",\"seed\":\"sodium,11a8bdc59bf504e82e592c5fc3f25094\",\"rated\":\"Rated battle\"}\n>player p1 {\"name\":\"luicbpty\",\"avatar\":\"265\",\"rating\":1557,\"seed\":\"sodium,4f079fbe3a870c829a490d3a2bfb580e\"}\n>player p2 {\"name\":\"The Legend 2786\",\"avatar\":\"102\",\"rating\":1706,\"seed\":\"sodium,ab3f6f749d1e0ac840a527a8d57d1037\"}\n>p1 move tailwind terastallize, move airslash +1\n>p2 move icywind, move icywind\n>p1 move haze, move bugbuzz +2\n>p2 move moonblast +2, move icywind\n>p1 pass, switch 6\n>p1 move haze, move electroweb\n>p2 switch 4, move icywind\n>p1 move taunt +1, move flashcannon +2\n>p2 move stickyweb, move icywind\n>p2 pass, switch 3\n>p1 move tailwind, switch 4\n>p2 move thunder +1, move headlongrush +2\n>p1 switch 3, pass\n>p1 move nastyplot, move leafstorm +2\n>p2 switch 5, switch 6\n>p2 pass, switch 5\n>p1 move psychic +2, move leafstorm +1\n>p2 move muddywater, move stickyweb\n>p2 pass, switch 6\n>p1 move protect, switch 5\n>p2 move muddywater, move knockoff +1 terastallize\n>p1 move psychic +2, move darkpulse +1\n>p2 move muddywater, move knockoff +1\n>p1 switch 5, switch 4\n>p1 move closecombat +2, move electroweb\n>p2 switch 4, move headlongrush +2\n>p2 pass, switch 4\n>p1 move leafstorm +2, move flashcannon +1\n>p2 move moonblast +1, move muddywater\n>forcelose p2", "uploadtime": 1770696305, "views": 67, "formatid": "gen9randomdoublesbattle", "rating": 1585, "private": 0, "password": null}