{"id": "gen9randomdoublesbattle-2534645935", "format": "[Gen 9] Random Doubles Battle", "players": ["Max Rayder", "vicctre"], "log": "|j|☆Max Rayder\n|j|☆vicctre\n|t:|1770452963\n|gametype|doubles\n|player|p1|Max Rayder|1|1810\n|player|p2|vicctre|clown|1749\n|gen|9\n|tier|[Gen 9] Random Doubles Battle\n|rated|\n|rule|Species Clause: Limit one of each Pokémon\n|rule|HP Percentage Mod: HP is shown in percentages\n|rule|Illusion Level Mod: Illusion disguises the Pokémon's true level\n|rule|Sleep Clause Mod: Limit one foe put to sleep\n|\n|t:|1770452963\n|teamsize|p1|6\n|teamsize|p2|6\n|start\n|switch|p1a: Eelektross|Eelektross, L86, M|286/286\n|switch|p1b: Meganium|Meganium, L91, M|293/293\n|switch|p2a: Indeedee|Indeedee-F, L91, F|275/275\n|switch|p2b: Thundurus|Thundurus, L79, M|254/254\n|-fieldstart|move: Psychic Terrain|[from] ability: Psychic Surge|[of] p2a: Indeedee\n|turn|1\n|l|☆Max Rayder\n|player|p1|\n|inactive|Battle timer is ON: inactive players will automatically lose when time's up. (requested by vicctre)\n|j|☆Max Rayder\n|inactive|Max Rayder reconnected and has 125 seconds left.\n|player|p1|Max Rayder|1|\n|\n|t:|1770453075\n|move|p2a: Indeedee|Protect|p2a: Indeedee\n|-singleturn|p2a: Indeedee|Protect\n|move|p2b: Thundurus|Nasty Plot|p2b: Thundurus\n|-boost|p2b: Thundurus|spa|2\n|move|p1b: Meganium|Knock Off|p2b: Thundurus\n|-damage|p2b: Thundurus|167/254\n|-enditem|p2b: Thundurus|Life Orb|[from] move: Knock Off|[of] p1b: Meganium\n|move|p1a: Eelektross|Knock Off|p2a: Indeedee\n|-activate|p2a: Indeedee|move: Protect\n|\n|upkeep\n|turn|2\n|\n|t:|1770453104\n|-terastallize|p2b: Thundurus|Ice\n|move|p2a: Indeedee|Helping Hand|p2b: Thundurus\n|-singleturn|p2b: Thundurus|Helping Hand|[of] p2a: Indeedee\n|move|p2b: Thundurus|Tera Blast|p1b: Meganium|[anim] Tera Blast Ice\n|-supereffective|p1b: Meganium\n|-damage|p1b: Meganium|0 fnt\n|faint|p1b: Meganium\n|move|p1a: Eelektross|Electroweb|p2a: Indeedee|[spread] p2a,p2b\n|-damage|p2a: Indeedee|236/275\n|-damage|p2b: Thundurus|113/254\n|-unboost|p2a: Indeedee|spe|1\n|-unboost|p2b: Thundurus|spe|1\n|-ability|p2b: Thundurus|Defiant|boost\n|-boost|p2b: Thundurus|atk|2\n|\n|upkeep\n|inactive|Max Rayder has 120 seconds left.\n|\n|t:|1770453127\n|switch|p1b: Oricorio|Oricorio, L85, F|266/266\n|turn|3\n|\n|t:|1770453136\n|move|p2a: Indeedee|Follow Me|p2a: Indeedee\n|-singleturn|p2a: Indeedee|move: Follow Me\n|move|p1b: Oricorio|Revelation Dance|p2a: Indeedee\n|-damage|p2a: Indeedee|160/275\n|move|p2b: Thundurus|Wildbolt Storm|p1a: Eelektross|[spread] p1a\n|-miss|p2b: Thundurus|p1b: Oricorio\n|-resisted|p1a: Eelektross\n|-damage|p1a: Eelektross|227/286\n|move|p1a: Eelektross|Knock Off|p2a: Indeedee\n|-supereffective|p2a: Indeedee\n|-damage|p2a: Indeedee|0 fnt\n|-enditem|p2a: Indeedee|Sitrus Berry|[from] move: Knock Off|[of] p1a: Eelektross\n|faint|p2a: Indeedee\n|\n|upkeep\n|\n|t:|1770453150\n|switch|p2a: Klefki|Klefki, L81, M|225/225\n|turn|4\n|\n|t:|1770453158\n|move|p1b: Oricorio|Protect|p1b: Oricorio\n|-singleturn|p1b: Oricorio|Protect\n|move|p2a: Klefki|Thunder Wave|p1b: Oricorio\n|-activate|p1b: Oricorio|move: Protect\n|move|p2b: Thundurus|Wildbolt Storm|p1b: Oricorio|[spread] p1a\n|-activate|p1b: Oricorio|move: Protect\n|-resisted|p1a: Eelektross\n|-damage|p1a: Eelektross|167/286\n|move|p1a: Eelektross|Flamethrower|p2a: Klefki\n|-supereffective|p2a: Klefki\n|-damage|p2a: Klefki|79/225\n|-enditem|p2a: Klefki|Sitrus Berry|[eat]\n|-heal|p2a: Klefki|135/225|[from] item: Sitrus Berry\n|\n|upkeep\n|turn|5\n|\n|t:|1770453192\n|-terastallize|p1b: Oricorio|Ground\n|move|p2a: Klefki|Thunder Wave|p1b: Oricorio\n|-activate|p1b: Oricorio|move: Psychic Terrain\n|move|p1b: Oricorio|Quiver Dance|p1b: Oricorio\n|-boost|p1b: Oricorio|spa|1\n|-boost|p1b: Oricorio|spd|1\n|-boost|p1b: Oricorio|spe|1\n|move|p2b: Thundurus|Wildbolt Storm|p1b: Oricorio|[spread] \n|-immune|p1b: Oricorio\n|-miss|p2b: Thundurus|p1a: Eelektross\n|move|p1a: Eelektross|Flamethrower|p2b: Thundurus\n|-supereffective|p2b: Thundurus\n|-damage|p2b: Thundurus|0 fnt\n|faint|p2b: Thundurus\n|\n|-fieldend|move: Psychic Terrain\n|upkeep\n|\n|t:|1770453196\n|switch|p2b: Toucannon|Toucannon, L87, F|281/281\n|turn|6\n|\n|t:|1770453211\n|move|p1b: Oricorio|Revelation Dance|p2a: Klefki\n|-supereffective|p2a: Klefki\n|-damage|p2a: Klefki|0 fnt\n|faint|p2a: Klefki\n|move|p2b: Toucannon|Bullet Seed|p1b: Oricorio\n|-supereffective|p1b: Oricorio\n|-damage|p1b: Oricorio|193/266\n|-supereffective|p1b: Oricorio\n|-damage|p1b: Oricorio|125/266\n|-supereffective|p1b: Oricorio\n|-crit|p1b: Oricorio\n|-damage|p1b: Oricorio|21/266\n|-supereffective|p1b: Oricorio\n|-damage|p1b: Oricorio|0 fnt\n|faint|p1b: Oricorio\n|-hitcount|p1: Oricorio|4\n|-damage|p2b: Toucannon|253/281|[from] item: Life Orb\n|move|p1a: Eelektross|Thunderbolt|p2b: Toucannon\n|-supereffective|p2b: Toucannon\n|-damage|p2b: Toucannon|17/281\n|\n|upkeep\n|inactive|Max Rayder has 120 seconds left.\n|\n|t:|1770453239\n|switch|p1b: Arceus|Arceus-Psychic, L72|292/292\n|switch|p2a: Frosmoth|Frosmoth, L86, M|261/261\n|turn|7\n|\n|t:|1770453253\n|move|p1b: Arceus|Snarl|p2b: Toucannon|[spread] p2a,p2b\n|-damage|p2a: Frosmoth|250/261\n|-damage|p2b: Toucannon|0 fnt\n|-unboost|p2a: Frosmoth|spa|1\n|faint|p2b: Toucannon\n|move|p2a: Frosmoth|Quiver Dance|p2a: Frosmoth\n|-boost|p2a: Frosmoth|spa|1\n|-boost|p2a: Frosmoth|spd|1\n|-boost|p2a: Frosmoth|spe|1\n|move|p1a: Eelektross|Flamethrower|p2a: Frosmoth\n|-supereffective|p2a: Frosmoth\n|-damage|p2a: Frosmoth|158/261\n|\n|upkeep\n|\n|t:|1770453257\n|switch|p2b: Milotic|Milotic, L81, M|287/287\n|turn|8\n|\n|t:|1770453277\n|move|p2a: Frosmoth|Ice Beam|p1a: Eelektross\n|-damage|p1a: Eelektross|86/286\n|move|p1b: Arceus|Taunt|p2a: Frosmoth\n|-start|p2a: Frosmoth|move: Taunt\n|move|p2b: Milotic|Scald|p1a: Eelektross\n|-damage|p1a: Eelektross|31/286\n|-status|p1a: Eelektross|brn\n|move|p1a: Eelektross|Knock Off|p2a: Frosmoth\n|-damage|p2a: Frosmoth|105/261\n|-enditem|p2a: Frosmoth|Heavy-Duty Boots|[from] move: Knock Off|[of] p1a: Eelektross\n|\n|-damage|p1a: Eelektross|14/286 brn|[from] brn\n|upkeep\n|turn|9\n|\n|t:|1770453296\n|move|p2a: Frosmoth|Bug Buzz|p1b: Arceus\n|-supereffective|p1b: Arceus\n|-damage|p1b: Arceus|64/292\n|move|p1b: Arceus|Taunt|p2b: Milotic\n|-start|p2b: Milotic|move: Taunt\n|move|p2b: Milotic|Icy Wind|p1a: Eelektross|[spread] p1a,p1b\n|-damage|p1a: Eelektross|0 fnt\n|-damage|p1b: Arceus|40/292\n|-unboost|p1b: Arceus|spe|1\n|faint|p1a: Eelektross\n|\n|upkeep\n|\n|t:|1770453310\n|switch|p1a: Snorlax|Snorlax, L84, M|406/406\n|turn|10\n|\n|t:|1770453320\n|move|p2a: Frosmoth|Bug Buzz|p1b: Arceus\n|-supereffective|p1b: Arceus\n|-damage|p1b: Arceus|0 fnt\n|faint|p1b: Arceus\n|move|p1a: Snorlax|Heat Crash|p2a: Frosmoth\n|-supereffective|p2a: Frosmoth\n|-damage|p2a: Frosmoth|0 fnt\n|faint|p2a: Frosmoth\n|move|p2b: Milotic|Dragon Tail|p1a: Snorlax\n|-damage|p1a: Snorlax|371/406\n|drag|p1a: Sandaconda|Sandaconda, L88, M|270/270\n|\n|upkeep\n|\n|t:|1770453330\n|switch|p1b: Snorlax|Snorlax, L84, M|371/406\n|turn|11\n|\n|t:|1770453336\n|move|p2b: Milotic|Icy Wind|p1a: Sandaconda|[spread] p1a,p1b\n|-supereffective|p1a: Sandaconda\n|-damage|p1a: Sandaconda|206/270\n|-damage|p1b: Snorlax|360/406\n|-unboost|p1a: Sandaconda|spe|1\n|-unboost|p1b: Snorlax|spe|1\n|move|p1a: Sandaconda|Coil|p1a: Sandaconda\n|-boost|p1a: Sandaconda|atk|1\n|-boost|p1a: Sandaconda|def|1\n|-boost|p1a: Sandaconda|accuracy|1\n|move|p1b: Snorlax|Double-Edge|p2b: Milotic\n|-damage|p2b: Milotic|52/287\n|-enditem|p2b: Milotic|Sitrus Berry|[eat]\n|-heal|p2b: Milotic|123/287|[from] item: Sitrus Berry\n|-damage|p1b: Snorlax|282/406|[from] Recoil\n|\n|-heal|p1a: Sandaconda|222/270|[from] item: Leftovers\n|-end|p2b: Milotic|move: Taunt\n|upkeep\n|turn|12\n|-message|vicctre forfeited.\n|\n|win|Max Rayder\n|raw|Max Rayder's rating: 1810 &rarr; <strong>1827</strong><br />(+17 for winning)\n|raw|vicctre's rating: 1749 &rarr; <strong>1732</strong><br />(-17 for losing)\n|l|☆vicctre\n|player|p2|\n", "inputlog": ">version ccdc32dd7cde25fd9e4bed64820e885f66e78a4e\n>start {\"formatid\":\"gen9randomdoublesbattle\",\"seed\":\"sodium,4fe59f087efe4b9de28eccf43a8f8862\",\"rated\":\"Rated battle\"}\n>player p1 {\"name\":\"Max Rayder\",\"avatar\":\"1\",\"rating\":1810,\"seed\":\"sodium,80cc1eac3f55f05b111e2a4d5a56cd11\"}\n>player p2 {\"name\":\"vicctre\",\"avatar\":\"clown\",\"rating\":1749,\"seed\":\"sodium,0d18f7ea274b40f2f444f29e7aa21d9e\"}\n>p1 move knockoff +1, move knockoff +2\n>p2 move protect, move nastyplot\n>p1 move electroweb, move knockoff +1\n>p2 move helpinghand -2, move terablast +2 terastallize\n>p1 pass, switch 5\n>p1 move knockoff +1, move revelationdance +2\n>p2 move followme, move wildboltstorm\n>p2 switch 5, pass\n>p1 move flamethrower +1, move protect\n>p2 move thunderwave +2, move wildboltstorm\n>p1 move flamethrower +2, move quiverdance terastallize\n>p2 move thunderwave +2, move wildboltstorm\n>p2 pass, switch 3\n>p1 move thunderbolt +2, move revelationdance +1\n>p2 move foulplay +1, move bulletseed +2\n>p1 pass, switch 3\n>p2 switch 6, pass\n>p1 move flamethrower +1, move snarl\n>p2 move quiverdance, move bulletseed +1\n>p2 pass, switch 4\n>p1 move knockoff +1, move taunt +1\n>p2 move icebeam +1, move scald +1\n>p1 move flamethrower +1, move taunt +2\n>p2 move bugbuzz +2, move icywind\n>p1 switch 4, pass\n>p1 move heatcrash +1, move judgment +2\n>p2 move bugbuzz +2, move dragontail +1\n>p1 pass, switch 6\n>p1 move coil, move doubleedge +2\n>p2 pass, move icywind\n>forcelose p2", "uploadtime": 1770453354, "views": 90, "formatid": "gen9randomdoublesbattle", "rating": 1732, "private": 0, "password": null}