{"id": "gen9randomdoublesbattle-2540331869", "format": "[Gen 9] Random Doubles Battle", "players": ["dinispereira", "Dat Bummmmm"], "log": "|j|☆dinispereira\n|j|☆Dat Bummmmm\n|t:|1771189663\n|gametype|doubles\n|player|p1|dinispereira|#rbtt9faction2|1968\n|player|p2|Dat Bummmmm|crasherwake|2027\n|gen|9\n|tier|[Gen 9] Random Doubles Battle\n|rated|\n|rule|Species Clause: Limit one of each Pokémon\n|rule|HP Percentage Mod: HP is shown in percentages\n|rule|Illusion Level Mod: Illusion disguises the Pokémon's true level\n|rule|Sleep Clause Mod: Limit one foe put to sleep\n|\n|t:|1771189663\n|teamsize|p1|6\n|teamsize|p2|6\n|start\n|switch|p1a: Regirock|Regirock, L82|265/265\n|switch|p1b: Raichu|Raichu, L87, M|246/246\n|switch|p2a: Leafeon|Leafeon, L90, M|263/263\n|switch|p2b: Veluza|Veluza, L88, M|302/302\n|turn|1\n|inactive|Battle timer is ON: inactive players will automatically lose when time's up. (requested by dinispereira)\n|inactive|Dat Bummmmm has 120 seconds left.\n|\n|t:|1771189779\n|switch|p2b: Lanturn|Lanturn, L87, M|359/359\n|move|p1b: Raichu|Fake Out|p2a: Leafeon\n|-damage|p2a: Leafeon|243/263\n|cant|p2a: Leafeon|flinch\n|move|p1a: Regirock|Iron Defense|p1a: Regirock\n|-boost|p1a: Regirock|def|2\n|\n|upkeep\n|turn|2\n|\n|t:|1771189804\n|switch|p1b: Hitmontop|Hitmontop, L88, M|231/231\n|-ability|p1b: Hitmontop|Intimidate|boost\n|-unboost|p2a: Leafeon|atk|1\n|-unboost|p2b: Lanturn|atk|1\n|-terastallize|p1a: Regirock|Fighting\n|move|p2a: Leafeon|Leaf Blade|p1b: Hitmontop\n|-crit|p1b: Hitmontop\n|-damage|p1b: Hitmontop|15/231\n|-enditem|p1b: Hitmontop|Sitrus Berry|[eat]\n|-heal|p1b: Hitmontop|72/231|[from] item: Sitrus Berry\n|-damage|p2a: Leafeon|217/263|[from] item: Life Orb\n|move|p2b: Lanturn|Scald|p1a: Regirock\n|-damage|p1a: Regirock|192/265\n|move|p1a: Regirock|Body Press|p2b: Lanturn\n|-damage|p2b: Lanturn|0 fnt\n|faint|p2b: Lanturn\n|\n|-heal|p1a: Regirock|208/265|[from] item: Leftovers\n|upkeep\n|inactive|Dat Bummmmm has 120 seconds left.\n|\n|t:|1771189861\n|switch|p2b: Grumpig|Grumpig, L91, F|293/293\n|turn|3\n|\n|t:|1771189869\n|move|p2a: Leafeon|Protect|p2a: Leafeon\n|-singleturn|p2a: Leafeon|Protect\n|move|p2b: Grumpig|Protect|p2b: Grumpig\n|-singleturn|p2b: Grumpig|Protect\n|move|p1b: Hitmontop|Fake Out|p2b: Grumpig\n|-activate|p2b: Grumpig|move: Protect\n|move|p1a: Regirock|Body Press|p2b: Grumpig\n|-activate|p2b: Grumpig|move: Protect\n|\n|-heal|p1a: Regirock|224/265|[from] item: Leftovers\n|upkeep\n|turn|4\n|\n|t:|1771189883\n|switch|p1b: Bronzong|Bronzong, L87|258/258\n|move|p2a: Leafeon|Swords Dance|p2a: Leafeon\n|-boost|p2a: Leafeon|atk|2\n|move|p2b: Grumpig|Dazzling Gleam|p1a: Regirock|[spread] p1a,p1b\n|-supereffective|p1a: Regirock\n|-resisted|p1b: Bronzong\n|-damage|p1a: Regirock|115/265\n|-damage|p1b: Bronzong|235/258\n|-damage|p2b: Grumpig|264/293|[from] item: Life Orb\n|move|p1a: Regirock|Body Press|p2b: Grumpig\n|-resisted|p2b: Grumpig\n|-damage|p2b: Grumpig|111/293\n|\n|-heal|p1a: Regirock|131/265|[from] item: Leftovers\n|-heal|p1b: Bronzong|251/258|[from] item: Leftovers\n|upkeep\n|turn|5\n|\n|t:|1771189894\n|move|p2a: Leafeon|Leaf Blade|p1b: Bronzong\n|-resisted|p1b: Bronzong\n|-damage|p1b: Bronzong|167/258\n|-damage|p2a: Leafeon|191/263|[from] item: Life Orb\n|move|p2b: Grumpig|Psychic|p1a: Regirock\n|-supereffective|p1a: Regirock\n|-damage|p1a: Regirock|0 fnt\n|faint|p1a: Regirock\n|-damage|p2b: Grumpig|82/293|[from] item: Life Orb\n|move|p1b: Bronzong|Trick Room|p1b: Bronzong\n|-fieldstart|move: Trick Room|[of] p1b: Bronzong\n|\n|-heal|p1b: Bronzong|183/258|[from] item: Leftovers\n|upkeep\n|\n|t:|1771189910\n|switch|p1a: Brute Bonnet|Brute Bonnet, L80|309/309\n|turn|6\n|inactive|Dat Bummmmm has 120 seconds left.\n|inactive|Dat Bummmmm has 90 seconds left.\n|j| FreyaknightVGC\n|\n|t:|1771189995\n|move|p1b: Bronzong|Iron Defense|p1b: Bronzong\n|-boost|p1b: Bronzong|def|2\n|move|p1a: Brute Bonnet|Seed Bomb|p2b: Grumpig\n|-damage|p2b: Grumpig|0 fnt\n|faint|p2b: Grumpig\n|move|p2a: Leafeon|Double-Edge|p1a: Brute Bonnet\n|-damage|p1a: Brute Bonnet|110/309\n|-damage|p2a: Leafeon|148/263|[from] item: Rocky Helmet|[of] p1a: Brute Bonnet\n|-damage|p2a: Leafeon|82/263|[from] Recoil\n|-damage|p2a: Leafeon|56/263|[from] item: Life Orb\n|\n|-heal|p1b: Bronzong|199/258|[from] item: Leftovers\n|upkeep\n|\n|t:|1771190005\n|switch|p2b: Iron Jugulis|Iron Jugulis, L79|278/278\n|-enditem|p2b: Iron Jugulis|Booster Energy\n|-activate|p2b: Iron Jugulis|ability: Quark Drive|[fromitem]\n|-start|p2b: Iron Jugulis|quarkdrivespa\n|turn|7\n|\n|t:|1771190012\n|move|p1b: Bronzong|Body Press|p2a: Leafeon\n|-damage|p2a: Leafeon|0 fnt\n|faint|p2a: Leafeon\n|move|p1a: Brute Bonnet|Spore|p2b: Iron Jugulis\n|-status|p2b: Iron Jugulis|slp|[from] move: Spore\n|cant|p2b: Iron Jugulis|slp\n|\n|-heal|p1b: Bronzong|215/258|[from] item: Leftovers\n|upkeep\n|\n|t:|1771190015\n|switch|p2a: Coalossal|Coalossal, L90, M|344/344\n|turn|8\n|inactive|dinispereira has 120 seconds left.\n|\n|t:|1771190054\n|-end|p1a: Brute Bonnet|Protosynthesis|[silent]\n|switch|p1a: Hitmontop|Hitmontop, L88, M|72/231\n|-ability|p1a: Hitmontop|Intimidate|boost\n|-unboost|p2a: Coalossal|atk|1\n|-unboost|p2b: Iron Jugulis|atk|1\n|move|p1b: Bronzong|Body Press|p2a: Coalossal\n|-supereffective|p2a: Coalossal\n|-damage|p2a: Coalossal|146/344\n|-status|p1b: Bronzong|brn|[from] ability: Flame Body|[of] p2a: Coalossal\n|-enditem|p2a: Coalossal|Sitrus Berry|[eat]\n|-heal|p2a: Coalossal|232/344|[from] item: Sitrus Berry\n|move|p2a: Coalossal|Heat Wave|p1b: Bronzong|[spread] p1b\n|-miss|p2a: Coalossal|p1a: Hitmontop\n|-supereffective|p1b: Bronzong\n|-damage|p1b: Bronzong|93/258 brn\n|-curestatus|p2b: Iron Jugulis|slp|[msg]\n|move|p2b: Iron Jugulis|Dark Pulse|p1b: Bronzong\n|-supereffective|p1b: Bronzong\n|-damage|p1b: Bronzong|0 fnt\n|faint|p1b: Bronzong\n|\n|upkeep\n|\n|t:|1771190068\n|switch|p1b: Raichu|Raichu, L87, M|246/246\n|turn|9\n|inactive|Dat Bummmmm has 120 seconds left.\n|\n|t:|1771190097\n|move|p1a: Hitmontop|Fake Out|p2b: Iron Jugulis\n|-damage|p2b: Iron Jugulis|243/278\n|move|p1b: Raichu|Fake Out|p2a: Coalossal\n|-resisted|p2a: Coalossal\n|-damage|p2a: Coalossal|221/344\n|cant|p2a: Coalossal|flinch\n|cant|p2b: Iron Jugulis|flinch\n|\n|-fieldend|move: Trick Room\n|upkeep\n|turn|10\n|inactive|dinispereira has 120 seconds left.\n|\n|t:|1771190130\n|-terastallize|p2b: Iron Jugulis|Steel\n|move|p1b: Raichu|Encore|p2b: Iron Jugulis\n|-start|p2b: Iron Jugulis|Encore\n|move|p2b: Iron Jugulis|Dark Pulse|p1b: Raichu\n|-damage|p1b: Raichu|129/246\n|move|p1a: Hitmontop|Close Combat|p2a: Coalossal\n|-supereffective|p2a: Coalossal\n|-damage|p2a: Coalossal|21/344\n|-unboost|p1a: Hitmontop|def|1\n|-unboost|p1a: Hitmontop|spd|1\n|move|p2a: Coalossal|Heat Wave|p1a: Hitmontop|[spread] p1a,p1b\n|-damage|p1a: Hitmontop|0 fnt\n|-damage|p1b: Raichu|48/246\n|-enditem|p1b: Raichu|Sitrus Berry|[eat]\n|-heal|p1b: Raichu|109/246|[from] item: Sitrus Berry\n|faint|p1a: Hitmontop\n|\n|upkeep\n|\n|t:|1771190134\n|switch|p1a: Passimian|Passimian, L82, M|298/298\n|turn|11\n|inactive|Dat Bummmmm has 120 seconds left.\n|inactive|Dat Bummmmm has 90 seconds left.\n|\n|t:|1771190223\n|move|p1a: Passimian|Close Combat|p2b: Iron Jugulis\n|-supereffective|p2b: Iron Jugulis\n|-crit|p2b: Iron Jugulis\n|-damage|p2b: Iron Jugulis|0 fnt\n|-unboost|p1a: Passimian|def|1\n|-unboost|p1a: Passimian|spd|1\n|faint|p2b: Iron Jugulis\n|-end|p2b: Iron Jugulis|Quark Drive|[silent]\n|move|p1b: Raichu|Thunderbolt|p2a: Coalossal\n|-damage|p2a: Coalossal|0 fnt\n|faint|p2a: Coalossal\n|\n|upkeep\n|\n|t:|1771190226\n|switch|p2b: Veluza|Veluza, L88, M|302/302\n|turn|12\n|c|☆dinispereira|gg\n|-message|Dat Bummmmm forfeited.\n|\n|win|dinispereira\n|raw|dinispereira's rating: 1968 &rarr; <strong>1991</strong><br />(+23 for winning)\n|raw|Dat Bummmmm's rating: 2027 &rarr; <strong>2004</strong><br />(-23 for losing)\n|l|☆Dat Bummmmm\n|player|p2|\n|j| thepokemonuploads\n|l| thepokemonuploads\n|l|☆dinispereira\n|player|p1|\n", "inputlog": ">version 686819e5e19f8a7fd2345cfc5a08a5085efa2cc3\n>start {\"formatid\":\"gen9randomdoublesbattle\",\"seed\":\"sodium,ebea8cd0fd360a3f861830447ef09d07\",\"rated\":\"Rated battle\"}\n>player p1 {\"name\":\"dinispereira\",\"avatar\":\"#rbtt9faction2\",\"rating\":1968,\"seed\":\"sodium,615f57609f315cefa6ceb9ddbe97b0e6\"}\n>player p2 {\"name\":\"Dat Bummmmm\",\"avatar\":\"crasherwake\",\"rating\":2027,\"seed\":\"sodium,648d7f330f34a26451984dbe920cf6e1\"}\n>p1 move irondefense, move fakeout +1\n>p2 move leafblade +2, switch 4\n>p1 move bodypress +2 terastallize, switch 3\n>p2 move leafblade +2, move scald +1\n>p2 pass, switch 3\n>p1 move bodypress +2, move fakeout +2\n>p2 move protect, move protect\n>p1 move bodypress +2, switch 4\n>p2 move swordsdance, move dazzlinggleam\n>p1 move bodypress +1, move trickroom\n>p2 move leafblade +2, move psychic +1\n>p1 switch 6, pass\n>p1 move seedbomb +2, move irondefense\n>p2 move doubleedge +1, move dazzlinggleam\n>p2 pass, switch 6\n>p1 move spore +2, move bodypress +1\n>p2 move doubleedge +1, move darkpulse +2\n>p2 switch 5, pass\n>p1 switch 4, move bodypress +1\n>p2 move heatwave, move darkpulse +2\n>p1 pass, switch 3\n>p1 move fakeout +2, move fakeout +1\n>p2 move heatwave, move tailwind\n>p1 move closecombat +1, move encore +2\n>p2 move heatwave, move tailwind terastallize\n>p1 switch 5, pass\n>p1 move closecombat +2, move thunderbolt +1\n>p2 move heatwave, move darkpulse +2\n>p2 pass, switch 4\n>chat ☆dinispereira|gg\n>forcelose p2", "uploadtime": 1771191080, "views": 51, "formatid": "gen9randomdoublesbattle", "rating": 1991, "private": 0, "password": null}