{"id": "gen9randomdoublesbattle-2537027948", "format": "[Gen 9] Random Doubles Battle", "players": ["JaxAG", "rocci"], "log": "|j|☆JaxAG\n|j|☆rocci\n|t:|1770758266\n|gametype|doubles\n|player|p1|JaxAG|unknown|1525\n|player|p2|rocci|beauty-gen4dp|1597\n|gen|9\n|tier|[Gen 9] Random Doubles Battle\n|rated|\n|rule|Species Clause: Limit one of each Pokémon\n|rule|HP Percentage Mod: HP is shown in percentages\n|rule|Illusion Level Mod: Illusion disguises the Pokémon's true level\n|rule|Sleep Clause Mod: Limit one foe put to sleep\n|\n|t:|1770758266\n|teamsize|p1|6\n|teamsize|p2|6\n|start\n|switch|p1a: Registeel|Registeel, L78|253/253\n|switch|p1b: Metagross|Metagross, L80|259/259\n|switch|p2a: Sunflora|Sunflora, F|312/312\n|switch|p2b: Incineroar|Incineroar, L78, F|276/276\n|-ability|p2b: Incineroar|Intimidate|boost\n|-fail|p1a: Registeel|unboost|[from] ability: Clear Body|[of] p1a: Registeel\n|-fail|p1b: Metagross|unboost|[from] ability: Clear Body|[of] p1b: Metagross\n|turn|1\n|inactive|Battle timer is ON: inactive players will automatically lose when time's up. (requested by JaxAG)\n|\n|t:|1770758314\n|switch|p1b: Rotom|Rotom-Wash, L83|219/219\n|move|p2b: Incineroar|Flare Blitz|p1b: Rotom\n|-resisted|p1b: Rotom\n|-damage|p1b: Rotom|159/219\n|-status|p1b: Rotom|brn\n|-damage|p2b: Incineroar|256/276|[from] Recoil\n|move|p1a: Registeel|Body Press|p2a: Sunflora\n|-damage|p2a: Sunflora|229/312\n|move|p2a: Sunflora|Earth Power|p1b: Rotom\n|-immune|p1b: Rotom|[from] ability: Levitate\n|\n|-damage|p1b: Rotom|146/219 brn|[from] brn\n|upkeep\n|turn|2\n|\n|t:|1770758335\n|switch|p2b: Scyther|Scyther, L80, F|243/243\n|move|p1b: Rotom|Protect|p1b: Rotom\n|-singleturn|p1b: Rotom|Protect\n|move|p1a: Registeel|Thunder Wave|p2b: Scyther\n|-status|p2b: Scyther|par\n|move|p2a: Sunflora|Leaf Storm|p1b: Rotom\n|-activate|p1b: Rotom|move: Protect\n|\n|-damage|p1b: Rotom|133/219 brn|[from] brn\n|upkeep\n|turn|3\n|\n|t:|1770758361\n|switch|p1b: Arboliva|Arboliva, L88, F|281/281\n|move|p1a: Registeel|Iron Defense|p1a: Registeel\n|-boost|p1a: Registeel|def|2\n|move|p2a: Sunflora|Earth Power|p1a: Registeel\n|-supereffective|p1a: Registeel\n|-damage|p1a: Registeel|79/253\n|-damage|p2a: Sunflora|198/312|[from] item: Life Orb\n|move|p2b: Scyther|Bug Bite|p1b: Arboliva\n|-supereffective|p1b: Arboliva\n|-damage|p1b: Arboliva|101/281\n|-fieldstart|move: Grassy Terrain|[from] ability: Seed Sower|[of] p1b: Arboliva\n|\n|-heal|p1a: Registeel|94/253|[from] Grassy Terrain\n|-heal|p1a: Registeel|109/253|[from] item: Leftovers\n|-heal|p1b: Arboliva|118/281|[from] Grassy Terrain\n|-heal|p2a: Sunflora|217/312|[from] Grassy Terrain\n|upkeep\n|turn|4\n|inactive|JaxAG has 120 seconds left.\n|inactive|rocci has 120 seconds left.\n|\n|t:|1770758398\n|move|p2a: Sunflora|Protect|p2a: Sunflora\n|-singleturn|p2a: Sunflora|Protect\n|move|p1a: Registeel|Body Press|p2a: Sunflora\n|-activate|p2a: Sunflora|move: Protect\n|move|p1b: Arboliva|Pollen Puff|p1a: Registeel\n|-heal|p1a: Registeel|235/253\n|-damage|p1b: Arboliva|90/281|[from] item: Life Orb\n|move|p2b: Scyther|Tailwind|p2b: Scyther\n|-sidestart|p2: rocci|move: Tailwind\n|\n|-heal|p2a: Sunflora|236/312|[from] Grassy Terrain\n|-heal|p1a: Registeel|250/253|[from] Grassy Terrain\n|-heal|p1a: Registeel|253/253|[from] item: Leftovers\n|-heal|p1b: Arboliva|107/281|[from] Grassy Terrain\n|upkeep\n|turn|5\n|inactive|JaxAG has 120 seconds left.\n|inactive|rocci has 120 seconds left.\n|\n|t:|1770758432\n|switch|p1b: Metagross|Metagross, L80|259/259\n|move|p2a: Sunflora|Earth Power|p1a: Registeel\n|-supereffective|p1a: Registeel\n|-damage|p1a: Registeel|61/253\n|-damage|p2a: Sunflora|205/312|[from] item: Life Orb\n|cant|p2b: Scyther|par\n|move|p1a: Registeel|Thunder Wave|p2a: Sunflora\n|-status|p2a: Sunflora|par\n|\n|-heal|p1a: Registeel|76/253|[from] Grassy Terrain\n|-heal|p1a: Registeel|91/253|[from] item: Leftovers\n|-heal|p2a: Sunflora|224/312 par|[from] Grassy Terrain\n|upkeep\n|turn|6\n|inactive|JaxAG has 120 seconds left.\n|\n|t:|1770758456\n|move|p2b: Scyther|Bug Bite|p1b: Metagross\n|-damage|p1b: Metagross|190/259\n|move|p1b: Metagross|Heavy Slam|p2a: Sunflora\n|-damage|p2a: Sunflora|29/312 par\n|move|p1a: Registeel|Body Press|p2a: Sunflora\n|-damage|p2a: Sunflora|0 fnt\n|faint|p2a: Sunflora\n|\n|-heal|p1b: Metagross|206/259|[from] Grassy Terrain\n|-heal|p1a: Registeel|106/253|[from] Grassy Terrain\n|-heal|p1a: Registeel|121/253|[from] item: Leftovers\n|upkeep\n|\n|t:|1770758470\n|switch|p2a: Delphox|Delphox, L83, M|260/260\n|turn|7\n|inactive|JaxAG has 120 seconds left.\n|inactive|rocci has 120 seconds left.\n|\n|t:|1770758503\n|move|p2a: Delphox|Fire Blast|p1a: Registeel\n|-supereffective|p1a: Registeel\n|-damage|p1a: Registeel|0 fnt\n|faint|p1a: Registeel\n|-damage|p2a: Delphox|234/260|[from] item: Life Orb\n|move|p2b: Scyther|Bug Bite|p1b: Metagross\n|-damage|p1b: Metagross|136/259\n|move|p1b: Metagross|Heavy Slam|p2b: Scyther\n|-damage|p2b: Scyther|137/243 par\n|\n|-heal|p2a: Delphox|250/260|[from] Grassy Terrain\n|-heal|p1b: Metagross|152/259|[from] Grassy Terrain\n|-sideend|p2: rocci|move: Tailwind\n|-fieldend|move: Grassy Terrain\n|upkeep\n|inactive|JaxAG has 120 seconds left.\n|\n|t:|1770758516\n|switch|p1a: Vaporeon|Vaporeon, L84, F|356/356\n|turn|8\n|\n|t:|1770758525\n|move|p2a: Delphox|Protect|p2a: Delphox\n|-singleturn|p2a: Delphox|Protect\n|move|p1b: Metagross|Heavy Slam|p2b: Scyther\n|-damage|p2b: Scyther|32/243 par\n|move|p1a: Vaporeon|Icy Wind|p2a: Delphox|[spread] p2b\n|-activate|p2a: Delphox|move: Protect\n|-supereffective|p2b: Scyther\n|-damage|p2b: Scyther|0 fnt\n|faint|p2b: Scyther\n|\n|upkeep\n|\n|t:|1770758537\n|switch|p2b: Incineroar|Incineroar, L78, F|256/276\n|-ability|p2b: Incineroar|Intimidate|boost\n|-unboost|p1a: Vaporeon|atk|1\n|-fail|p1b: Metagross|unboost|[from] ability: Clear Body|[of] p1b: Metagross\n|turn|9\n|\n|t:|1770758556\n|move|p1a: Vaporeon|Protect|p1a: Vaporeon\n|-singleturn|p1a: Vaporeon|Protect\n|move|p2b: Incineroar|Fake Out|p1a: Vaporeon\n|-activate|p1a: Vaporeon|move: Protect\n|move|p2a: Delphox|Nasty Plot|p2a: Delphox\n|-boost|p2a: Delphox|spa|2\n|move|p1b: Metagross|Heavy Slam|p2a: Delphox\n|-resisted|p2a: Delphox\n|-damage|p2a: Delphox|155/260\n|\n|upkeep\n|turn|10\n|inactive|rocci has 120 seconds left.\n|\n|t:|1770758609\n|move|p2a: Delphox|Protect|p2a: Delphox\n|-singleturn|p2a: Delphox|Protect\n|move|p1b: Metagross|Heavy Slam|p2a: Delphox\n|-activate|p2a: Delphox|move: Protect\n|move|p1a: Vaporeon|Icy Wind|p2b: Incineroar|[spread] p2b\n|-activate|p2a: Delphox|move: Protect\n|-resisted|p2b: Incineroar\n|-damage|p2b: Incineroar|240/276\n|-unboost|p2b: Incineroar|spe|1\n|move|p2b: Incineroar|Knock Off|p1a: Vaporeon\n|-damage|p1a: Vaporeon|232/356\n|-enditem|p1a: Vaporeon|Sitrus Berry|[from] move: Knock Off|[of] p2b: Incineroar\n|\n|upkeep\n|turn|11\n|inactive|rocci has 120 seconds left.\n|\n|t:|1770758632\n|move|p2a: Delphox|Fire Blast|p1b: Metagross\n|-supereffective|p1b: Metagross\n|-damage|p1b: Metagross|0 fnt\n|faint|p1b: Metagross\n|-damage|p2a: Delphox|129/260|[from] item: Life Orb\n|move|p1a: Vaporeon|Icy Wind|p2b: Incineroar|[spread] p2a,p2b\n|-resisted|p2a: Delphox\n|-resisted|p2b: Incineroar\n|-damage|p2a: Delphox|115/260\n|-damage|p2b: Incineroar|223/276\n|-unboost|p2a: Delphox|spe|1\n|-unboost|p2b: Incineroar|spe|1\n|move|p2b: Incineroar|Parting Shot|p1a: Vaporeon\n|-unboost|p1a: Vaporeon|atk|1\n|-unboost|p1a: Vaporeon|spa|1\n|\n|t:|1770758645\n|switch|p2b: Swampert|Swampert, L82, M|298/298|[from] Parting Shot\n|\n|upkeep\n|\n|t:|1770758663\n|switch|p1b: Rotom|Rotom-Wash, L83|133/219 brn\n|turn|12\n|inactive|rocci has 120 seconds left.\n|\n|t:|1770758698\n|switch|p1a: Arboliva|Arboliva, L88, F|107/281\n|move|p2a: Delphox|Protect|p2a: Delphox\n|-singleturn|p2a: Delphox|Protect\n|move|p1b: Rotom|Hydro Pump|p2a: Delphox\n|-activate|p2a: Delphox|move: Protect\n|move|p2b: Swampert|High Horsepower|p1a: Arboliva\n|-resisted|p1a: Arboliva\n|-damage|p1a: Arboliva|60/281\n|-fieldstart|move: Grassy Terrain|[from] ability: Seed Sower|[of] p1a: Arboliva\n|\n|-heal|p2a: Delphox|131/260|[from] Grassy Terrain\n|-heal|p1a: Arboliva|77/281|[from] Grassy Terrain\n|-damage|p1b: Rotom|120/219 brn|[from] brn\n|upkeep\n|turn|13\n|inactive|rocci has 120 seconds left.\n|\n|t:|1770758719\n|switch|p2a: Quaquaval|Quaquaval, L82, M|274/274\n|move|p1b: Rotom|Hydro Pump|p2a: Quaquaval|[miss]\n|-miss|p1b: Rotom|p2a: Quaquaval\n|move|p2b: Swampert|Ice Beam|p1a: Arboliva\n|-supereffective|p1a: Arboliva\n|-damage|p1a: Arboliva|0 fnt\n|faint|p1a: Arboliva\n|\n|-damage|p1b: Rotom|107/219 brn|[from] brn\n|upkeep\n|-enditem|p1b: Rotom|Sitrus Berry|[eat]\n|-heal|p1b: Rotom|161/219 brn|[from] item: Sitrus Berry\n|inactive|JaxAG has 120 seconds left.\n|\n|t:|1770758737\n|switch|p1a: Zamazenta|Zamazenta, L72|251/251\n|-ability|p1a: Zamazenta|Dauntless Shield|boost\n|-boost|p1a: Zamazenta|def|1\n|turn|14\n|inactive|rocci has 120 seconds left.\n|\n|t:|1770758769\n|switch|p2b: Incineroar|Incineroar, L78, F|223/276\n|-ability|p2b: Incineroar|Intimidate|boost\n|-unboost|p1a: Zamazenta|atk|1\n|-unboost|p1b: Rotom|atk|1\n|move|p1a: Zamazenta|Iron Defense|p1a: Zamazenta\n|-boost|p1a: Zamazenta|def|2\n|move|p1b: Rotom|Thunderbolt|p2a: Quaquaval\n|-supereffective|p2a: Quaquaval\n|-damage|p2a: Quaquaval|38/274\n|move|p2a: Quaquaval|Aqua Step|p1a: Zamazenta\n|-damage|p1a: Zamazenta|200/251\n|-boost|p2a: Quaquaval|spe|1\n|-damage|p2a: Quaquaval|11/274|[from] item: Life Orb\n|\n|-heal|p2a: Quaquaval|28/274|[from] Grassy Terrain\n|-heal|p1a: Zamazenta|215/251|[from] Grassy Terrain\n|-heal|p1a: Zamazenta|230/251|[from] item: Leftovers\n|-heal|p2b: Incineroar|240/276|[from] Grassy Terrain\n|-damage|p1b: Rotom|148/219 brn|[from] brn\n|upkeep\n|turn|15\n|inactive|rocci has 120 seconds left.\n|\n|t:|1770758801\n|move|p2a: Quaquaval|Protect|p2a: Quaquaval\n|-singleturn|p2a: Quaquaval|Protect\n|move|p2b: Incineroar|Fake Out|p1a: Zamazenta\n|-crit|p1a: Zamazenta\n|-damage|p1a: Zamazenta|187/251\n|cant|p1a: Zamazenta|flinch\n|move|p1b: Rotom|Electroweb|p2a: Quaquaval|[spread] p2b\n|-activate|p2a: Quaquaval|move: Protect\n|-damage|p2b: Incineroar|186/276\n|-unboost|p2b: Incineroar|spe|1\n|\n|-heal|p2a: Quaquaval|45/274|[from] Grassy Terrain\n|-heal|p1a: Zamazenta|202/251|[from] Grassy Terrain\n|-heal|p1a: Zamazenta|217/251|[from] item: Leftovers\n|-heal|p2b: Incineroar|203/276|[from] Grassy Terrain\n|-damage|p1b: Rotom|135/219 brn|[from] brn\n|upkeep\n|turn|16\n|\n|t:|1770758820\n|move|p2a: Quaquaval|Close Combat|p1b: Rotom\n|-damage|p1b: Rotom|0 fnt\n|-unboost|p2a: Quaquaval|def|1\n|-unboost|p2a: Quaquaval|spd|1\n|faint|p1b: Rotom\n|-ability|p2a: Quaquaval|Moxie|boost\n|-boost|p2a: Quaquaval|atk|1\n|-damage|p2a: Quaquaval|18/274|[from] item: Life Orb\n|move|p1a: Zamazenta|Iron Defense|p1a: Zamazenta\n|-boost|p1a: Zamazenta|def|2\n|move|p2b: Incineroar|Parting Shot|p1a: Zamazenta\n|-unboost|p1a: Zamazenta|atk|1\n|-unboost|p1a: Zamazenta|spa|1\n|inactive|rocci has 120 seconds left.\n|\n|t:|1770758836\n|switch|p2b: Swampert|Swampert, L82, M|298/298|[from] Parting Shot\n|\n|-heal|p2a: Quaquaval|35/274|[from] Grassy Terrain\n|-heal|p1a: Zamazenta|232/251|[from] Grassy Terrain\n|-heal|p1a: Zamazenta|247/251|[from] item: Leftovers\n|-fieldend|move: Grassy Terrain\n|upkeep\n|\n|t:|1770758842\n|switch|p1b: Vaporeon|Vaporeon, L84, F|232/356\n|turn|17\n|\n|t:|1770758857\n|move|p2a: Quaquaval|Protect|p2a: Quaquaval\n|-singleturn|p2a: Quaquaval|Protect\n|move|p1b: Vaporeon|Protect|p1b: Vaporeon\n|-singleturn|p1b: Vaporeon|Protect\n|move|p1a: Zamazenta|Body Press|p2a: Quaquaval\n|-activate|p2a: Quaquaval|move: Protect\n|move|p2b: Swampert|High Horsepower|p1b: Vaporeon\n|-activate|p1b: Vaporeon|move: Protect\n|\n|-heal|p1a: Zamazenta|251/251|[from] item: Leftovers\n|upkeep\n|turn|18\n|\n|t:|1770758886\n|move|p2a: Quaquaval|Close Combat|p1b: Vaporeon\n|-damage|p1b: Vaporeon|0 fnt\n|-unboost|p2a: Quaquaval|def|1\n|-unboost|p2a: Quaquaval|spd|1\n|faint|p1b: Vaporeon\n|-ability|p2a: Quaquaval|Moxie|boost\n|-boost|p2a: Quaquaval|atk|1\n|-damage|p2a: Quaquaval|8/274|[from] item: Life Orb\n|move|p1a: Zamazenta|Body Press|p2a: Quaquaval\n|-damage|p2a: Quaquaval|0 fnt\n|faint|p2a: Quaquaval\n|move|p2b: Swampert|Ice Beam|p1a: Zamazenta\n|-damage|p1a: Zamazenta|196/251\n|\n|-heal|p1a: Zamazenta|211/251|[from] item: Leftovers\n|upkeep\n|\n|t:|1770758901\n|switch|p2a: Delphox|Delphox, L83, M|131/260\n|turn|19\n|\n|t:|1770758913\n|move|p1a: Zamazenta|Protect|p1a: Zamazenta\n|-singleturn|p1a: Zamazenta|Protect\n|move|p2a: Delphox|Protect|p2a: Delphox\n|-singleturn|p2a: Delphox|Protect\n|move|p2b: Swampert|Flip Turn|p1a: Zamazenta\n|-activate|p1a: Zamazenta|move: Protect\n|\n|-heal|p1a: Zamazenta|226/251|[from] item: Leftovers\n|upkeep\n|turn|20\n|\n|t:|1770758929\n|switch|p2a: Incineroar|Incineroar, L78, F|203/276\n|-ability|p2a: Incineroar|Intimidate|boost\n|-unboost|p1a: Zamazenta|atk|1\n|-terastallize|p1a: Zamazenta|Fighting\n|move|p1a: Zamazenta|Body Press|p2a: Incineroar\n|-supereffective|p2a: Incineroar\n|-damage|p2a: Incineroar|0 fnt\n|faint|p2a: Incineroar\n|move|p2b: Swampert|Ice Beam|p1a: Zamazenta\n|-damage|p1a: Zamazenta|169/251\n|\n|-heal|p1a: Zamazenta|184/251|[from] item: Leftovers\n|upkeep\n|\n|t:|1770758937\n|switch|p2a: Delphox|Delphox, L83, M|131/260\n|turn|21\n|\n|t:|1770758951\n|move|p2a: Delphox|Protect|p2a: Delphox\n|-singleturn|p2a: Delphox|Protect\n|move|p1a: Zamazenta|Body Press|p2a: Delphox\n|-activate|p2a: Delphox|move: Protect\n|move|p2b: Swampert|Ice Beam|p1a: Zamazenta\n|-damage|p1a: Zamazenta|128/251\n|\n|-heal|p1a: Zamazenta|143/251|[from] item: Leftovers\n|upkeep\n|turn|22\n|\n|t:|1770758961\n|move|p1a: Zamazenta|Body Press|p2a: Delphox\n|-resisted|p2a: Delphox\n|-damage|p2a: Delphox|0 fnt\n|faint|p2a: Delphox\n|move|p2b: Swampert|Ice Beam|p1a: Zamazenta\n|-damage|p1a: Zamazenta|92/251\n|\n|-heal|p1a: Zamazenta|107/251|[from] item: Leftovers\n|upkeep\n|turn|23\n|\n|t:|1770758970\n|move|p1a: Zamazenta|Protect|p1a: Zamazenta\n|-singleturn|p1a: Zamazenta|Protect\n|move|p2b: Swampert|Ice Beam|p1a: Zamazenta\n|-activate|p1a: Zamazenta|move: Protect\n|\n|-heal|p1a: Zamazenta|122/251|[from] item: Leftovers\n|upkeep\n|turn|24\n|\n|t:|1770758977\n|move|p1a: Zamazenta|Body Press|p2b: Swampert\n|-damage|p2b: Swampert|0 fnt\n|faint|p2b: Swampert\n|\n|win|JaxAG\n|raw|JaxAG's rating: 1525 &rarr; <strong>1549</strong><br />(+24 for winning)\n|raw|rocci's rating: 1597 &rarr; <strong>1573</strong><br />(-24 for losing)\n|c|☆rocci|ggwp\n|c|☆JaxAG|ggwp\n|l|☆rocci\n|player|p2|\n", "inputlog": ">version ccdc32dd7cde25fd9e4bed64820e885f66e78a4e\n>start {\"formatid\":\"gen9randomdoublesbattle\",\"seed\":\"sodium,d73f20f1ea66f2b9e185457235936366\",\"rated\":\"Rated battle\"}\n>player p1 {\"name\":\"JaxAG\",\"avatar\":\"unknown\",\"rating\":1525,\"seed\":\"sodium,56591818b6277cdb5a96aba42b3bb426\"}\n>player p2 {\"name\":\"rocci\",\"avatar\":\"beauty-gen4dp\",\"rating\":1597,\"seed\":\"sodium,8951566559a67cee8d1ac70a8eb0367d\"}\n>p1 move bodypress +1, switch 3\n>p2 move earthpower +2, move flareblitz +2\n>p1 move thunderwave +2, move protect\n>p2 move leafstorm +2, switch 5\n>p1 move irondefense, switch 6\n>p2 move earthpower +1, move bugbite +2\n>p1 move bodypress +1, move pollenpuff -1\n>p2 move protect, move tailwind\n>p1 move thunderwave +1, switch 3\n>p2 move earthpower +1, move dualwingbeat +2\n>p1 move bodypress +1, move heavyslam +1\n>p2 move earthpower +1, move bugbite +2\n>p2 switch 6, pass\n>p1 move thunderwave +1, move heavyslam +2\n>p2 move fireblast +1, move bugbite +2\n>p1 switch 4, pass\n>p1 move icywind, move heavyslam +2\n>p2 move protect, move bugbite +1\n>p2 pass, switch 5\n>p1 move protect, move heavyslam +1\n>p2 move nastyplot, move fakeout +1\n>p1 move icywind, move heavyslam +1\n>p2 move protect, move knockoff +1\n>p1 move icywind, move heavyslam +1\n>p2 move fireblast +2, move partingshot +1\n>p2 pass, switch 4\n>p1 pass, switch 6\n>p1 switch 3, move hydropump +1\n>p2 move protect, move highhorsepower +1\n>p1 move pollenpuff -2, move hydropump +1\n>p2 switch 3, move icebeam +1\n>p1 switch 5, pass\n>p1 move irondefense, move thunderbolt +1\n>p2 move aquastep +1, switch 4\n>p1 move irondefense, move electroweb\n>p2 move protect, move fakeout +1\n>p1 move irondefense, move electroweb\n>p2 move closecombat +2, move partingshot +1\n>p2 pass, switch 4\n>p1 pass, switch 3\n>p1 move bodypress +1, move protect\n>p2 move protect, move highhorsepower +2\n>p1 move bodypress +1, move scald +2\n>p2 move closecombat +2, move icebeam +1\n>p2 switch 3, pass\n>p1 move protect, pass\n>p2 move protect, move flipturn +1\n>p1 move bodypress +1 terastallize, pass\n>p2 switch 4, move icebeam +1\n>p2 switch 4, pass\n>p1 move bodypress +1, pass\n>p2 move protect, move icebeam +1\n>p1 move bodypress +1, pass\n>p2 move psychic +1, move icebeam +1\n>p1 move protect, pass\n>p2 pass, move icebeam +1\n>p1 move bodypress +2, pass\n>p2 pass, move icebeam +1", "uploadtime": 1770758983, "views": 87, "formatid": "gen9randomdoublesbattle", "rating": 1549, "private": 0, "password": null}