{"id": "gen9randomdoublesbattle-2538524175", "format": "[Gen 9] Random Doubles Battle", "players": ["8Starfish8", "davinxy"], "log": "|j|☆8Starfish8\n|j|☆davinxy\n|t:|1770936304\n|gametype|doubles\n|player|p1|8Starfish8|morty|1650\n|player|p2|davinxy|102|1648\n|gen|9\n|tier|[Gen 9] Random Doubles Battle\n|rated|\n|rule|Species Clause: Limit one of each Pokémon\n|rule|HP Percentage Mod: HP is shown in percentages\n|rule|Illusion Level Mod: Illusion disguises the Pokémon's true level\n|rule|Sleep Clause Mod: Limit one foe put to sleep\n|\n|t:|1770936304\n|teamsize|p1|6\n|teamsize|p2|6\n|start\n|switch|p1a: Scrafty|Scrafty, L83, M|244/244\n|switch|p1b: Darkrai|Darkrai, L80|243/243\n|switch|p2a: Leavanny|Leavanny, L91, F|284/284\n|switch|p2b: Dipplin|Dipplin, L92, M|297/297\n|-ability|p1a: Scrafty|Intimidate|boost\n|-unboost|p2a: Leavanny|atk|1\n|-unboost|p2b: Dipplin|atk|1\n|turn|1\n|inactive|Battle timer is ON: inactive players will automatically lose when time's up. (requested by 8Starfish8)\n|\n|t:|1770936325\n|move|p1a: Scrafty|Fake Out|p2b: Dipplin\n|-damage|p2b: Dipplin|283/297\n|move|p1b: Darkrai|Sludge Bomb|p2a: Leavanny\n|-supereffective|p2a: Leavanny\n|-damage|p2a: Leavanny|97/284\n|-status|p2a: Leavanny|psn\n|-damage|p1b: Darkrai|219/243|[from] item: Life Orb\n|move|p2a: Leavanny|Sticky Web|p1a: Scrafty\n|-sidestart|p1: 8Starfish8|move: Sticky Web\n|cant|p2b: Dipplin|flinch\n|\n|-damage|p2a: Leavanny|62/284 psn|[from] psn\n|upkeep\n|turn|2\n|\n|t:|1770936355\n|move|p1b: Darkrai|Dark Pulse|p2a: Leavanny\n|-damage|p2a: Leavanny|0 fnt\n|faint|p2a: Leavanny\n|-damage|p1b: Darkrai|195/243|[from] item: Life Orb\n|move|p1a: Scrafty|Poison Jab|p2b: Dipplin\n|-supereffective|p2b: Dipplin\n|-damage|p2b: Dipplin|231/297\n|move|p2b: Dipplin|Pollen Puff|p1b: Darkrai\n|-supereffective|p1b: Darkrai\n|-damage|p1b: Darkrai|49/243\n|\n|upkeep\n|inactive|davinxy has 120 seconds left.\n|\n|t:|1770936373\n|switch|p2a: Gardevoir|Gardevoir, L83, F|249/249\n|-ability|p2a: Gardevoir|Bad Dreams|Trace|[from] ability: Trace|[of] p1b: Darkrai\n|turn|3\n|\n|t:|1770936381\n|move|p1b: Darkrai|Protect|p1b: Darkrai\n|-singleturn|p1b: Darkrai|Protect\n|move|p2a: Gardevoir|Moonblast|p1b: Darkrai\n|-activate|p1b: Darkrai|move: Protect\n|move|p1a: Scrafty|Knock Off|p2a: Gardevoir\n|-damage|p2a: Gardevoir|120/249\n|-enditem|p2a: Gardevoir|Choice Scarf|[from] move: Knock Off|[of] p1a: Scrafty\n|move|p2b: Dipplin|Syrup Bomb|p1a: Scrafty|[miss]\n|-miss|p2b: Dipplin|p1a: Scrafty\n|\n|upkeep\n|turn|4\n|\n|t:|1770936406\n|switch|p2a: Lumineon|Lumineon, L92, M|276/276\n|move|p1b: Darkrai|Dark Pulse|p2a: Lumineon\n|-damage|p2a: Lumineon|142/276\n|-damage|p1b: Darkrai|25/243|[from] item: Life Orb\n|move|p1a: Scrafty|Poison Jab|p2b: Dipplin\n|-supereffective|p2b: Dipplin\n|-damage|p2b: Dipplin|173/297\n|move|p2b: Dipplin|Pollen Puff|p1b: Darkrai\n|-supereffective|p1b: Darkrai\n|-damage|p1b: Darkrai|0 fnt\n|faint|p1b: Darkrai\n|\n|upkeep\n|\n|t:|1770936421\n|switch|p1b: Articuno|Articuno, L82|282/282\n|-ability|p1b: Articuno|Pressure\n|turn|5\n|\n|t:|1770936433\n|-terastallize|p2b: Dipplin|Steel\n|move|p2a: Lumineon|Tailwind|p2a: Lumineon\n|-sidestart|p2: davinxy|move: Tailwind\n|move|p2b: Dipplin|Recover|p2b: Dipplin\n|-heal|p2b: Dipplin|297/297\n|move|p1b: Articuno|Freeze-Dry|p2a: Lumineon\n|-supereffective|p2a: Lumineon\n|-damage|p2a: Lumineon|20/276\n|-enditem|p2a: Lumineon|Sitrus Berry|[eat]\n|-heal|p2a: Lumineon|89/276|[from] item: Sitrus Berry\n|move|p1a: Scrafty|Poison Jab|p2b: Dipplin\n|-immune|p2b: Dipplin\n|\n|upkeep\n|turn|6\n|\n|t:|1770936457\n|move|p2a: Lumineon|Encore|p1a: Scrafty\n|-start|p1a: Scrafty|Encore\n|move|p2b: Dipplin|Syrup Bomb|p1a: Scrafty\n|-damage|p1a: Scrafty|205/244\n|-start|p1a: Scrafty|Syrup Bomb\n|move|p1b: Articuno|Tailwind|p1b: Articuno\n|-sidestart|p1: 8Starfish8|move: Tailwind\n|move|p1a: Scrafty|Poison Jab|p2b: Dipplin\n|-immune|p2b: Dipplin\n|\n|-unboost|p1a: Scrafty|spe|1\n|upkeep\n|turn|7\n|\n|t:|1770936480\n|move|p1b: Articuno|Protect|p1b: Articuno\n|-singleturn|p1b: Articuno|Protect\n|move|p2a: Lumineon|Encore|p1b: Articuno\n|-activate|p1b: Articuno|move: Protect\n|move|p2b: Dipplin|Syrup Bomb|p1b: Articuno\n|-activate|p1b: Articuno|move: Protect\n|move|p1a: Scrafty|Poison Jab|p2a: Lumineon\n|-damage|p2a: Lumineon|33/276\n|\n|-unboost|p1a: Scrafty|spe|1\n|upkeep\n|turn|8\n|\n|t:|1770936497\n|switch|p1b: Fezandipiti|Fezandipiti, L81, M|275/275\n|-activate|p1b: Fezandipiti|move: Sticky Web\n|-unboost|p1b: Fezandipiti|spe|1\n|move|p2a: Lumineon|Encore||[still]\n|-fail|p2a: Lumineon\n|move|p2b: Dipplin|Pollen Puff|p1a: Scrafty\n|-damage|p1a: Scrafty|167/244\n|move|p1a: Scrafty|Poison Jab|p2a: Lumineon\n|-damage|p2a: Lumineon|0 fnt\n|faint|p2a: Lumineon\n|\n|-unboost|p1a: Scrafty|spe|1\n|-end|p1a: Scrafty|Encore\n|-sideend|p2: davinxy|move: Tailwind\n|upkeep\n|\n|t:|1770936512\n|switch|p2a: Regigigas|Regigigas, L86|329/329\n|-start|p2a: Regigigas|ability: Slow Start\n|turn|9\n|\n|t:|1770936522\n|move|p1b: Fezandipiti|Icy Wind|p2a: Regigigas|[spread] p2a,p2b\n|-resisted|p2b: Dipplin\n|-damage|p2a: Regigigas|309/329\n|-damage|p2b: Dipplin|289/297\n|-unboost|p2a: Regigigas|spe|1\n|-unboost|p2b: Dipplin|spe|1\n|move|p1a: Scrafty|Close Combat|p2b: Dipplin\n|-supereffective|p2b: Dipplin\n|-damage|p2b: Dipplin|175/297\n|-unboost|p1a: Scrafty|def|1\n|-unboost|p1a: Scrafty|spd|1\n|move|p2b: Dipplin|Dragon Pulse|p1a: Scrafty\n|-damage|p1a: Scrafty|85/244\n|move|p2a: Regigigas|Substitute|p2a: Regigigas\n|-start|p2a: Regigigas|Substitute\n|-damage|p2a: Regigigas|227/329\n|\n|-heal|p2a: Regigigas|247/329|[from] item: Leftovers\n|-end|p1a: Scrafty|Syrup Bomb|[silent]\n|-sideend|p1: 8Starfish8|move: Tailwind\n|upkeep\n|turn|10\n|\n|t:|1770936552\n|switch|p1a: Articuno|Articuno, L82|282/282\n|-ability|p1a: Articuno|Pressure\n|move|p1b: Fezandipiti|Moonblast|p2a: Regigigas\n|-activate|p2a: Regigigas|move: Substitute|[damage]\n|move|p2b: Dipplin|Dragon Pulse|p1a: Articuno\n|-damage|p1a: Articuno|204/282\n|move|p2a: Regigigas|Body Slam|p1b: Fezandipiti\n|-damage|p1b: Fezandipiti|199/275\n|-status|p1b: Fezandipiti|par\n|\n|-heal|p2a: Regigigas|267/329|[from] item: Leftovers\n|upkeep\n|turn|11\n|\n|t:|1770936576\n|move|p1a: Articuno|Tailwind|p1a: Articuno\n|-sidestart|p1: 8Starfish8|move: Tailwind\n|cant|p1b: Fezandipiti|par\n|move|p2b: Dipplin|Recover|p2b: Dipplin\n|-heal|p2b: Dipplin|297/297\n|move|p2a: Regigigas|Body Slam|p1a: Articuno\n|-damage|p1a: Articuno|138/282\n|-enditem|p1a: Articuno|Sitrus Berry|[eat]\n|-heal|p1a: Articuno|208/282|[from] item: Sitrus Berry\n|\n|-heal|p2a: Regigigas|287/329|[from] item: Leftovers\n|upkeep\n|turn|12\n|\n|t:|1770936596\n|move|p1a: Articuno|Freeze-Dry|p2a: Regigigas\n|-crit|p2a: Regigigas\n|-end|p2a: Regigigas|Substitute\n|cant|p1b: Fezandipiti|par\n|move|p2b: Dipplin|Dragon Pulse|p1a: Articuno\n|-damage|p1a: Articuno|130/282\n|move|p2a: Regigigas|Body Slam|p1a: Articuno\n|-damage|p1a: Articuno|69/282\n|-status|p1a: Articuno|par\n|\n|-heal|p2a: Regigigas|307/329|[from] item: Leftovers\n|upkeep\n|turn|13\n|\n|t:|1770936625\n|move|p2a: Regigigas|Protect|p2a: Regigigas\n|-singleturn|p2a: Regigigas|Protect\n|move|p1a: Articuno|Freeze-Dry|p2a: Regigigas\n|-activate|p2a: Regigigas|move: Protect\n|move|p1b: Fezandipiti|Gunk Shot|p2a: Regigigas\n|-activate|p2a: Regigigas|move: Protect\n|move|p2b: Dipplin|Dragon Pulse|p1a: Articuno\n|-damage|p1a: Articuno|0 fnt\n|faint|p1a: Articuno\n|\n|-heal|p2a: Regigigas|327/329|[from] item: Leftovers\n|-end|p2a: Regigigas|Slow Start\n|upkeep\n|\n|t:|1770936628\n|switch|p1a: Scrafty|Scrafty, L83, M|85/244\n|-activate|p1a: Scrafty|move: Sticky Web\n|-unboost|p1a: Scrafty|spe|1\n|-ability|p1a: Scrafty|Intimidate|boost\n|-unboost|p2a: Regigigas|atk|1\n|-unboost|p2b: Dipplin|atk|1\n|turn|14\n|\n|t:|1770936650\n|move|p1a: Scrafty|Close Combat|p2a: Regigigas\n|-supereffective|p2a: Regigigas\n|-damage|p2a: Regigigas|135/329\n|-unboost|p1a: Scrafty|def|1\n|-unboost|p1a: Scrafty|spd|1\n|move|p2a: Regigigas|Substitute|p2a: Regigigas\n|-start|p2a: Regigigas|Substitute\n|-damage|p2a: Regigigas|53/329\n|move|p1b: Fezandipiti|Icy Wind|p2b: Dipplin|[spread] p2a,p2b\n|-activate|p2a: Regigigas|move: Substitute|[damage]\n|-resisted|p2b: Dipplin\n|-damage|p2b: Dipplin|290/297\n|-unboost|p2b: Dipplin|spe|1\n|move|p2b: Dipplin|Dragon Pulse|p1a: Scrafty\n|-damage|p1a: Scrafty|0 fnt\n|faint|p1a: Scrafty\n|\n|-heal|p2a: Regigigas|73/329|[from] item: Leftovers\n|-sideend|p1: 8Starfish8|move: Tailwind\n|upkeep\n|inactive|8Starfish8 has 120 seconds left.\n|\n|t:|1770936686\n|switch|p1a: Ribombee|Ribombee, L86, M|243/243\n|-activate|p1a: Ribombee|move: Sticky Web\n|-unboost|p1a: Ribombee|spe|1\n|turn|15\n|\n|t:|1770936704\n|move|p1a: Ribombee|Quiver Dance|p1a: Ribombee\n|-boost|p1a: Ribombee|spa|1\n|-boost|p1a: Ribombee|spd|1\n|-boost|p1a: Ribombee|spe|1\n|move|p2a: Regigigas|Body Slam|p1a: Ribombee\n|-damage|p1a: Ribombee|122/243\n|move|p1b: Fezandipiti|Moonblast|p2a: Regigigas\n|-end|p2a: Regigigas|Substitute\n|move|p2b: Dipplin|Pollen Puff|p2a: Regigigas\n|-heal|p2a: Regigigas|237/329\n|\n|-heal|p2a: Regigigas|257/329|[from] item: Leftovers\n|upkeep\n|turn|16\n|\n|t:|1770936733\n|move|p1a: Ribombee|Moonblast|p2a: Regigigas\n|-damage|p2a: Regigigas|80/329\n|-damage|p1a: Ribombee|98/243|[from] item: Life Orb\n|move|p2a: Regigigas|Body Slam|p1a: Ribombee\n|-damage|p1a: Ribombee|0 fnt\n|faint|p1a: Ribombee\n|move|p1b: Fezandipiti|Moonblast|p2b: Dipplin\n|-resisted|p2b: Dipplin\n|-damage|p2b: Dipplin|268/297\n|move|p2b: Dipplin|Pollen Puff|p2a: Regigigas\n|-heal|p2a: Regigigas|244/329\n|\n|-heal|p2a: Regigigas|264/329|[from] item: Leftovers\n|upkeep\n|inactive|8Starfish8 has 120 seconds left.\n|\n|t:|1770936745\n|switch|p1a: Mewtwo|Mewtwo, L73|275/275\n|-ability|p1a: Mewtwo|Unnerve\n|-activate|p1a: Mewtwo|move: Sticky Web\n|-unboost|p1a: Mewtwo|spe|1\n|turn|17\n|\n|t:|1770936761\n|move|p1a: Mewtwo|Nasty Plot|p1a: Mewtwo\n|-boost|p1a: Mewtwo|spa|2\n|move|p2a: Regigigas|Body Slam|p1a: Mewtwo\n|-damage|p1a: Mewtwo|170/275\n|-status|p1a: Mewtwo|par\n|cant|p1b: Fezandipiti|par\n|move|p2b: Dipplin|Pollen Puff|p1a: Mewtwo\n|-supereffective|p1a: Mewtwo\n|-crit|p1a: Mewtwo\n|-damage|p1a: Mewtwo|0 fnt\n|faint|p1a: Mewtwo\n|\n|-heal|p2a: Regigigas|284/329|[from] item: Leftovers\n|upkeep\n|turn|18\n|-message|8Starfish8 forfeited.\n|\n|win|davinxy\n|raw|8Starfish8's rating: 1650 &rarr; <strong>1630</strong><br />(-20 for losing)\n|raw|davinxy's rating: 1648 &rarr; <strong>1668</strong><br />(+20 for winning)\n|l|☆8Starfish8\n|player|p1|\n", "inputlog": ">version ccdc32dd7cde25fd9e4bed64820e885f66e78a4e\n>start {\"formatid\":\"gen9randomdoublesbattle\",\"seed\":\"sodium,02c88a5f38ed97decc573db6fc8af08f\",\"rated\":\"Rated battle\"}\n>player p1 {\"name\":\"8Starfish8\",\"avatar\":\"morty\",\"rating\":1650,\"seed\":\"sodium,5948cae2dadc2f4f174c53ef1c0fa774\"}\n>player p2 {\"name\":\"davinxy\",\"avatar\":\"102\",\"rating\":1648,\"seed\":\"sodium,6e6b263101805b52e5cdde0050d36e58\"}\n>p1 move fakeout +2, move sludgebomb +1\n>p2 move stickyweb, move pollenpuff +2\n>p1 move poisonjab +2, move darkpulse +1\n>p2 move lunge +2, move pollenpuff +2\n>p2 switch 3, pass\n>p1 move knockoff +1, move protect\n>p2 move moonblast +2, move syrupbomb +1\n>p1 move poisonjab +2, move darkpulse +1\n>p2 switch 5, move pollenpuff +2\n>p1 pass, switch 6\n>p1 move poisonjab +2, move freezedry +1\n>p2 move tailwind, move recover terastallize\n>p1 move closecombat +2, move tailwind\n>p2 move encore +1, move syrupbomb +1\n>p1 move poisonjab +1, move protect\n>p2 move encore +2, move syrupbomb +2\n>p1 move poisonjab +1, switch 3\n>p2 move encore +2, move pollenpuff +1\n>p2 switch 4, pass\n>p1 move closecombat +2, move icywind\n>p2 move substitute, move dragonpulse +1\n>p1 switch 3, move moonblast +1\n>p2 move bodyslam +2, move dragonpulse +1\n>p1 move tailwind, move icywind\n>p2 move bodyslam +1, move recover\n>p1 move freezedry +1, move icywind\n>p2 move bodyslam +1, move dragonpulse +1\n>p1 move freezedry +1, move gunkshot +1\n>p2 move protect, move dragonpulse +1\n>p1 switch 3, pass\n>p1 move closecombat +1, move icywind\n>p2 move substitute, move dragonpulse +1\n>p1 switch 4, pass\n>p1 move quiverdance, move moonblast +1\n>p2 move bodyslam +1, move pollenpuff -1\n>p1 move moonblast +1, move moonblast +2\n>p2 move bodyslam +1, move pollenpuff -1\n>p1 switch 5, pass\n>p1 move nastyplot, move gunkshot +1\n>p2 move bodyslam +1, move pollenpuff +1\n>forcelose p1", "uploadtime": 1770936788, "views": 77, "formatid": "gen9randomdoublesbattle", "rating": 1630, "private": 0, "password": null}