{"id": "gen9randomdoublesbattle-2537597122", "format": "[Gen 9] Random Doubles Battle", "players": ["kuchibotla", "polelover44"], "log": "|j|☆kuchibotla\n|j|☆polelover44\n|t:|1770830649\n|gametype|doubles\n|player|p1|kuchibotla|101|1624\n|player|p2|polelover44|170|1600\n|gen|9\n|tier|[Gen 9] Random Doubles Battle\n|rated|\n|rule|Species Clause: Limit one of each Pokémon\n|rule|HP Percentage Mod: HP is shown in percentages\n|rule|Illusion Level Mod: Illusion disguises the Pokémon's true level\n|rule|Sleep Clause Mod: Limit one foe put to sleep\n|\n|t:|1770830649\n|teamsize|p1|6\n|teamsize|p2|6\n|start\n|switch|p1a: Miraidon|Miraidon, L65|238/238\n|switch|p1b: Arceus|Arceus-Fire, L73|296/296\n|switch|p2a: Skeledirge|Skeledirge, L80, M|298/298\n|switch|p2b: Skuntank|Skuntank, L85, F|314/314\n|-fieldstart|move: Electric Terrain|[from] ability: Hadron Engine|[of] p1a: Miraidon\n|turn|1\n|\n|t:|1770830677\n|switch|p2a: Sandaconda|Sandaconda, L88, M|270/270\n|move|p1b: Arceus|Swords Dance|p1b: Arceus\n|-boost|p1b: Arceus|atk|2\n|move|p1a: Miraidon|Draco Meteor|p2a: Sandaconda\n|-damage|p2a: Sandaconda|17/270\n|-unboost|p1a: Miraidon|spa|2\n|move|p2b: Skuntank|Knock Off|p1a: Miraidon\n|-damage|p1a: Miraidon|77/238\n|-enditem|p1a: Miraidon|Choice Specs|[from] move: Knock Off|[of] p2b: Skuntank\n|-damage|p2b: Skuntank|283/314|[from] item: Life Orb\n|\n|-heal|p2a: Sandaconda|33/270|[from] item: Leftovers\n|upkeep\n|turn|2\n|\n|t:|1770830696\n|move|p1b: Arceus|Extreme Speed|p2a: Sandaconda\n|-damage|p2a: Sandaconda|0 fnt\n|faint|p2a: Sandaconda\n|move|p1a: Miraidon|Volt Switch|p2b: Skuntank\n|-damage|p2b: Skuntank|213/314\n|\n|t:|1770830706\n|switch|p1a: Porygon2|Porygon2, L82|274/274|[from] Volt Switch\n|-ability|p1a: Porygon2|Download|boost\n|-boost|p1a: Porygon2|spa|1\n|move|p2b: Skuntank|Gunk Shot|p1b: Arceus|[miss]\n|-miss|p2b: Skuntank|p1b: Arceus\n|\n|upkeep\n|\n|t:|1770830712\n|switch|p2a: Skeledirge|Skeledirge, L80, M|298/298\n|turn|3\n|\n|t:|1770830726\n|move|p1b: Arceus|Protect|p1b: Arceus\n|-singleturn|p1b: Arceus|Protect\n|move|p2b: Skuntank|Knock Off|p1a: Porygon2\n|-damage|p1a: Porygon2|180/274\n|-enditem|p1a: Porygon2|Eviolite|[from] move: Knock Off|[of] p2b: Skuntank\n|-damage|p2b: Skuntank|182/314|[from] item: Life Orb\n|move|p2a: Skeledirge|Torch Song|p1a: Porygon2\n|-damage|p1a: Porygon2|96/274\n|-boost|p2a: Skeledirge|spa|1\n|move|p1a: Porygon2|Tri Attack|p2b: Skuntank\n|-damage|p2b: Skuntank|4/314\n|\n|upkeep\n|turn|4\n|\n|t:|1770830746\n|move|p1b: Arceus|Flare Blitz|p2b: Skuntank\n|-damage|p2b: Skuntank|0 fnt\n|-damage|p1b: Arceus|222/296|[from] ability: Aftermath|[of] p2b: Skuntank\n|faint|p2b: Skuntank\n|-damage|p1b: Arceus|221/296|[from] Recoil\n|move|p2a: Skeledirge|Torch Song|p1a: Porygon2\n|-damage|p1a: Porygon2|0 fnt\n|-boost|p2a: Skeledirge|spa|1\n|faint|p1a: Porygon2\n|\n|upkeep\n|\n|t:|1770830764\n|switch|p2b: Spectrier|Spectrier, L77|281/281\n|switch|p1a: Miraidon|Miraidon, L65|77/238\n|-activate|p1a: Miraidon|ability: Hadron Engine\n|turn|5\n|\n|t:|1770830775\n|move|p2b: Spectrier|Draining Kiss|p1a: Miraidon\n|-supereffective|p1a: Miraidon\n|-damage|p1a: Miraidon|0 fnt\n|faint|p1a: Miraidon\n|-ability|p2b: Spectrier|Grim Neigh|boost\n|-boost|p2b: Spectrier|spa|1\n|-damage|p2b: Spectrier|253/281|[from] item: Life Orb\n|move|p1b: Arceus|Flare Blitz|p2b: Spectrier\n|-damage|p2b: Spectrier|0 fnt\n|faint|p2b: Spectrier\n|-damage|p1b: Arceus|138/296|[from] Recoil\n|move|p2a: Skeledirge|Shadow Ball|p1b: Arceus\n|-damage|p1b: Arceus|0 fnt\n|faint|p1b: Arceus\n|\n|-fieldend|move: Electric Terrain\n|upkeep\n|\n|t:|1770830795\n|switch|p2b: Zapdos|Zapdos-Galar, L77|265/265\n|switch|p1b: Whimsicott|Whimsicott, L80, F|227/227\n|switch|p1a: Beartic|Beartic, L91, M|321/321\n|turn|6\n|\n|t:|1770830804\n|-terastallize|p1a: Beartic|Water\n|move|p1b: Whimsicott|Tailwind|p1b: Whimsicott\n|-sidestart|p1: kuchibotla|move: Tailwind\n|move|p1a: Beartic|Aqua Jet|p2a: Skeledirge\n|-supereffective|p2a: Skeledirge\n|-damage|p2a: Skeledirge|150/298\n|-damage|p1a: Beartic|289/321|[from] item: Life Orb\n|move|p2b: Zapdos|Tailwind|p2b: Zapdos\n|-sidestart|p2: polelover44|move: Tailwind\n|move|p2a: Skeledirge|Torch Song|p1b: Whimsicott\n|-supereffective|p1b: Whimsicott\n|-damage|p1b: Whimsicott|0 fnt\n|-boost|p2a: Skeledirge|spa|1\n|faint|p1b: Whimsicott\n|\n|-heal|p2a: Skeledirge|168/298|[from] item: Leftovers\n|upkeep\n|\n|t:|1770830812\n|switch|p1b: Rillaboom|Rillaboom, L81, M|295/295\n|-fieldstart|move: Grassy Terrain|[from] ability: Grassy Surge|[of] p1b: Rillaboom\n|turn|7\n|\n|t:|1770830828\n|move|p2a: Skeledirge|Protect|p2a: Skeledirge\n|-singleturn|p2a: Skeledirge|Protect\n|move|p1b: Rillaboom|Fake Out|p2b: Zapdos\n|-damage|p2b: Zapdos|230/265\n|move|p1a: Beartic|Aqua Jet|p2a: Skeledirge\n|-activate|p2a: Skeledirge|move: Protect\n|cant|p2b: Zapdos|flinch\n|\n|-heal|p2a: Skeledirge|186/298|[from] Grassy Terrain\n|-heal|p2a: Skeledirge|204/298|[from] item: Leftovers\n|-heal|p1a: Beartic|309/321|[from] Grassy Terrain\n|upkeep\n|turn|8\n|inactive|Battle timer is ON: inactive players will automatically lose when time's up. (requested by kuchibotla)\n|\n|t:|1770830842\n|-terastallize|p2a: Skeledirge|Fairy\n|move|p1b: Rillaboom|Grassy Glide|p2a: Skeledirge\n|-damage|p2a: Skeledirge|125/298\n|move|p1a: Beartic|Aqua Jet|p2a: Skeledirge\n|-damage|p2a: Skeledirge|51/298\n|-damage|p1a: Beartic|277/321|[from] item: Life Orb\n|move|p2b: Zapdos|Brave Bird|p1b: Rillaboom\n|-supereffective|p1b: Rillaboom\n|-damage|p1b: Rillaboom|0 fnt\n|faint|p1b: Rillaboom\n|-damage|p2b: Zapdos|133/265|[from] Recoil\n|-damage|p2b: Zapdos|107/265|[from] item: Life Orb\n|move|p2a: Skeledirge|Slack Off|p2a: Skeledirge\n|-heal|p2a: Skeledirge|200/298\n|\n|-heal|p2a: Skeledirge|218/298|[from] Grassy Terrain\n|-heal|p2a: Skeledirge|236/298|[from] item: Leftovers\n|-heal|p1a: Beartic|297/321|[from] Grassy Terrain\n|upkeep\n|turn|9\n|\n|t:|1770830866\n|move|p2b: Zapdos|Knock Off|p1a: Beartic\n|-damage|p1a: Beartic|214/321\n|-enditem|p1a: Beartic|Life Orb|[from] move: Knock Off|[of] p2b: Zapdos\n|-damage|p2b: Zapdos|81/265|[from] item: Life Orb\n|move|p2a: Skeledirge|Shadow Ball|p1a: Beartic\n|-damage|p1a: Beartic|18/321\n|move|p1a: Beartic|Icicle Crash|p2b: Zapdos\n|-supereffective|p2b: Zapdos\n|-damage|p2b: Zapdos|0 fnt\n|faint|p2b: Zapdos\n|\n|-heal|p2a: Skeledirge|254/298|[from] Grassy Terrain\n|-heal|p2a: Skeledirge|272/298|[from] item: Leftovers\n|-heal|p1a: Beartic|38/321|[from] Grassy Terrain\n|-sideend|p2: polelover44|move: Tailwind\n|-sideend|p1: kuchibotla|move: Tailwind\n|upkeep\n|\n|t:|1770830881\n|switch|p2b: Urshifu|Urshifu-Rapid-Strike, L75, M|274/274\n|turn|10\n|inactive|kuchibotla has 120 seconds left.\n|inactive|kuchibotla has 90 seconds left.\n|\n|t:|1770830944\n|move|p1a: Beartic|Aqua Jet|p2b: Urshifu\n|-resisted|p2b: Urshifu\n|-damage|p2b: Urshifu|245/274\n|move|p2b: Urshifu|Close Combat|p1a: Beartic\n|-crit|p1a: Beartic\n|-damage|p1a: Beartic|0 fnt\n|-unboost|p2b: Urshifu|def|1\n|-unboost|p2b: Urshifu|spd|1\n|faint|p1a: Beartic\n|\n|win|polelover44\n|raw|kuchibotla's rating: 1609 &rarr; <strong>1588</strong><br />(-21 for losing)\n|raw|polelover44's rating: 1600 &rarr; <strong>1621</strong><br />(+21 for winning)\n|l|☆kuchibotla\n|player|p1|\n", "inputlog": ">version ccdc32dd7cde25fd9e4bed64820e885f66e78a4e\n>start {\"formatid\":\"gen9randomdoublesbattle\",\"seed\":\"sodium,9dd3b61d0091a7ecc472714781ccbaa2\",\"rated\":\"Rated battle\"}\n>player p1 {\"name\":\"kuchibotla\",\"avatar\":\"101\",\"rating\":1624,\"seed\":\"sodium,a907078c9073f3ca668fa418c1b1077c\"}\n>player p2 {\"name\":\"polelover44\",\"avatar\":\"170\",\"rating\":1600,\"seed\":\"sodium,ada9c782401b911025f80f9b159b5344\"}\n>p1 move dracometeor +1, move swordsdance\n>p2 switch 3, move knockoff +1\n>p1 move voltswitch +2, move extremespeed +1\n>p2 move rest, move gunkshot +2\n>p1 switch 3, pass\n>p2 switch 3, pass\n>p1 move triattack +2, move protect\n>p2 move torchsong +1, move knockoff +1\n>p1 move recover, move flareblitz +2\n>p2 move torchsong +1, move toxicspikes\n>p1 switch 3, pass\n>p2 pass, switch 6\n>p1 move dracometeor +1, move flareblitz +2\n>p2 move shadowball +2, move drainingkiss +1\n>p1 switch 4, switch 5\n>p2 pass, switch 5\n>p1 move aquajet +1 terastallize, move tailwind\n>p2 move torchsong +2, move tailwind\n>p1 pass, switch 6\n>p1 move aquajet +1, move fakeout +2\n>p2 move protect, move bravebird +2\n>p1 move aquajet +1, move grassyglide +1\n>p2 move slackoff terastallize, move bravebird +2\n>p1 move iciclecrash +2, pass\n>p2 move shadowball +1, move knockoff +1\n>p2 pass, switch 4\n>p1 move aquajet +2, pass\n>p2 move shadowball +1, move closecombat +1", "uploadtime": 1770831009, "views": 73, "formatid": "gen9randomdoublesbattle", "rating": 1588, "private": 0, "password": null}