{"id": "gen9randomdoublesbattle-2536376050", "format": "[Gen 9] Random Doubles Battle", "players": ["caoscontrol", "gingervinho"], "log": "|j|☆caoscontrol\n|j|☆gingervinho\n|t:|1770680513\n|gametype|doubles\n|player|p1|caoscontrol|169|1713\n|player|p2|gingervinho|bruno|1780\n|gen|9\n|tier|[Gen 9] Random Doubles Battle\n|rated|\n|rule|Species Clause: Limit one of each Pokémon\n|rule|HP Percentage Mod: HP is shown in percentages\n|rule|Illusion Level Mod: Illusion disguises the Pokémon's true level\n|rule|Sleep Clause Mod: Limit one foe put to sleep\n|\n|t:|1770680513\n|teamsize|p1|6\n|teamsize|p2|6\n|start\n|switch|p1a: Mudsdale|Mudsdale, L84, F|305/305\n|switch|p1b: Tatsugiri|Tatsugiri, L84, F|251/251\n|switch|p2a: Plusle|Plusle, L92, F|260/260\n|switch|p2b: Regidrago|Regidrago, L74|418/418\n|turn|1\n|inactive|Battle timer is ON: inactive players will automatically lose when time's up. (requested by gingervinho)\n|inactive|gingervinho has 120 seconds left.\n|\n|t:|1770680551\n|switch|p2b: Muk|Muk-Alola, L82, F|306/306\n|switch|p2a: Vespiquen|Vespiquen, F|302/302\n|-ability|p2a: Vespiquen|Unnerve\n|switch|p1b: Probopass|Probopass, L90, M|254/254\n|move|p1a: Mudsdale|High Horsepower|p2b: Muk\n|-supereffective|p2b: Muk\n|-damage|p2b: Muk|24/306\n|\n|upkeep\n|turn|2\n|inactive|caoscontrol has 120 seconds left.\n|inactive|caoscontrol has 90 seconds left.\n|inactive|caoscontrol has 60 seconds left.\n|\n|t:|1770680666\n|switch|p1a: Tatsugiri|Tatsugiri, L84, F|251/251\n|move|p2a: Vespiquen|Pollen Puff|p2b: Muk\n|-heal|p2b: Muk|177/306\n|move|p2b: Muk|Drain Punch|p1b: Probopass\n|-supereffective|p1b: Probopass\n|-damage|p1b: Probopass|118/254\n|-heal|p2b: Muk|245/306|[from] drain|[of] p1b: Probopass\n|move|p1b: Probopass|Iron Defense|p1b: Probopass\n|-boost|p1b: Probopass|def|2\n|\n|upkeep\n|turn|3\n|inactive|caoscontrol has 60 seconds left.\n|\n|t:|1770680683\n|move|p1a: Tatsugiri|Icy Wind|p2a: Vespiquen|[spread] p2a,p2b\n|-supereffective|p2a: Vespiquen\n|-crit|p2b: Muk\n|-damage|p2a: Vespiquen|216/302\n|-damage|p2b: Muk|198/306\n|-unboost|p2a: Vespiquen|spe|1\n|-unboost|p2b: Muk|spe|1\n|move|p1b: Probopass|Body Press|p2b: Muk\n|-crit|p2b: Muk\n|-damage|p2b: Muk|0 fnt\n|faint|p2b: Muk\n|move|p2a: Vespiquen|Toxic Spikes|p1b: Probopass\n|-sidestart|p1: caoscontrol|move: Toxic Spikes\n|\n|-heal|p2a: Vespiquen|234/302|[from] item: Leftovers\n|upkeep\n|\n|t:|1770680702\n|switch|p2b: Plusle|Plusle, L92, F|260/260\n|turn|4\n|\n|t:|1770680714\n|move|p2b: Plusle|Thunderbolt|p1b: Probopass\n|-damage|p1b: Probopass|55/254\n|move|p1a: Tatsugiri|Icy Wind|p2a: Vespiquen|[spread] p2a,p2b\n|-supereffective|p2a: Vespiquen\n|-damage|p2a: Vespiquen|154/302\n|-damage|p2b: Plusle|206/260\n|-unboost|p2a: Vespiquen|spe|1\n|-unboost|p2b: Plusle|spe|1\n|move|p1b: Probopass|Body Press|p2b: Plusle\n|-damage|p2b: Plusle|0 fnt\n|faint|p2b: Plusle\n|move|p2a: Vespiquen|Pollen Puff|p1a: Tatsugiri\n|-damage|p1a: Tatsugiri|131/251\n|\n|-heal|p2a: Vespiquen|172/302|[from] item: Leftovers\n|upkeep\n|\n|t:|1770680730\n|switch|p2b: Regidrago|Regidrago, L74|418/418\n|turn|5\n|inactive|caoscontrol has 90 seconds left.\n|\n|t:|1770680744\n|switch|p2a: Glaceon|Glaceon, L86, F|252/252\n|move|p2b: Regidrago|Dragon Energy|p1b: Probopass|[spread] p1a,p1b\n|-supereffective|p1a: Tatsugiri\n|-resisted|p1b: Probopass\n|-damage|p1a: Tatsugiri|0 fnt\n|-damage|p1b: Probopass|13/254\n|faint|p1a: Tatsugiri\n|move|p1b: Probopass|Rest|p1b: Probopass\n|-status|p1b: Probopass|slp|[from] move: Rest\n|-heal|p1b: Probopass|254/254 slp|[silent]\n|-enditem|p1b: Probopass|Chesto Berry|[eat]\n|-curestatus|p1b: Probopass|slp|[msg]\n|\n|upkeep\n|inactive|caoscontrol has 90 seconds left.\n|\n|t:|1770680761\n|switch|p1a: Oranguru|Oranguru, L90, M|308/308\n|-status|p1a: Oranguru|psn\n|turn|6\n|inactive|caoscontrol has 90 seconds left.\n|\n|t:|1770680777\n|switch|p2b: Vespiquen|Vespiquen, F|172/302\n|-ability|p2b: Vespiquen|Unnerve\n|-terastallize|p2a: Glaceon|Ground\n|-terastallize|p1b: Probopass|Fighting\n|move|p2a: Glaceon|Mud Shot|p1b: Probopass\n|-damage|p1b: Probopass|206/254\n|-unboost|p1b: Probopass|spe|1\n|move|p1b: Probopass|Body Press|p2b: Vespiquen\n|-resisted|p2b: Vespiquen\n|-damage|p2b: Vespiquen|126/302\n|move|p1a: Oranguru|Trick Room|p1a: Oranguru\n|-fieldstart|move: Trick Room|[of] p1a: Oranguru\n|\n|-heal|p2b: Vespiquen|144/302|[from] item: Leftovers\n|-damage|p1a: Oranguru|270/308 psn|[from] psn\n|upkeep\n|turn|7\n|\n|t:|1770680800\n|move|p2a: Glaceon|Protect|p2a: Glaceon\n|-singleturn|p2a: Glaceon|Protect\n|move|p1b: Probopass|Flash Cannon|p2b: Vespiquen\n|-damage|p2b: Vespiquen|86/302\n|move|p1a: Oranguru|Psychic|p2b: Vespiquen\n|-damage|p2b: Vespiquen|7/302\n|move|p2b: Vespiquen|Hurricane|p1b: Probopass|[miss]\n|-miss|p2b: Vespiquen|p1b: Probopass\n|\n|-heal|p2b: Vespiquen|25/302|[from] item: Leftovers\n|-damage|p1a: Oranguru|232/308 psn|[from] psn\n|upkeep\n|turn|8\n|\n|t:|1770680814\n|move|p1b: Probopass|Body Press|p2a: Glaceon\n|-damage|p2a: Glaceon|24/252\n|move|p1a: Oranguru|Hyper Voice|p2b: Vespiquen|[spread] p2a,p2b\n|-crit|p2b: Vespiquen\n|-damage|p2a: Glaceon|0 fnt\n|-damage|p2b: Vespiquen|0 fnt\n|faint|p2a: Glaceon\n|faint|p2b: Vespiquen\n|\n|-damage|p1a: Oranguru|194/308 psn|[from] psn\n|upkeep\n|\n|t:|1770680821\n|switch|p2b: Regidrago|Regidrago, L74|418/418\n|switch|p2a: Roaring Moon|Roaring Moon, L76|285/285\n|turn|9\n|-message|gingervinho forfeited.\n|\n|win|caoscontrol\n|raw|caoscontrol's rating: 1713 &rarr; <strong>1737</strong><br />(+24 for winning)\n|raw|gingervinho's rating: 1780 &rarr; <strong>1756</strong><br />(-24 for losing)\n|l|☆gingervinho\n|player|p2|\n", "inputlog": ">version ccdc32dd7cde25fd9e4bed64820e885f66e78a4e\n>start {\"formatid\":\"gen9randomdoublesbattle\",\"seed\":\"sodium,60328b20b9da03a29ef1d53d314acf5e\",\"rated\":\"Rated battle\"}\n>player p1 {\"name\":\"caoscontrol\",\"avatar\":\"169\",\"rating\":1713,\"seed\":\"sodium,e67d5292472dd88822b26b10d33865d2\"}\n>player p2 {\"name\":\"gingervinho\",\"avatar\":\"bruno\",\"rating\":1780,\"seed\":\"sodium,0ae28bae68b8d98ac051dd83c0840a5b\"}\n>p1 move highhorsepower +2, switch 3\n>p2 switch 6, switch 4\n>p1 switch 3, move irondefense\n>p2 move pollenpuff -2, move drainpunch +2\n>p1 move icywind, move bodypress +2\n>p2 move toxicspikes, move snarl\n>p2 pass, switch 6\n>p1 move icywind, move bodypress +2\n>p2 move pollenpuff +1, move thunderbolt +2\n>p2 pass, switch 4\n>p1 move icywind, move rest\n>p2 switch 5, move dragonenergy\n>p1 switch 5, pass\n>p1 move trickroom, move bodypress +2 terastallize\n>p2 move mudshot +2 terastallize, switch 5\n>p1 move psychic +2, move flashcannon +2\n>p2 move protect, move hurricane +2\n>p1 move hypervoice, move bodypress +1\n>p2 move blizzard, move roost\n>p2 switch 3, switch 5\n>forcelose p2", "uploadtime": 1770680836, "views": 67, "formatid": "gen9randomdoublesbattle", "rating": 1737, "private": 0, "password": null}