{"id": "gen9randomdoublesbattle-2535855131", "format": "[Gen 9] Random Doubles Battle", "players": ["DaveryBeast", "baseballlover"], "log": "|j|‽DaveryBeast\n|j|☆baseballlover\n|t:|1770621026\n|gametype|doubles\n|player|p1|DaveryBeast|266|1675\n|player|p2|baseballlover|2|1555\n|gen|9\n|tier|[Gen 9] Random Doubles Battle\n|rated|\n|rule|Species Clause: Limit one of each Pokémon\n|rule|HP Percentage Mod: HP is shown in percentages\n|rule|Illusion Level Mod: Illusion disguises the Pokémon's true level\n|rule|Sleep Clause Mod: Limit one foe put to sleep\n|\n|t:|1770621026\n|teamsize|p1|6\n|teamsize|p2|6\n|start\n|switch|p1a: Sandy Shocks|Sandy Shocks, L79|264/264\n|switch|p1b: Slither Wing|Slither Wing, L83|277/277\n|switch|p2a: Spidops|Spidops, M|282/282\n|switch|p2b: Lilligant|Lilligant-Hisui, L84, F|255/255\n|turn|1\n|inactive|Battle timer is ON: inactive players will automatically lose when time's up. (requested by baseballlover)\n|inactive|DaveryBeast has 120 seconds left.\n|\n|t:|1770621057\n|move|p1b: Slither Wing|First Impression|p2a: Spidops\n|-damage|p2a: Spidops|157/282\n|-damage|p1b: Slither Wing|250/277|[from] item: Life Orb\n|move|p2b: Lilligant|Victory Dance|p2b: Lilligant\n|-boost|p2b: Lilligant|atk|1\n|-boost|p2b: Lilligant|def|1\n|-boost|p2b: Lilligant|spe|1\n|move|p1a: Sandy Shocks|Electroweb|p2b: Lilligant|[spread] p2a,p2b\n|-resisted|p2b: Lilligant\n|-damage|p2a: Spidops|118/282\n|-damage|p2b: Lilligant|228/255\n|-unboost|p2a: Spidops|spe|1\n|-unboost|p2b: Lilligant|spe|1\n|-enditem|p2a: Spidops|Sitrus Berry|[eat]\n|-heal|p2a: Spidops|188/282|[from] item: Sitrus Berry\n|move|p2a: Spidops|Sticky Web|p1b: Slither Wing\n|-sidestart|p1: DaveryBeast|move: Sticky Web\n|\n|upkeep\n|turn|2\n|\n|t:|1770621081\n|move|p1a: Sandy Shocks|Protect|p1a: Sandy Shocks\n|-singleturn|p1a: Sandy Shocks|Protect\n|move|p2b: Lilligant|Leaf Blade|p1a: Sandy Shocks\n|-activate|p1a: Sandy Shocks|move: Protect\n|move|p1b: Slither Wing|Flare Blitz|p2b: Lilligant\n|-supereffective|p2b: Lilligant\n|-damage|p2b: Lilligant|4/255\n|-damage|p1b: Slither Wing|176/277|[from] Recoil\n|-damage|p1b: Slither Wing|149/277|[from] item: Life Orb\n|move|p2a: Spidops|Circle Throw|p1b: Slither Wing\n|-resisted|p1b: Slither Wing\n|-damage|p1b: Slither Wing|120/277\n|-end|p1b: Slither Wing|Protosynthesis|[silent]\n|drag|p1b: Appletun|Appletun, L92, M|352/352\n|-activate|p1b: Appletun|move: Sticky Web\n|-unboost|p1b: Appletun|spe|1\n|\n|upkeep\n|turn|3\n|inactive|DaveryBeast has 120 seconds left.\n|\n|t:|1770621117\n|-end|p1a: Sandy Shocks|Protosynthesis|[silent]\n|switch|p1a: Slither Wing|Slither Wing, L83|120/277\n|-activate|p1a: Slither Wing|move: Sticky Web\n|-unboost|p1a: Slither Wing|spe|1\n|move|p2b: Lilligant|Leaf Blade|p1a: Slither Wing\n|-resisted|p1a: Slither Wing\n|-crit|p1a: Slither Wing\n|-damage|p1a: Slither Wing|0 fnt\n|faint|p1a: Slither Wing\n|-end|p1a: Slither Wing|Protosynthesis|[silent]\n|-damage|p2b: Lilligant|0 fnt|[from] item: Life Orb\n|faint|p2b: Lilligant\n|move|p2a: Spidops|Lunge|p1b: Appletun\n|-supereffective|p1b: Appletun\n|-damage|p1b: Appletun|148/352\n|-unboost|p1b: Appletun|atk|1\n|-enditem|p1b: Appletun|Sitrus Berry|[eat]\n|-heal|p1b: Appletun|236/352|[from] item: Sitrus Berry\n|move|p1b: Appletun|Dragon Pulse|p2a: Spidops\n|-damage|p2a: Spidops|103/282\n|\n|upkeep\n|inactive|baseballlover has 120 seconds left.\n|\n|t:|1770621142\n|switch|p2b: Slaking|Slaking, L89, M|412/412\n|switch|p1a: Articuno|Articuno, L82|282/282\n|-ability|p1a: Articuno|Pressure\n|turn|4\n|inactive|DaveryBeast has 120 seconds left.\n|inactive|DaveryBeast has 90 seconds left.\n|\n|t:|1770621188\n|switch|p2a: Swanna|Swanna, L87, F|272/272\n|-terastallize|p1a: Articuno|Steel\n|move|p2b: Slaking|Double-Edge|p1a: Articuno\n|-resisted|p1a: Articuno\n|-damage|p1a: Articuno|127/282\n|-enditem|p1a: Articuno|Sitrus Berry|[eat]\n|-heal|p1a: Articuno|197/282|[from] item: Sitrus Berry\n|-damage|p2b: Slaking|361/412|[from] Recoil\n|move|p1a: Articuno|Tailwind|p1a: Articuno\n|-sidestart|p1: DaveryBeast|move: Tailwind\n|move|p1b: Appletun|Apple Acid|p2b: Slaking\n|-damage|p2b: Slaking|243/412\n|-unboost|p2b: Slaking|spd|1\n|\n|upkeep\n|turn|5\n|inactive|DaveryBeast has 90 seconds left.\n|inactive|baseballlover has 120 seconds left.\n|\n|t:|1770621224\n|switch|p2b: Spidops|Spidops, M|103/282\n|move|p1a: Articuno|Freeze-Dry|p2a: Swanna\n|-supereffective|p2a: Swanna\n|-damage|p2a: Swanna|0 fnt\n|faint|p2a: Swanna\n|move|p1b: Appletun|Leech Seed|p2b: Spidops\n|-start|p2b: Spidops|move: Leech Seed\n|\n|-damage|p2b: Spidops|68/282|[from] Leech Seed|[of] p1b: Appletun\n|-heal|p1b: Appletun|271/352|[silent]\n|upkeep\n|\n|t:|1770621226\n|switch|p2a: Slaking|Slaking, L89, M|243/412\n|turn|6\n|\n|t:|1770621252\n|move|p1a: Articuno|Roost|p1a: Articuno\n|-heal|p1a: Articuno|282/282\n|move|p2a: Slaking|High Horsepower|p1a: Articuno\n|-supereffective|p1a: Articuno\n|-crit|p1a: Articuno\n|-damage|p1a: Articuno|0 fnt\n|faint|p1a: Articuno\n|move|p1b: Appletun|Apple Acid|p2a: Slaking\n|-crit|p2a: Slaking\n|-damage|p2a: Slaking|50/412\n|-unboost|p2a: Slaking|spd|1\n|move|p2b: Spidops|Lunge|p1b: Appletun\n|-supereffective|p1b: Appletun\n|-damage|p1b: Appletun|59/352\n|-unboost|p1b: Appletun|atk|1\n|\n|-damage|p2b: Spidops|33/282|[from] Leech Seed|[of] p1b: Appletun\n|-heal|p1b: Appletun|94/352|[silent]\n|upkeep\n|inactive|DaveryBeast has 90 seconds left.\n|\n|t:|1770621270\n|switch|p1a: Sandy Shocks|Sandy Shocks, L79|264/264\n|-activate|p1a: Sandy Shocks|move: Sticky Web\n|-unboost|p1a: Sandy Shocks|spe|1\n|turn|7\n|\n|t:|1770621284\n|move|p1a: Sandy Shocks|Electroweb|p2a: Slaking|[spread] p2a,p2b\n|-damage|p2a: Slaking|0 fnt\n|-damage|p2b: Spidops|0 fnt\n|faint|p2a: Slaking\n|faint|p2b: Spidops\n|move|p1b: Appletun|Leech Seed|p2: Slaking|[notarget]\n|-fail|p1b: Appletun\n|\n|-sideend|p1: DaveryBeast|move: Tailwind\n|upkeep\n|\n|t:|1770621288\n|switch|p2a: Ludicolo|Ludicolo, L89, F|287/287\n|switch|p2b: Darkrai|Darkrai, L80|243/243\n|turn|8\n|inactive|DaveryBeast has 120 seconds left.\n|\n|t:|1770621305\n|move|p2b: Darkrai|Sludge Bomb|p1b: Appletun\n|-supereffective|p1b: Appletun\n|-damage|p1b: Appletun|0 fnt\n|faint|p1b: Appletun\n|-damage|p2b: Darkrai|219/243|[from] item: Life Orb\n|move|p2a: Ludicolo|Rain Dance|p2a: Ludicolo\n|-weather|RainDance\n|move|p1a: Sandy Shocks|Electroweb|p2a: Ludicolo|[spread] p2a,p2b\n|-damage|p2a: Ludicolo|250/287\n|-damage|p2b: Darkrai|176/243\n|-unboost|p2a: Ludicolo|spe|1\n|-unboost|p2b: Darkrai|spe|1\n|\n|-weather|RainDance|[upkeep]\n|upkeep\n|inactive|DaveryBeast has 120 seconds left.\n|\n|t:|1770621320\n|switch|p1b: Dachsbun|Dachsbun, L90, M|249/249\n|-activate|p1b: Dachsbun|move: Sticky Web\n|-unboost|p1b: Dachsbun|spe|1\n|turn|9\n|inactive|baseballlover has 120 seconds left.\n|\n|t:|1770621351\n|-terastallize|p2b: Darkrai|Poison\n|move|p2a: Ludicolo|Muddy Water|p1b: Dachsbun|[spread] p1a\n|-miss|p2a: Ludicolo|p1b: Dachsbun\n|-supereffective|p1a: Sandy Shocks\n|-damage|p1a: Sandy Shocks|0 fnt\n|faint|p1a: Sandy Shocks\n|-end|p1a: Sandy Shocks|Protosynthesis|[silent]\n|-damage|p2a: Ludicolo|222/287|[from] item: Life Orb\n|move|p2b: Darkrai|Sludge Bomb|p1b: Dachsbun\n|-supereffective|p1b: Dachsbun\n|-damage|p1b: Dachsbun|0 fnt\n|faint|p1b: Dachsbun\n|-damage|p2b: Darkrai|152/243|[from] item: Life Orb\n|\n|-weather|RainDance|[upkeep]\n|upkeep\n|inactive|DaveryBeast has 120 seconds left.\n|\n|t:|1770621362\n|switch|p1b: Lycanroc|Lycanroc, L85, F|266/266\n|-activate|p1b: Lycanroc|move: Sticky Web\n|-unboost|p1b: Lycanroc|spe|1\n|turn|10\n|\n|t:|1770621390\n|move|p2a: Ludicolo|Energy Ball|p1b: Lycanroc\n|-supereffective|p1b: Lycanroc\n|-damage|p1b: Lycanroc|0 fnt\n|faint|p1b: Lycanroc\n|-damage|p2a: Ludicolo|194/287|[from] item: Life Orb\n|\n|win|baseballlover\n|raw|DaveryBeast's rating: 1675 &rarr; <strong>1648</strong><br />(-27 for losing)\n|raw|baseballlover's rating: 1555 &rarr; <strong>1582</strong><br />(+27 for winning)\n", "inputlog": ">version ccdc32dd7cde25fd9e4bed64820e885f66e78a4e\n>start {\"formatid\":\"gen9randomdoublesbattle\",\"seed\":\"sodium,14c9687ed4b032fff9d5608a8dc27cc0\",\"rated\":\"Rated battle\"}\n>player p1 {\"name\":\"DaveryBeast\",\"avatar\":\"266\",\"rating\":1675,\"seed\":\"sodium,0bb14f053ed94911d6359fdc66586512\"}\n>player p2 {\"name\":\"baseballlover\",\"avatar\":\"2\",\"rating\":1555,\"seed\":\"sodium,77e98cc18979a18d7b597790772b5f07\"}\n>p1 move electroweb, move firstimpression +1\n>p2 move stickyweb, move victorydance\n>p1 move protect, move flareblitz +2\n>p2 move circlethrow +2, move leafblade +1\n>p1 switch 4, move dragonpulse +2\n>p2 move lunge +2, move leafblade +1\n>p1 switch 5, pass\n>p2 pass, switch 5\n>p1 move tailwind terastallize, move appleacid +2\n>p2 switch 4, move doubleedge +1\n>p1 move freezedry +1, move leechseed +2\n>p2 move tailwind, switch 4\n>p2 switch 4, pass\n>p1 move roost, move appleacid +1\n>p2 move highhorsepower +1, move lunge +2\n>p1 switch 4, pass\n>p1 move electroweb, move leechseed +1\n>p2 move highhorsepower +1, move uturn +2\n>p2 switch 3, switch 6\n>p1 move electroweb, move appleacid +1\n>p2 move raindance, move sludgebomb +2\n>p1 pass, switch 6\n>p1 move electroweb, move playrough +2\n>p2 move muddywater, move sludgebomb +2 terastallize\n>p1 pass, switch 3\n>p1 pass, move rockslide\n>p2 move energyball +2, move darkpulse +2", "uploadtime": 1770621390, "views": 70, "formatid": "gen9randomdoublesbattle", "rating": 1582, "private": 0, "password": null}