{"id": "gen9randomdoublesbattle-2539563383", "format": "[Gen 9] Random Doubles Battle", "players": ["ak4ze", "crustytoejam"], "log": "|j|☆ak4ze\n|j|☆crustytoejam\n|t:|1771081335\n|gametype|doubles\n|player|p1|ak4ze|blue|1875\n|player|p2|crustytoejam|clown|1790\n|gen|9\n|tier|[Gen 9] Random Doubles Battle\n|rated|\n|rule|Species Clause: Limit one of each Pokémon\n|rule|HP Percentage Mod: HP is shown in percentages\n|rule|Illusion Level Mod: Illusion disguises the Pokémon's true level\n|rule|Sleep Clause Mod: Limit one foe put to sleep\n|\n|t:|1771081335\n|teamsize|p1|6\n|teamsize|p2|6\n|start\n|switch|p1a: Ho-Oh|Ho-Oh, L70|264/264\n|switch|p1b: Rampardos|Rampardos, L87, M|311/311\n|switch|p2a: Florges|Florges-Orange, L84, F|268/268\n|switch|p2b: Gallade|Gallade, L80, M|240/240\n|turn|1\n|inactive|Battle timer is ON: inactive players will automatically lose when time's up. (requested by crustytoejam)\n|\n|t:|1771081361\n|-terastallize|p1b: Rampardos|Rock\n|move|p2b: Gallade|Sacred Sword|p1b: Rampardos\n|-supereffective|p1b: Rampardos\n|-damage|p1b: Rampardos|0 fnt\n|faint|p1b: Rampardos\n|move|p2a: Florges|Calm Mind|p2a: Florges\n|-boost|p2a: Florges|spa|1\n|-boost|p2a: Florges|spd|1\n|move|p1a: Ho-Oh|Tailwind|p1a: Ho-Oh\n|-sidestart|p1: ak4ze|move: Tailwind\n|\n|upkeep\n|\n|t:|1771081379\n|switch|p1b: Tentacruel|Tentacruel, L85, F|275/275\n|turn|2\n|\n|t:|1771081393\n|switch|p2b: Oricorio|Oricorio-Pom-Pom, L83, M|260/260\n|move|p1b: Tentacruel|Acid Spray|p2a: Florges\n|-supereffective|p2a: Florges\n|-damage|p2a: Florges|236/268\n|-unboost|p2a: Florges|spd|2\n|move|p1a: Ho-Oh|Sacred Fire|p2b: Oricorio\n|-damage|p2b: Oricorio|154/260\n|-status|p2b: Oricorio|brn\n|move|p2a: Florges|Calm Mind|p2a: Florges\n|-boost|p2a: Florges|spa|1\n|-boost|p2a: Florges|spd|1\n|\n|-heal|p2b: Oricorio|170/260 brn|[from] item: Leftovers\n|-heal|p2a: Florges|252/268|[from] item: Leftovers\n|-damage|p2b: Oricorio|154/260 brn|[from] brn\n|upkeep\n|turn|3\n|l|☆ak4ze\n|inactive|ak4ze disconnected and has a minute to reconnect!\n|player|p1|\n|j|☆ak4ze\n|inactive|ak4ze reconnected and has 115 seconds left.\n|player|p1|ak4ze|blue|\n|\n|t:|1771081447\n|move|p2a: Florges|Protect|p2a: Florges\n|-singleturn|p2a: Florges|Protect\n|move|p1b: Tentacruel|Sludge Bomb|p2a: Florges\n|-activate|p2a: Florges|move: Protect\n|move|p1a: Ho-Oh|Sacred Fire|p2b: Oricorio\n|-damage|p2b: Oricorio|34/260 brn\n|move|p2b: Oricorio|Quiver Dance|p2b: Oricorio\n|-boost|p2b: Oricorio|spa|1\n|-boost|p2b: Oricorio|spd|1\n|-boost|p2b: Oricorio|spe|1\n|\n|-heal|p2b: Oricorio|50/260 brn|[from] item: Leftovers\n|-heal|p2a: Florges|268/268|[from] item: Leftovers\n|-damage|p2b: Oricorio|34/260 brn|[from] brn\n|upkeep\n|turn|4\n|inactive|ak4ze has 120 seconds left.\n|\n|t:|1771081462\n|-terastallize|p2a: Florges|Steel\n|move|p2b: Oricorio|Protect|p2b: Oricorio\n|-singleturn|p2b: Oricorio|Protect\n|move|p1b: Tentacruel|Sludge Bomb|p2a: Florges\n|-immune|p2a: Florges\n|move|p1a: Ho-Oh|Sacred Fire|p2b: Oricorio\n|-activate|p2b: Oricorio|move: Protect\n|move|p2a: Florges|Dazzling Gleam|p1b: Tentacruel|[spread] p1a,p1b\n|-resisted|p1a: Ho-Oh\n|-resisted|p1b: Tentacruel\n|-damage|p1a: Ho-Oh|207/264\n|-damage|p1b: Tentacruel|237/275\n|\n|-heal|p2b: Oricorio|50/260 brn|[from] item: Leftovers\n|-damage|p2b: Oricorio|34/260 brn|[from] brn\n|-sideend|p1: ak4ze|move: Tailwind\n|upkeep\n|turn|5\n|inactive|ak4ze has 120 seconds left.\n|\n|t:|1771081488\n|switch|p1a: Roaring Moon|Roaring Moon, L76|285/285\n|-enditem|p1a: Roaring Moon|Booster Energy\n|-activate|p1a: Roaring Moon|ability: Protosynthesis|[fromitem]\n|-start|p1a: Roaring Moon|protosynthesisatk\n|move|p2b: Oricorio|Revelation Dance|p1a: Roaring Moon\n|-resisted|p1a: Roaring Moon\n|-damage|p1a: Roaring Moon|213/285\n|move|p1b: Tentacruel|Icy Wind|p2b: Oricorio|[spread] p2a,p2b\n|-resisted|p2a: Florges\n|-supereffective|p2b: Oricorio\n|-damage|p2a: Florges|260/268\n|-damage|p2b: Oricorio|0 fnt\n|-unboost|p2a: Florges|spe|1\n|faint|p2b: Oricorio\n|move|p2a: Florges|Calm Mind|p2a: Florges\n|-boost|p2a: Florges|spa|1\n|-boost|p2a: Florges|spd|1\n|\n|-heal|p2a: Florges|268/268|[from] item: Leftovers\n|upkeep\n|\n|t:|1771081493\n|switch|p2b: Gallade|Gallade, L80, M|240/240\n|turn|6\n|inactive|ak4ze has 120 seconds left.\n|\n|t:|1771081513\n|move|p1a: Roaring Moon|Protect|p1a: Roaring Moon\n|-singleturn|p1a: Roaring Moon|Protect\n|move|p2b: Gallade|Psycho Cut|p1b: Tentacruel\n|-supereffective|p1b: Tentacruel\n|-damage|p1b: Tentacruel|0 fnt\n|faint|p1b: Tentacruel\n|move|p2a: Florges|Dazzling Gleam|p1a: Roaring Moon\n|-activate|p1a: Roaring Moon|move: Protect\n|\n|upkeep\n|inactive|ak4ze has 120 seconds left.\n|\n|t:|1771081522\n|switch|p1b: Ho-Oh|Ho-Oh, L70|264/264\n|turn|7\n|\n|t:|1771081526\n|move|p2b: Gallade|Psycho Cut|p1b: Ho-Oh\n|-damage|p1b: Ho-Oh|104/264\n|-enditem|p1b: Ho-Oh|Sitrus Berry|[eat]\n|-heal|p1b: Ho-Oh|170/264|[from] item: Sitrus Berry\n|move|p1a: Roaring Moon|Acrobatics|p2b: Gallade\n|-supereffective|p2b: Gallade\n|-damage|p2b: Gallade|0 fnt\n|faint|p2b: Gallade\n|move|p1b: Ho-Oh|Sacred Fire|p2a: Florges\n|-supereffective|p2a: Florges\n|-damage|p2a: Florges|20/268\n|move|p2a: Florges|Dazzling Gleam|p1a: Roaring Moon|[spread] p1a,p1b\n|-supereffective|p1a: Roaring Moon\n|-resisted|p1b: Ho-Oh\n|-damage|p1a: Roaring Moon|0 fnt\n|-damage|p1b: Ho-Oh|106/264\n|faint|p1a: Roaring Moon\n|-end|p1a: Roaring Moon|Protosynthesis|[silent]\n|\n|-heal|p2a: Florges|36/268|[from] item: Leftovers\n|upkeep\n|\n|t:|1771081544\n|switch|p1a: Espathra|Espathra, L83, M|293/293\n|switch|p2b: Braviary|Braviary, L82, M|298/298\n|turn|8\n|\n|t:|1771081558\n|move|p2a: Florges|Protect|p2a: Florges\n|-singleturn|p2a: Florges|Protect\n|move|p1a: Espathra|Lumina Crash|p2b: Braviary\n|-damage|p2b: Braviary|168/298\n|-unboost|p2b: Braviary|spd|2\n|-ability|p2b: Braviary|Defiant|boost\n|-boost|p2b: Braviary|atk|2\n|-damage|p1a: Espathra|264/293|[from] item: Life Orb\n|move|p2b: Braviary|Tailwind|p2b: Braviary\n|-sidestart|p2: crustytoejam|move: Tailwind\n|move|p1b: Ho-Oh|Sacred Fire|p2a: Florges\n|-activate|p2a: Florges|move: Protect\n|\n|-heal|p2a: Florges|52/268|[from] item: Leftovers\n|-ability|p1a: Espathra|Speed Boost|boost\n|-boost|p1a: Espathra|spe|1\n|upkeep\n|turn|9\n|\n|t:|1771081570\n|move|p1a: Espathra|Protect|p1a: Espathra\n|-singleturn|p1a: Espathra|Protect\n|move|p2b: Braviary|Brave Bird|p1b: Ho-Oh\n|-damage|p1b: Ho-Oh|0 fnt\n|faint|p1b: Ho-Oh\n|-damage|p2b: Braviary|133/298|[from] Recoil\n|-damage|p2b: Braviary|104/298|[from] item: Life Orb\n|move|p2a: Florges|Synthesis|p2a: Florges\n|-heal|p2a: Florges|186/268\n|\n|-heal|p2a: Florges|202/268|[from] item: Leftovers\n|-ability|p1a: Espathra|Speed Boost|boost\n|-boost|p1a: Espathra|spe|1\n|upkeep\n|\n|t:|1771081580\n|switch|p1b: Polteageist|Polteageist, L85|241/241\n|turn|10\n|\n|t:|1771081584\n|move|p1a: Espathra|Lumina Crash|p2b: Braviary\n|-damage|p2b: Braviary|0 fnt\n|faint|p2b: Braviary\n|-damage|p1a: Espathra|235/293|[from] item: Life Orb\n|move|p2a: Florges|Dazzling Gleam|p1b: Polteageist|[spread] p1a,p1b\n|-damage|p1a: Espathra|0 fnt\n|-damage|p1b: Polteageist|100/241\n|faint|p1a: Espathra\n|move|p1b: Polteageist|Shell Smash|p1b: Polteageist\n|-unboost|p1b: Polteageist|def|1\n|-unboost|p1b: Polteageist|spd|1\n|-boost|p1b: Polteageist|atk|2\n|-boost|p1b: Polteageist|spa|2\n|-boost|p1b: Polteageist|spe|2\n|-enditem|p1b: Polteageist|White Herb\n|-clearnegativeboost|p1b: Polteageist|[silent]\n|\n|-heal|p2a: Florges|218/268|[from] item: Leftovers\n|upkeep\n|\n|t:|1771081587\n|switch|p2b: Brute Bonnet|Brute Bonnet, L80|309/309\n|turn|11\n|\n|t:|1771081598\n|move|p1b: Polteageist|Tera Blast|p2b: Brute Bonnet\n|-crit|p2b: Brute Bonnet\n|-damage|p2b: Brute Bonnet|89/309\n|-enditem|p2b: Brute Bonnet|Sitrus Berry|[eat]\n|-heal|p2b: Brute Bonnet|166/309|[from] item: Sitrus Berry\n|move|p2b: Brute Bonnet|Spore|p1b: Polteageist\n|-status|p1b: Polteageist|slp|[from] move: Spore\n|move|p2a: Florges|Dazzling Gleam|p1b: Polteageist\n|-damage|p1b: Polteageist|0 fnt\n|faint|p1b: Polteageist\n|\n|win|crustytoejam\n|raw|ak4ze's rating: 1875 &rarr; <strong>1850</strong><br />(-25 for losing)\n|raw|crustytoejam's rating: 1790 &rarr; <strong>1815</strong><br />(+25 for winning)\n|l|☆ak4ze\n|player|p1|\n", "inputlog": ">version ccdc32dd7cde25fd9e4bed64820e885f66e78a4e\n>start {\"formatid\":\"gen9randomdoublesbattle\",\"seed\":\"sodium,f5460c33b8eb52a9347323eb17e0a9af\",\"rated\":\"Rated battle\"}\n>player p1 {\"name\":\"ak4ze\",\"avatar\":\"blue\",\"rating\":1875,\"seed\":\"sodium,434c74be045de72b340c11e8485d43c2\"}\n>player p2 {\"name\":\"crustytoejam\",\"avatar\":\"clown\",\"rating\":1790,\"seed\":\"sodium,b3caeab1653c1a14078bdbbde69cc39c\"}\n>p1 move tailwind, move headsmash +2 terastallize\n>p2 move calmmind, move sacredsword +2\n>p1 pass, switch 6\n>p1 move sacredfire +2, move acidspray +1\n>p2 move calmmind, switch 6\n>p1 move sacredfire +2, move sludgebomb +1\n>p2 move protect, move quiverdance\n>p1 move sacredfire +2, move sludgebomb +1\n>p2 move dazzlinggleam terastallize, move protect\n>p1 switch 3, move icywind\n>p2 move calmmind, move revelationdance +1\n>p2 pass, switch 6\n>p1 move protect, move icywind\n>p2 move dazzlinggleam, move psychocut +2\n>p1 pass, switch 3\n>p1 move acrobatics +2, move sacredfire +1\n>p2 move dazzlinggleam, move psychocut +2\n>p1 switch 4, pass\n>p2 pass, switch 4\n>p1 move luminacrash +2, move sacredfire +1\n>p2 move protect, move tailwind\n>p1 move protect, move tailwind\n>p2 move synthesis, move bravebird +2\n>p1 pass, switch 5\n>p1 move luminacrash +2, move shellsmash\n>p2 move dazzlinggleam, move bravebird +2\n>p2 pass, switch 3\n>p1 pass, move terablast +2\n>p2 move dazzlinggleam, move spore +2", "uploadtime": 1771081605, "views": 73, "formatid": "gen9randomdoublesbattle", "rating": 1815, "private": 0, "password": null}