{"id": "gen9randomdoublesbattle-2536853692", "format": "[Gen 9] Random Doubles Battle", "players": ["JD989", "snitker"], "log": "|j|☆JD989\n|j|☆snitker\n|t:|1770742778\n|gametype|doubles\n|player|p1|JD989|rocketgrunt|1670\n|player|p2|snitker|pokefan-gen4|1576\n|gen|9\n|tier|[Gen 9] Random Doubles Battle\n|rated|\n|rule|Species Clause: Limit one of each Pokémon\n|rule|HP Percentage Mod: HP is shown in percentages\n|rule|Illusion Level Mod: Illusion disguises the Pokémon's true level\n|rule|Sleep Clause Mod: Limit one foe put to sleep\n|\n|t:|1770742778\n|teamsize|p1|6\n|teamsize|p2|6\n|start\n|switch|p1a: Kingambit|Kingambit, L77, M|281/281\n|switch|p1b: Mabosstiff|Mabosstiff, L84, F|272/272\n|switch|p2a: Lunala|Lunala, L71|312/312\n|switch|p2b: Swalot|Swalot, L90, M|326/326\n|-ability|p1b: Mabosstiff|Intimidate|boost\n|-unboost|p2a: Lunala|atk|1\n|-unboost|p2b: Swalot|atk|1\n|turn|1\n|inactive|Battle timer is ON: inactive players will automatically lose when time's up. (requested by snitker)\n|inactive|JD989 has 120 seconds left.\n|inactive|snitker has 120 seconds left.\n|inactive|JD989 has 90 seconds left.\n|\n|t:|1770742851\n|switch|p2a: Houndoom|Houndoom, L86, M|269/269\n|move|p1b: Mabosstiff|Crunch|p2a: Houndoom\n|-resisted|p2a: Houndoom\n|-damage|p2a: Houndoom|168/269\n|move|p2b: Swalot|Toxic Spikes|p1a: Kingambit\n|-sidestart|p1: JD989|move: Toxic Spikes\n|move|p1a: Kingambit|Iron Head|p2a: Houndoom\n|-resisted|p2a: Houndoom\n|-damage|p2a: Houndoom|105/269\n|\n|upkeep\n|turn|2\n|inactive|snitker has 120 seconds left.\n|inactive|snitker has 90 seconds left.\n|\n|t:|1770742938\n|switch|p1a: Porygon2|Porygon2, L82|274/274\n|-status|p1a: Porygon2|psn\n|-ability|p1a: Porygon2|Download|boost\n|-boost|p1a: Porygon2|atk|1\n|move|p2a: Houndoom|Heat Wave|p1b: Mabosstiff|[spread] p1a,p1b\n|-crit|p1b: Mabosstiff\n|-damage|p1a: Porygon2|206/274 psn\n|-damage|p1b: Mabosstiff|84/272\n|-damage|p2a: Houndoom|79/269|[from] item: Life Orb\n|move|p1b: Mabosstiff|Crunch|p2b: Swalot\n|-damage|p2b: Swalot|191/326\n|move|p2b: Swalot|Toxic Spikes|p1a: Porygon2\n|-sidestart|p1: JD989|move: Toxic Spikes\n|\n|-damage|p1a: Porygon2|172/274 psn|[from] psn\n|upkeep\n|turn|3\n|\n|t:|1770742953\n|move|p2a: Houndoom|Heat Wave|p1a: Porygon2|[spread] p1a,p1b\n|-damage|p1a: Porygon2|104/274 psn\n|-damage|p1b: Mabosstiff|0 fnt\n|faint|p1b: Mabosstiff\n|-damage|p2a: Houndoom|53/269|[from] item: Life Orb\n|move|p2b: Swalot|Knock Off|p1a: Porygon2\n|-damage|p1a: Porygon2|75/274 psn\n|-enditem|p1a: Porygon2|Eviolite|[from] move: Knock Off|[of] p2b: Swalot\n|move|p1a: Porygon2|Recover|p1a: Porygon2\n|-heal|p1a: Porygon2|212/274 psn\n|\n|-damage|p1a: Porygon2|178/274 psn|[from] psn\n|upkeep\n|\n|t:|1770742965\n|switch|p1b: Volcarona|Volcarona, L78, F|261/261\n|turn|4\n|inactive|snitker has 90 seconds left.\n|\n|t:|1770742996\n|move|p1b: Volcarona|Protect|p1b: Volcarona\n|-singleturn|p1b: Volcarona|Protect\n|move|p2a: Houndoom|Dark Pulse|p1b: Volcarona\n|-activate|p1b: Volcarona|move: Protect\n|move|p2b: Swalot|Gunk Shot|p1a: Porygon2\n|-damage|p1a: Porygon2|97/274 psn\n|move|p1a: Porygon2|Icy Wind|p2b: Swalot|[spread] p2a,p2b\n|-resisted|p2a: Houndoom\n|-damage|p2a: Houndoom|38/269\n|-damage|p2b: Swalot|162/326\n|-unboost|p2a: Houndoom|spe|1\n|-unboost|p2b: Swalot|spe|1\n|-enditem|p2b: Swalot|Mago Berry|[eat]\n|-heal|p2b: Swalot|270/326|[from] item: Mago Berry\n|\n|-damage|p1a: Porygon2|63/274 psn|[from] psn\n|upkeep\n|turn|5\n|inactive|JD989 has 120 seconds left.\n|\n|t:|1770743042\n|move|p1b: Volcarona|Quiver Dance|p1b: Volcarona\n|-boost|p1b: Volcarona|spa|1\n|-boost|p1b: Volcarona|spd|1\n|-boost|p1b: Volcarona|spe|1\n|move|p1a: Porygon2|Tri Attack|p2b: Swalot\n|-damage|p2b: Swalot|179/326\n|move|p2a: Houndoom|Dark Pulse|p1b: Volcarona\n|-crit|p1b: Volcarona\n|-damage|p1b: Volcarona|73/261\n|-damage|p2a: Houndoom|12/269|[from] item: Life Orb\n|move|p2b: Swalot|Gunk Shot|p1a: Porygon2|[miss]\n|-miss|p2b: Swalot|p1a: Porygon2\n|\n|-damage|p1a: Porygon2|29/274 psn|[from] psn\n|upkeep\n|turn|6\n|inactive|JD989 has 120 seconds left.\n|\n|t:|1770743066\n|move|p1b: Volcarona|Protect|p1b: Volcarona\n|-singleturn|p1b: Volcarona|Protect\n|move|p1a: Porygon2|Tri Attack|p2b: Swalot\n|-damage|p2b: Swalot|98/326\n|move|p2a: Houndoom|Dark Pulse|p1b: Volcarona\n|-activate|p1b: Volcarona|move: Protect\n|move|p2b: Swalot|Knock Off|p1a: Porygon2\n|-damage|p1a: Porygon2|0 fnt\n|faint|p1a: Porygon2\n|\n|upkeep\n|\n|t:|1770743069\n|switch|p1a: Oricorio|Oricorio-Pa'u, L89, M|278/278\n|turn|7\n|inactive|snitker has 120 seconds left.\n|\n|t:|1770743087\n|move|p1b: Volcarona|Bug Buzz|p2a: Houndoom\n|-damage|p2a: Houndoom|0 fnt\n|faint|p2a: Houndoom\n|move|p1a: Oricorio|Revelation Dance|p2b: Swalot\n|-supereffective|p2b: Swalot\n|-damage|p2b: Swalot|0 fnt\n|faint|p2b: Swalot\n|\n|upkeep\n|\n|t:|1770743099\n|switch|p2a: Houndstone|Houndstone, L73, F|226/226\n|switch|p2b: Lunala|Lunala, L71|312/312\n|turn|8\n|inactive|JD989 has 120 seconds left.\n|\n|t:|1770743132\n|-terastallize|p1a: Oricorio|Ground\n|move|p1b: Volcarona|Protect|p1b: Volcarona\n|-singleturn|p1b: Volcarona|Protect\n|move|p2a: Houndstone|Shadow Sneak|p1b: Volcarona\n|-activate|p1b: Volcarona|move: Protect\n|move|p1a: Oricorio|Quiver Dance|p1a: Oricorio\n|-boost|p1a: Oricorio|spa|1\n|-boost|p1a: Oricorio|spd|1\n|-boost|p1a: Oricorio|spe|1\n|move|p2b: Lunala|Tailwind|p2b: Lunala\n|-sidestart|p2: snitker|move: Tailwind\n|\n|upkeep\n|turn|9\n|\n|t:|1770743159\n|switch|p2a: Flapple|Flapple, L95, M|287/287\n|switch|p1b: Kingambit|Kingambit, L77, M|281/281\n|move|p2b: Lunala|Moongeist Beam|p1b: Kingambit\n|-resisted|p1b: Kingambit\n|-damage|p1b: Kingambit|242/281\n|move|p1a: Oricorio|Quiver Dance|p1a: Oricorio\n|-boost|p1a: Oricorio|spa|1\n|-boost|p1a: Oricorio|spd|1\n|-boost|p1a: Oricorio|spe|1\n|\n|upkeep\n|turn|10\n|\n|t:|1770743177\n|-terastallize|p2b: Lunala|Dark\n|move|p1a: Oricorio|Air Slash|p2a: Flapple\n|-supereffective|p2a: Flapple\n|-damage|p2a: Flapple|0 fnt\n|faint|p2a: Flapple\n|move|p2b: Lunala|Will-O-Wisp|p1b: Kingambit\n|-status|p1b: Kingambit|brn\n|move|p1b: Kingambit|Kowtow Cleave|p2b: Lunala\n|-resisted|p2b: Lunala\n|-damage|p2b: Lunala|297/312\n|\n|-damage|p1b: Kingambit|225/281 brn|[from] brn\n|upkeep\n|inactive|snitker has 120 seconds left.\n|\n|t:|1770743204\n|switch|p2a: Iron Boulder|Iron Boulder, L77|265/265\n|-enditem|p2a: Iron Boulder|Booster Energy\n|-activate|p2a: Iron Boulder|ability: Quark Drive|[fromitem]\n|-start|p2a: Iron Boulder|quarkdrivespe\n|turn|11\n|\n|t:|1770743222\n|move|p1a: Oricorio|Protect|p1a: Oricorio\n|-singleturn|p1a: Oricorio|Protect\n|move|p2a: Iron Boulder|Zen Headbutt|p1a: Oricorio\n|-activate|p1a: Oricorio|move: Protect\n|move|p2b: Lunala|Moongeist Beam|p1a: Oricorio\n|-activate|p1a: Oricorio|move: Protect\n|move|p1b: Kingambit|Iron Head|p2a: Iron Boulder\n|-supereffective|p2a: Iron Boulder\n|-damage|p2a: Iron Boulder|151/265\n|\n|-damage|p1b: Kingambit|208/281 brn|[from] brn\n|-sideend|p2: snitker|move: Tailwind\n|upkeep\n|turn|12\n|inactive|JD989 has 120 seconds left.\n|\n|t:|1770743255\n|switch|p1b: Volcarona|Volcarona, L78, F|73/261\n|move|p2a: Iron Boulder|Protect|p2a: Iron Boulder\n|-singleturn|p2a: Iron Boulder|Protect\n|move|p1a: Oricorio|Revelation Dance|p2a: Iron Boulder\n|-activate|p2a: Iron Boulder|move: Protect\n|move|p2b: Lunala|Tailwind|p2b: Lunala\n|-sidestart|p2: snitker|move: Tailwind\n|\n|upkeep\n|turn|13\n|\n|t:|1770743279\n|move|p2a: Iron Boulder|Zen Headbutt|p1a: Oricorio\n|-damage|p1a: Oricorio|185/278\n|move|p1a: Oricorio|Revelation Dance|p2a: Iron Boulder\n|-supereffective|p2a: Iron Boulder\n|-damage|p2a: Iron Boulder|0 fnt\n|faint|p2a: Iron Boulder\n|-end|p2a: Iron Boulder|Quark Drive|[silent]\n|move|p2b: Lunala|Moongeist Beam|p1a: Oricorio\n|-damage|p1a: Oricorio|133/278\n|move|p1b: Volcarona|Quiver Dance|p1b: Volcarona\n|-boost|p1b: Volcarona|spa|1\n|-boost|p1b: Volcarona|spd|1\n|-boost|p1b: Volcarona|spe|1\n|-activate|p1a: Oricorio|ability: Dancer\n|move|p1a: Oricorio|Quiver Dance|p1a: Oricorio|[from] ability: Dancer\n|-boost|p1a: Oricorio|spa|1\n|-boost|p1a: Oricorio|spd|1\n|-boost|p1a: Oricorio|spe|1\n|\n|-heal|p1a: Oricorio|150/278|[from] item: Leftovers\n|upkeep\n|\n|t:|1770743296\n|switch|p2a: Houndstone|Houndstone, L73, F|226/226\n|turn|14\n|\n|t:|1770743319\n|move|p1a: Oricorio|Revelation Dance|p2a: Houndstone\n|-damage|p2a: Houndstone|0 fnt\n|faint|p2a: Houndstone\n|move|p2b: Lunala|Moongeist Beam|p1b: Volcarona\n|-damage|p1b: Volcarona|4/261\n|move|p1b: Volcarona|Quiver Dance|p1b: Volcarona\n|-boost|p1b: Volcarona|spa|1\n|-boost|p1b: Volcarona|spd|1\n|-boost|p1b: Volcarona|spe|1\n|-activate|p1a: Oricorio|ability: Dancer\n|move|p1a: Oricorio|Quiver Dance|p1a: Oricorio|[from] ability: Dancer\n|-boost|p1a: Oricorio|spa|1\n|-boost|p1a: Oricorio|spd|1\n|-boost|p1a: Oricorio|spe|1\n|\n|-heal|p1a: Oricorio|167/278|[from] item: Leftovers\n|upkeep\n|turn|15\n|-message|snitker forfeited.\n|\n|win|JD989\n|raw|JD989's rating: 1670 &rarr; <strong>1685</strong><br />(+15 for winning)\n|raw|snitker's rating: 1576 &rarr; <strong>1561</strong><br />(-15 for losing)\n|l|☆snitker\n|player|p2|\n", "inputlog": ">version ccdc32dd7cde25fd9e4bed64820e885f66e78a4e\n>start {\"formatid\":\"gen9randomdoublesbattle\",\"seed\":\"sodium,d420ab3089a1e76de886e7bbbb82a8c1\",\"rated\":\"Rated battle\"}\n>player p1 {\"name\":\"JD989\",\"avatar\":\"rocketgrunt\",\"rating\":1670,\"seed\":\"sodium,5ac7d1a814c1de50953eae0b8569f633\"}\n>player p2 {\"name\":\"snitker\",\"avatar\":\"pokefan-gen4\",\"rating\":1576,\"seed\":\"sodium,adcb954523662413bb681bf02f8a1863\"}\n>p1 move ironhead +1, move crunch +1\n>p2 switch 5, move toxicspikes\n>p1 switch 5, move crunch +2\n>p2 move heatwave, move toxicspikes\n>p1 move recover, move crunch +2\n>p2 move heatwave, move knockoff +1\n>p1 pass, switch 3\n>p1 move icywind, move protect\n>p2 move darkpulse +2, move gunkshot +1\n>p1 move triattack +2, move quiverdance\n>p2 move darkpulse +2, move gunkshot +1\n>p1 move triattack +2, move protect\n>p2 move darkpulse +2, move knockoff +1\n>p1 switch 6, pass\n>p1 move revelationdance +2, move bugbuzz +1\n>p2 move darkpulse +1, move gunkshot +2\n>p2 switch 6, switch 5\n>p1 move quiverdance terastallize, move protect\n>p2 move shadowsneak +2, move tailwind\n>p1 move quiverdance, switch 5\n>p2 switch 4, move moongeistbeam +2\n>p1 move airslash +1, move kowtowcleave +2\n>p2 move gravapple +1, move willowisp +2 terastallize\n>p2 switch 3, pass\n>p1 move protect, move ironhead +1\n>p2 move zenheadbutt +1, move moongeistbeam +1\n>p1 move revelationdance +1, switch 5\n>p2 move protect, move tailwind\n>p1 move revelationdance +1, move quiverdance\n>p2 move zenheadbutt +1, move moongeistbeam +1\n>p2 switch 4, pass\n>p1 move revelationdance +1, move quiverdance\n>p2 move lastrespects +1, move moongeistbeam +2\n>forcelose p2", "uploadtime": 1770743331, "views": 65, "formatid": "gen9randomdoublesbattle", "rating": 1561, "private": 0, "password": null}