{"id": "gen9randomdoublesbattle-2535275785", "format": "[Gen 9] Random Doubles Battle", "players": ["rudy97", "pixel_dragon9"], "log": "|j|☆rudy97\n|j|☆pixel_dragon9\n|t:|1770542514\n|gametype|doubles\n|player|p1|rudy97|2|1719\n|player|p2|pixel_dragon9|169|1585\n|gen|9\n|tier|[Gen 9] Random Doubles Battle\n|rated|\n|rule|Species Clause: Limit one of each Pokémon\n|rule|HP Percentage Mod: HP is shown in percentages\n|rule|Illusion Level Mod: Illusion disguises the Pokémon's true level\n|rule|Sleep Clause Mod: Limit one foe put to sleep\n|\n|t:|1770542514\n|teamsize|p1|6\n|teamsize|p2|6\n|start\n|switch|p1a: Mightyena|Mightyena, L95, F|287/287\n|switch|p1b: Spectrier|Spectrier, L77|281/281\n|switch|p2a: Miraidon|Miraidon, L65|238/238\n|switch|p2b: Heracross|Heracross, L82, F|265/265\n|-fieldstart|move: Electric Terrain|[from] ability: Hadron Engine|[of] p2a: Miraidon\n|-ability|p1a: Mightyena|Intimidate|boost\n|-unboost|p2a: Miraidon|atk|1\n|-unboost|p2b: Heracross|atk|1\n|turn|1\n|inactive|Battle timer is ON: inactive players will automatically lose when time's up. (requested by pixel_dragon9)\n|inactive|rudy97 also wants the timer to be on.\n|inactive|rudy97 has 120 seconds left.\n|\n|t:|1770542553\n|switch|p2a: Klefki|Klefki, L81, F|225/225\n|switch|p1a: Mandibuzz|Mandibuzz, L85, F|326/326\n|move|p2b: Heracross|Protect|p2b: Heracross\n|-singleturn|p2b: Heracross|Protect\n|move|p1b: Spectrier|Nasty Plot|p1b: Spectrier\n|-boost|p1b: Spectrier|spa|2\n|\n|-status|p2b: Heracross|brn|[from] item: Flame Orb\n|upkeep\n|turn|2\n|\n|t:|1770542575\n|move|p2a: Klefki|Thunder Wave|p1b: Spectrier\n|-status|p1b: Spectrier|par\n|move|p2b: Heracross|Knock Off|p1b: Spectrier\n|-supereffective|p1b: Spectrier\n|-damage|p1b: Spectrier|55/281 par\n|-enditem|p1b: Spectrier|Life Orb|[from] move: Knock Off|[of] p2b: Heracross\n|move|p1a: Mandibuzz|Tailwind|p1a: Mandibuzz\n|-sidestart|p1: rudy97|move: Tailwind\n|move|p1b: Spectrier|Shadow Ball|p2a: Klefki\n|-damage|p2a: Klefki|39/225\n|\n|-damage|p2b: Heracross|249/265 brn|[from] brn\n|upkeep\n|turn|3\n|inactive|rudy97 has 120 seconds left.\n|\n|t:|1770542613\n|switch|p1a: Mightyena|Mightyena, L95, F|287/287\n|-ability|p1a: Mightyena|Intimidate|boost\n|-unboost|p2a: Klefki|atk|1\n|-unboost|p2b: Heracross|atk|1\n|move|p2a: Klefki|Reflect|p2a: Klefki\n|-sidestart|p2: pixel_dragon9|Reflect\n|cant|p1b: Spectrier|par\n|move|p2b: Heracross|Knock Off|p1b: Spectrier\n|-supereffective|p1b: Spectrier\n|-damage|p1b: Spectrier|0 fnt\n|faint|p1b: Spectrier\n|\n|-damage|p2b: Heracross|233/265 brn|[from] brn\n|upkeep\n|\n|t:|1770542634\n|switch|p1b: Mandibuzz|Mandibuzz, L85, F|326/326\n|turn|4\n|inactive|rudy97 has 120 seconds left.\n|l|☆pixel_dragon9\n|inactive|pixel_dragon9 disconnected and has a minute to reconnect!\n|player|p2|\n|j|☆pixel_dragon9\n|inactive|pixel_dragon9 reconnected and has 130 seconds left.\n|player|p2|pixel_dragon9|169|\n|inactive|pixel_dragon9 has 120 seconds left.\n|\n|t:|1770542669\n|switch|p2b: Mismagius|Mismagius, L88, M|249/249\n|move|p2a: Klefki|Light Screen|p2a: Klefki\n|-sidestart|p2: pixel_dragon9|move: Light Screen\n|move|p1a: Mightyena|Crunch|p2a: Klefki\n|-resisted|p2a: Klefki\n|-damage|p2a: Klefki|0 fnt\n|faint|p2a: Klefki\n|-damage|p1a: Mightyena|259/287|[from] item: Life Orb\n|move|p1b: Mandibuzz|Foul Play|p2b: Mismagius\n|-supereffective|p2b: Mismagius\n|-damage|p2b: Mismagius|165/249\n|\n|upkeep\n|inactive|pixel_dragon9 has 120 seconds left.\n|\n|t:|1770542682\n|switch|p2a: Heracross|Heracross, L82, F|233/265 brn\n|turn|5\n|inactive|rudy97 has 120 seconds left.\n|\n|t:|1770542710\n|switch|p1b: Salazzle|Salazzle, L86, F|257/257\n|move|p1a: Mightyena|Crunch|p2b: Mismagius\n|-supereffective|p2b: Mismagius\n|-damage|p2b: Mismagius|0 fnt\n|faint|p2b: Mismagius\n|-damage|p1a: Mightyena|231/287|[from] item: Life Orb\n|move|p2a: Heracross|Close Combat|p1a: Mightyena\n|-supereffective|p1a: Mightyena\n|-damage|p1a: Mightyena|0 fnt\n|-unboost|p2a: Heracross|def|1\n|-unboost|p2a: Heracross|spd|1\n|faint|p1a: Mightyena\n|\n|-damage|p2a: Heracross|217/265 brn|[from] brn\n|-sideend|p1: rudy97|move: Tailwind\n|-fieldend|move: Electric Terrain\n|upkeep\n|inactive|rudy97 has 120 seconds left.\n|inactive|pixel_dragon9 has 120 seconds left.\n|\n|t:|1770542737\n|switch|p2b: Excadrill|Excadrill, L82, M|315/315\n|switch|p1a: Fezandipiti|Fezandipiti, L81, M|275/275\n|-ability|p2b: Excadrill|Mold Breaker\n|turn|6\n|inactive|rudy97 has 120 seconds left.\n|inactive|pixel_dragon9 has 120 seconds left.\n|\n|t:|1770542772\n|switch|p1a: Mandibuzz|Mandibuzz, L85, F|326/326\n|move|p1b: Salazzle|Fire Blast|p2a: Heracross\n|-supereffective|p2a: Heracross\n|-damage|p2a: Heracross|0 fnt\n|faint|p2a: Heracross\n|move|p2b: Excadrill|Rapid Spin|p1b: Salazzle\n|-damage|p1b: Salazzle|199/257\n|-boost|p2b: Excadrill|spe|1\n|\n|upkeep\n|l|☆pixel_dragon9\n|inactive|pixel_dragon9 disconnected and has a minute to reconnect!\n|player|p2|\n|j|☆pixel_dragon9\n|inactive|pixel_dragon9 reconnected and has 95 seconds left.\n|player|p2|pixel_dragon9|169|\n|inactive|pixel_dragon9 has 90 seconds left.\n|\n|t:|1770542803\n|switch|p2a: Miraidon|Miraidon, L65|238/238\n|-fieldstart|move: Electric Terrain|[from] ability: Hadron Engine|[of] p2a: Miraidon\n|turn|7\n|inactive|rudy97 has 120 seconds left.\n|\n|t:|1770542841\n|switch|p1b: Fezandipiti|Fezandipiti, L81, M|275/275\n|-terastallize|p1a: Mandibuzz|Steel\n|move|p2b: Excadrill|High Horsepower|p1b: Fezandipiti\n|-supereffective|p1b: Fezandipiti\n|-damage|p1b: Fezandipiti|0 fnt\n|faint|p1b: Fezandipiti\n|move|p2a: Miraidon|Electro Drift|p1a: Mandibuzz\n|-crit|p1a: Mandibuzz\n|-damage|p1a: Mandibuzz|20/326\n|-enditem|p1a: Mandibuzz|Sitrus Berry|[eat]\n|-heal|p1a: Mandibuzz|101/326|[from] item: Sitrus Berry\n|move|p1a: Mandibuzz|Tailwind|p1a: Mandibuzz\n|-sidestart|p1: rudy97|move: Tailwind\n|\n|upkeep\n|\n|t:|1770542855\n|switch|p1b: Salazzle|Salazzle, L86, F|199/257\n|turn|8\n|\n|t:|1770542866\n|-terastallize|p2b: Excadrill|Flying\n|move|p1b: Salazzle|Fire Blast|p2b: Excadrill\n|-damage|p2b: Excadrill|238/315\n|move|p1a: Mandibuzz|Foul Play|p2b: Excadrill\n|-damage|p2b: Excadrill|119/315\n|move|p2b: Excadrill|High Horsepower|p1b: Salazzle\n|-supereffective|p1b: Salazzle\n|-damage|p1b: Salazzle|0 fnt\n|faint|p1b: Salazzle\n|move|p2a: Miraidon|Electro Drift|p1a: Mandibuzz\n|-damage|p1a: Mandibuzz|0 fnt\n|faint|p1a: Mandibuzz\n|\n|upkeep\n|-message|rudy97 forfeited.\n|\n|win|pixel_dragon9\n|raw|rudy97's rating: 1719 &rarr; <strong>1692</strong><br />(-27 for losing)\n|raw|pixel_dragon9's rating: 1585 &rarr; <strong>1612</strong><br />(+27 for winning)\n|l|☆rudy97\n|player|p1|\n", "inputlog": ">version ccdc32dd7cde25fd9e4bed64820e885f66e78a4e\n>start {\"formatid\":\"gen9randomdoublesbattle\",\"seed\":\"sodium,1beec15b97b69a906291e7364b10532e\",\"rated\":\"Rated battle\"}\n>player p1 {\"name\":\"rudy97\",\"avatar\":\"2\",\"rating\":1719,\"seed\":\"sodium,2d9f417eaf849616033427abcaea9e75\"}\n>player p2 {\"name\":\"pixel_dragon9\",\"avatar\":\"169\",\"rating\":1585,\"seed\":\"sodium,11628d9316660c9db8d472601c63f0b2\"}\n>p1 switch 4, move nastyplot\n>p2 switch 3, move protect\n>p1 move tailwind, move shadowball +1\n>p2 move thunderwave +2, move knockoff +2\n>p1 switch 4, move shadowball +1\n>p2 move reflect, move knockoff +2\n>p1 pass, switch 4\n>p1 move crunch +1, move foulplay +1\n>p2 move lightscreen, switch 6\n>p2 switch 6, pass\n>p1 move crunch +2, switch 6\n>p2 move closecombat +1, move thunderbolt +2\n>p1 switch 3, pass\n>p2 pass, switch 5\n>p1 switch 6, move fireblast +1\n>p2 move facade +2, move rapidspin +2\n>p2 switch 3, pass\n>p1 move tailwind terastallize, switch 6\n>p2 move electrodrift +1, move highhorsepower +2\n>p1 pass, switch 6\n>p1 move foulplay +2, move fireblast +2\n>p2 move electrodrift +1, move highhorsepower +2 terastallize\n>forcelose p1", "uploadtime": 1770542877, "views": 95, "formatid": "gen9randomdoublesbattle", "rating": 1612, "private": 0, "password": null}