{"id": "gen9randomdoublesbattle-2538016517", "format": "[Gen 9] Random Doubles Battle", "players": ["baseballlover", "fanhualuoji chara"], "log": "|j|☆baseballlover\n|j|☆fanhualuoji chara\n|t:|1770878321\n|gametype|doubles\n|player|p1|baseballlover|102|1687\n|player|p2|fanhualuoji chara|gambler|1584\n|gen|9\n|tier|[Gen 9] Random Doubles Battle\n|rated|\n|rule|Species Clause: Limit one of each Pokémon\n|rule|HP Percentage Mod: HP is shown in percentages\n|rule|Illusion Level Mod: Illusion disguises the Pokémon's true level\n|rule|Sleep Clause Mod: Limit one foe put to sleep\n|\n|t:|1770878321\n|teamsize|p1|6\n|teamsize|p2|6\n|start\n|switch|p1a: Registeel|Registeel, L78|253/253\n|switch|p1b: Ditto|Ditto, L97|250/250\n|switch|p2a: Heracross|Heracross, L82, F|265/265\n|switch|p2b: Pincurchin|Pincurchin, L97, F|250/250\n|-transform|p1b: Ditto|p2a: Heracross|[from] ability: Imposter\n|-fieldstart|move: Electric Terrain|[from] ability: Electric Surge|[of] p2b: Pincurchin\n|turn|1\n|inactive|Battle timer is ON: inactive players will automatically lose when time's up. (requested by baseballlover)\n|\n|t:|1770878349\n|move|p1b: Ditto|Knock Off|p2b: Pincurchin\n|-damage|p2b: Pincurchin|180/250\n|-enditem|p2b: Pincurchin|Sitrus Berry|[from] move: Knock Off|[of] p1b: Ditto\n|move|p2a: Heracross|Close Combat|p1a: Registeel\n|-supereffective|p1a: Registeel\n|-damage|p1a: Registeel|55/253\n|-unboost|p2a: Heracross|def|1\n|-unboost|p2a: Heracross|spd|1\n|move|p1a: Registeel|Thunder Wave|p2a: Heracross\n|-status|p2a: Heracross|par\n|move|p2b: Pincurchin|Scald|p1b: Ditto\n|-damage|p1b: Ditto|176/250\n|-status|p1b: Ditto|brn\n|\n|-heal|p1a: Registeel|70/253|[from] item: Leftovers\n|-damage|p1b: Ditto|161/250 brn|[from] brn\n|upkeep\n|turn|2\n|inactive|baseballlover has 120 seconds left.\n|\n|t:|1770878382\n|move|p1b: Ditto|Facade|p2a: Heracross\n|-damage|p2a: Heracross|0 fnt\n|faint|p2a: Heracross\n|move|p1a: Registeel|Body Press|p2b: Pincurchin\n|-damage|p2b: Pincurchin|121/250\n|move|p2b: Pincurchin|Thunderbolt|p1b: Ditto\n|-damage|p1b: Ditto|16/250 brn\n|-enditem|p1b: Ditto|Sitrus Berry|[eat]\n|-heal|p1b: Ditto|78/250 brn|[from] item: Sitrus Berry\n|\n|-heal|p1a: Registeel|85/253|[from] item: Leftovers\n|-damage|p1b: Ditto|63/250 brn|[from] brn\n|upkeep\n|inactive|fanhualuoji chara has 120 seconds left.\n|\n|t:|1770878402\n|switch|p2a: Seviper|Seviper, L96, M|296/296\n|turn|3\n|\n|t:|1770878411\n|move|p1b: Ditto|Facade|p2a: Seviper\n|-damage|p2a: Seviper|73/296\n|move|p2a: Seviper|Flamethrower|p1a: Registeel\n|-supereffective|p1a: Registeel\n|-damage|p1a: Registeel|0 fnt\n|faint|p1a: Registeel\n|-damage|p2a: Seviper|44/296|[from] item: Life Orb\n|move|p2b: Pincurchin|Thunderbolt|p1b: Ditto\n|-damage|p1b: Ditto|0 fnt\n|faint|p1b: Ditto\n|\n|upkeep\n|\n|t:|1770878419\n|switch|p1b: Inteleon|Inteleon, L78, F|237/237\n|switch|p1a: Gyarados|Gyarados, L80, M|283/283\n|-ability|p1a: Gyarados|Intimidate|boost\n|-unboost|p2a: Seviper|atk|1\n|-unboost|p2b: Pincurchin|atk|1\n|turn|4\n|\n|t:|1770878441\n|move|p2a: Seviper|Protect|p2a: Seviper\n|-singleturn|p2a: Seviper|Protect\n|move|p1b: Inteleon|Muddy Water|p2a: Seviper|[spread] \n|-activate|p2a: Seviper|move: Protect\n|-miss|p1b: Inteleon|p2b: Pincurchin\n|move|p1a: Gyarados|Waterfall|p2b: Pincurchin\n|-damage|p2b: Pincurchin|39/250\n|move|p2b: Pincurchin|Electroweb|p1b: Inteleon|[spread] p1a,p1b\n|-supereffective|p1a: Gyarados\n|-supereffective|p1b: Inteleon\n|-crit|p1b: Inteleon\n|-damage|p1a: Gyarados|31/283\n|-damage|p1b: Inteleon|0 fnt\n|-unboost|p1a: Gyarados|spe|1\n|-enditem|p1a: Gyarados|Sitrus Berry|[eat]\n|-heal|p1a: Gyarados|101/283|[from] item: Sitrus Berry\n|faint|p1b: Inteleon\n|\n|upkeep\n|\n|t:|1770878465\n|switch|p1b: Bellossom|Bellossom, L87, M|272/272\n|turn|5\n|\n|t:|1770878474\n|-terastallize|p1b: Bellossom|Poison\n|move|p2a: Seviper|Flamethrower|p1b: Bellossom\n|-damage|p1b: Bellossom|184/272\n|-status|p1b: Bellossom|brn\n|-damage|p2a: Seviper|15/296|[from] item: Life Orb\n|move|p1b: Bellossom|Quiver Dance|p1b: Bellossom\n|-boost|p1b: Bellossom|spa|1\n|-boost|p1b: Bellossom|spd|1\n|-boost|p1b: Bellossom|spe|1\n|move|p1a: Gyarados|Waterfall|p2b: Pincurchin\n|-damage|p2b: Pincurchin|0 fnt\n|faint|p2b: Pincurchin\n|\n|-damage|p1b: Bellossom|167/272 brn|[from] brn\n|-fieldend|move: Electric Terrain\n|upkeep\n|\n|t:|1770878498\n|switch|p2b: Deoxys|Deoxys-Defense, L88|231/231\n|-ability|p2b: Deoxys|Pressure\n|turn|6\n|\n|t:|1770878513\n|move|p2b: Deoxys|Icy Wind|p1b: Bellossom|[spread] p1a,p1b\n|-crit|p1b: Bellossom\n|-damage|p1a: Gyarados|75/283\n|-damage|p1b: Bellossom|132/272 brn\n|-unboost|p1a: Gyarados|spe|1\n|-unboost|p1b: Bellossom|spe|1\n|-enditem|p1b: Bellossom|Sitrus Berry|[eat]\n|-heal|p1b: Bellossom|200/272 brn|[from] item: Sitrus Berry\n|move|p2a: Seviper|Knock Off|p1b: Bellossom\n|-damage|p1b: Bellossom|151/272 brn\n|-damage|p2a: Seviper|0 fnt|[from] item: Life Orb\n|faint|p2a: Seviper\n|move|p1b: Bellossom|Quiver Dance|p1b: Bellossom\n|-boost|p1b: Bellossom|spa|1\n|-boost|p1b: Bellossom|spd|1\n|-boost|p1b: Bellossom|spe|1\n|move|p1a: Gyarados|Icy Wind|p2b: Deoxys|[miss]\n|-miss|p1a: Gyarados|p2b: Deoxys\n|\n|-damage|p1b: Bellossom|134/272 brn|[from] brn\n|upkeep\n|\n|t:|1770878534\n|switch|p2a: Roaring Moon|Roaring Moon, L76|285/285\n|-enditem|p2a: Roaring Moon|Booster Energy\n|-activate|p2a: Roaring Moon|ability: Protosynthesis|[fromitem]\n|-start|p2a: Roaring Moon|protosynthesisatk\n|turn|7\n|\n|t:|1770878557\n|move|p2a: Roaring Moon|Acrobatics|p1b: Bellossom\n|-damage|p1b: Bellossom|37/272 brn\n|move|p2b: Deoxys|Night Shade|p1a: Gyarados\n|-damage|p1a: Gyarados|0 fnt\n|faint|p1a: Gyarados\n|move|p1b: Bellossom|Giga Drain|p2b: Deoxys\n|-damage|p2b: Deoxys|140/231\n|-heal|p1b: Bellossom|83/272 brn|[from] drain|[of] p2b: Deoxys\n|\n|-damage|p1b: Bellossom|66/272 brn|[from] brn\n|upkeep\n|\n|t:|1770878570\n|switch|p1a: Vileplume|Vileplume, L89, M|278/278\n|turn|8\n|\n|t:|1770878580\n|move|p2a: Roaring Moon|Acrobatics|p1a: Vileplume\n|-supereffective|p1a: Vileplume\n|-crit|p1a: Vileplume\n|-damage|p1a: Vileplume|0 fnt\n|faint|p1a: Vileplume\n|move|p2b: Deoxys|Icy Wind|p1b: Bellossom|[miss]\n|-miss|p2b: Deoxys|p1b: Bellossom\n|move|p1b: Bellossom|Quiver Dance|p1b: Bellossom\n|-boost|p1b: Bellossom|spa|1\n|-boost|p1b: Bellossom|spd|1\n|-boost|p1b: Bellossom|spe|1\n|\n|-damage|p1b: Bellossom|49/272 brn|[from] brn\n|upkeep\n|turn|9\n|\n|t:|1770878598\n|move|p1b: Bellossom|Giga Drain|p2b: Deoxys\n|-damage|p2b: Deoxys|25/231\n|-heal|p1b: Bellossom|107/272 brn|[from] drain|[of] p2b: Deoxys\n|-enditem|p2b: Deoxys|Sitrus Berry|[eat]\n|-heal|p2b: Deoxys|82/231|[from] item: Sitrus Berry\n|move|p2a: Roaring Moon|Acrobatics|p1b: Bellossom\n|-damage|p1b: Bellossom|0 fnt\n|faint|p1b: Bellossom\n|\n|win|fanhualuoji chara\n|raw|baseballlover's rating: 1687 &rarr; <strong>1661</strong><br />(-26 for losing)\n|raw|fanhualuoji chara's rating: 1584 &rarr; <strong>1610</strong><br />(+26 for winning)\n", "inputlog": ">version ccdc32dd7cde25fd9e4bed64820e885f66e78a4e\n>start {\"formatid\":\"gen9randomdoublesbattle\",\"seed\":\"sodium,26b44654418b99643f1417202dc17e68\",\"rated\":\"Rated battle\"}\n>player p1 {\"name\":\"baseballlover\",\"avatar\":\"102\",\"rating\":1687,\"seed\":\"sodium,ae3e4b8f1452490a550b5b99fd194c32\"}\n>player p2 {\"name\":\"fanhualuoji chara\",\"avatar\":\"gambler\",\"rating\":1584,\"seed\":\"sodium,f4bdd484c52c3499e87c28c4161bffdd\"}\n>p1 move thunderwave +1, move knockoff +2\n>p2 move closecombat +1, move scald +2\n>p1 move bodypress +2, move facade +1\n>p2 move closecombat +1, move thunderbolt +2\n>p2 switch 5, pass\n>p1 move bodypress +2, move facade +1\n>p2 move flamethrower +1, move thunderbolt +2\n>p1 switch 5, switch 6\n>p1 move waterfall +2, move muddywater\n>p2 move protect, move electroweb\n>p1 pass, switch 3\n>p1 move waterfall +2, move quiverdance terastallize\n>p2 move flamethrower +2, move recover\n>p2 pass, switch 6\n>p1 move icywind, move quiverdance\n>p2 move knockoff +2, move icywind\n>p2 switch 4, pass\n>p1 move icywind, move gigadrain +2\n>p2 move acrobatics +2, move nightshade +1\n>p1 switch 4, pass\n>p1 move pollenpuff +1, move quiverdance\n>p2 move acrobatics +1, move icywind\n>p1 pass, move gigadrain +2\n>p2 move acrobatics +2, move nightshade +2", "uploadtime": 1770878598, "views": 73, "formatid": "gen9randomdoublesbattle", "rating": 1610, "private": 0, "password": null}