{"id": "gen9randomdoublesbattle-2535376614", "format": "[Gen 9] Random Doubles Battle", "players": ["derblauste", "iuboinom"], "log": "|j|☆derblauste\n|j|☆iuboinom\n|t:|1770560381\n|gametype|doubles\n|player|p1|derblauste|265|1774\n|player|p2|iuboinom|102|1762\n|gen|9\n|tier|[Gen 9] Random Doubles Battle\n|rated|\n|rule|Species Clause: Limit one of each Pokémon\n|rule|HP Percentage Mod: HP is shown in percentages\n|rule|Illusion Level Mod: Illusion disguises the Pokémon's true level\n|rule|Sleep Clause Mod: Limit one foe put to sleep\n|\n|t:|1770560381\n|teamsize|p1|6\n|teamsize|p2|6\n|start\n|switch|p1a: Electrode|Electrode-Hisui, L88|249/249\n|switch|p1b: Pincurchin|Pincurchin, L97, F|250/250\n|switch|p2a: Zarude|Zarude-Dada, L80|299/299\n|switch|p2b: Minun|Minun, L91, F|257/257\n|-fieldstart|move: Electric Terrain|[from] ability: Electric Surge|[of] p1b: Pincurchin\n|turn|1\n|inactive|Battle timer is ON: inactive players will automatically lose when time's up. (requested by derblauste)\n|inactive|iuboinom has 120 seconds left.\n|\n|t:|1770560415\n|move|p1a: Electrode|Leaf Storm|p2b: Minun\n|-damage|p2b: Minun|97/257\n|-unboost|p1a: Electrode|spa|2\n|-enditem|p2b: Minun|Sitrus Berry|[eat]\n|-heal|p2b: Minun|161/257|[from] item: Sitrus Berry\n|-damage|p1a: Electrode|225/249|[from] item: Life Orb\n|move|p2b: Minun|Super Fang|p1a: Electrode\n|-damage|p1a: Electrode|113/249\n|move|p2a: Zarude|Power Whip|p1b: Pincurchin\n|-damage|p1b: Pincurchin|102/250\n|-enditem|p1b: Pincurchin|Sitrus Berry|[eat]\n|-heal|p1b: Pincurchin|164/250|[from] item: Sitrus Berry\n|-damage|p2a: Zarude|270/299|[from] item: Life Orb\n|move|p1b: Pincurchin|Scald|p2b: Minun\n|-damage|p2b: Minun|97/257\n|-status|p2b: Minun|brn\n|\n|-damage|p2b: Minun|81/257 brn|[from] brn\n|upkeep\n|turn|2\n|inactive|iuboinom has 120 seconds left.\n|\n|t:|1770560455\n|switch|p1a: Spidops|Spidops, M|282/282\n|switch|p2b: Bellibolt|Bellibolt, L81, M|309/309\n|move|p2a: Zarude|Power Whip|p1b: Pincurchin|[miss]\n|-miss|p2a: Zarude|p1b: Pincurchin\n|move|p1b: Pincurchin|Recover|p1b: Pincurchin\n|-heal|p1b: Pincurchin|250/250\n|\n|upkeep\n|turn|3\n|inactive|iuboinom has 120 seconds left.\n|\n|t:|1770560484\n|move|p2a: Zarude|Power Whip|p1b: Pincurchin\n|-damage|p1b: Pincurchin|101/250\n|-damage|p2a: Zarude|241/299|[from] item: Life Orb\n|move|p1a: Spidops|Sticky Web|p2a: Zarude\n|-sidestart|p2: iuboinom|move: Sticky Web\n|move|p2b: Bellibolt|Electroweb|p1a: Spidops|[spread] p1a,p1b\n|-resisted|p1b: Pincurchin\n|-damage|p1a: Spidops|237/282\n|-damage|p1b: Pincurchin|77/250\n|-unboost|p1a: Spidops|spe|1\n|-unboost|p1b: Pincurchin|spe|1\n|move|p1b: Pincurchin|Electroweb|p2a: Zarude|[spread] p2a,p2b\n|-resisted|p2a: Zarude\n|-resisted|p2b: Bellibolt\n|-damage|p2a: Zarude|206/299\n|-damage|p2b: Bellibolt|273/309\n|-unboost|p2a: Zarude|spe|1\n|-unboost|p2b: Bellibolt|spe|1\n|-start|p2b: Bellibolt|Charge|Electroweb|[from] ability: Electromorphosis\n|\n|upkeep\n|turn|4\n|inactive|iuboinom has 120 seconds left.\n|\n|t:|1770560505\n|switch|p2a: Minun|Minun, L91, F|81/257 brn\n|-activate|p2a: Minun|move: Sticky Web\n|-unboost|p2a: Minun|spe|1\n|move|p1a: Spidops|Lunge|p2a: Minun\n|-damage|p2a: Minun|0 fnt\n|faint|p2a: Minun\n|move|p2b: Bellibolt|Thunderbolt|p1b: Pincurchin\n|-resisted|p1b: Pincurchin\n|-damage|p1b: Pincurchin|0 fnt\n|faint|p1b: Pincurchin\n|-end|p2b: Bellibolt|Charge|[silent]\n|\n|upkeep\n|\n|t:|1770560527\n|switch|p2a: Swanna|Swanna, L87, F|272/272\n|switch|p1b: Rabsca|Rabsca, L87, F|272/272\n|turn|5\n|\n|t:|1770560551\n|move|p2a: Swanna|Brave Bird|p1a: Spidops\n|-supereffective|p1a: Spidops\n|-damage|p1a: Spidops|25/282\n|-enditem|p1a: Spidops|Sitrus Berry|[eat]\n|-heal|p1a: Spidops|95/282|[from] item: Sitrus Berry\n|-damage|p2a: Swanna|202/272|[from] Recoil\n|move|p1a: Spidops|Knock Off|p2a: Swanna\n|-crit|p2a: Swanna\n|-damage|p2a: Swanna|43/272\n|-enditem|p2a: Swanna|Sitrus Berry|[from] move: Knock Off|[of] p1a: Spidops\n|move|p2b: Bellibolt|Thunderbolt|p1b: Rabsca\n|-damage|p1b: Rabsca|163/272\n|move|p1b: Rabsca|Trick Room|p1b: Rabsca\n|-fieldstart|move: Trick Room|[of] p1b: Rabsca\n|\n|-fieldend|move: Electric Terrain\n|upkeep\n|turn|6\n|inactive|derblauste has 120 seconds left.\n|\n|t:|1770560591\n|switch|p2a: Cloyster|Cloyster, L87, M|229/229\n|-activate|p2a: Cloyster|move: Sticky Web\n|-unboost|p2a: Cloyster|spe|1\n|-enditem|p2a: Cloyster|White Herb\n|-clearnegativeboost|p2a: Cloyster|[silent]\n|move|p2b: Bellibolt|Thunderbolt|p1b: Rabsca\n|-damage|p1b: Rabsca|87/272\n|-enditem|p1b: Rabsca|Sitrus Berry|[eat]\n|-heal|p1b: Rabsca|155/272|[from] item: Sitrus Berry\n|move|p1b: Rabsca|Psychic|p2a: Cloyster\n|-damage|p2a: Cloyster|55/229\n|move|p1a: Spidops|Knock Off|p2a: Cloyster\n|-damage|p2a: Cloyster|0 fnt\n|faint|p2a: Cloyster\n|\n|upkeep\n|inactive|iuboinom has 120 seconds left.\n|\n|t:|1770560608\n|switch|p2a: Ambipom|Ambipom, L87, M|272/272\n|-activate|p2a: Ambipom|move: Sticky Web\n|-unboost|p2a: Ambipom|spe|1\n|turn|7\n|inactive|derblauste has 120 seconds left.\n|inactive|iuboinom has 120 seconds left.\n|\n|t:|1770560630\n|move|p2b: Bellibolt|Thunderbolt|p1b: Rabsca\n|-damage|p1b: Rabsca|70/272\n|-status|p1b: Rabsca|par\n|-activate|p1b: Rabsca|ability: Synchronize\n|-immune|p2b: Bellibolt\n|move|p1b: Rabsca|Bug Buzz|p2b: Bellibolt\n|-damage|p2b: Bellibolt|143/309\n|-start|p2b: Bellibolt|Charge|Bug Buzz|[from] ability: Electromorphosis\n|-enditem|p2b: Bellibolt|Sitrus Berry|[eat]\n|-heal|p2b: Bellibolt|220/309|[from] item: Sitrus Berry\n|move|p1a: Spidops|Lunge|p2a: Ambipom\n|-damage|p2a: Ambipom|155/272\n|-unboost|p2a: Ambipom|atk|1\n|move|p2a: Ambipom|Double-Edge|p1b: Rabsca\n|-damage|p1b: Rabsca|0 fnt\n|faint|p1b: Rabsca\n|-damage|p2a: Ambipom|132/272|[from] Recoil\n|\n|upkeep\n|inactive|derblauste has 120 seconds left.\n|\n|t:|1770560661\n|switch|p1b: Feraligatr|Feraligatr, L82, M|274/274\n|turn|8\n|\n|t:|1770560682\n|move|p1b: Feraligatr|Protect|p1b: Feraligatr\n|-singleturn|p1b: Feraligatr|Protect\n|move|p2b: Bellibolt|Thunderbolt|p1b: Feraligatr\n|-activate|p1b: Feraligatr|move: Protect\n|-end|p2b: Bellibolt|Charge|[silent]\n|move|p1a: Spidops|Lunge|p2a: Ambipom\n|-damage|p2a: Ambipom|12/272\n|-unboost|p2a: Ambipom|atk|1\n|move|p2a: Ambipom|Double-Edge|p1a: Spidops\n|-damage|p1a: Spidops|20/282\n|-damage|p2a: Ambipom|0 fnt|[from] Recoil\n|faint|p2a: Ambipom\n|\n|upkeep\n|\n|t:|1770560693\n|switch|p2a: Zarude|Zarude-Dada, L80|206/299\n|-activate|p2a: Zarude|move: Sticky Web\n|-unboost|p2a: Zarude|spe|1\n|turn|9\n|\n|t:|1770560703\n|-terastallize|p1b: Feraligatr|Fire\n|move|p2b: Bellibolt|Electroweb|p1b: Feraligatr|[spread] p1a,p1b\n|-damage|p1a: Spidops|0 fnt\n|-damage|p1b: Feraligatr|226/274\n|-unboost|p1b: Feraligatr|spe|1\n|faint|p1a: Spidops\n|move|p1b: Feraligatr|Dragon Dance|p1b: Feraligatr\n|-boost|p1b: Feraligatr|atk|1\n|-boost|p1b: Feraligatr|spe|1\n|move|p2a: Zarude|Power Whip|p1b: Feraligatr\n|-resisted|p1b: Feraligatr\n|-damage|p1b: Feraligatr|138/274\n|-damage|p2a: Zarude|177/299|[from] item: Life Orb\n|\n|-fieldend|move: Trick Room\n|upkeep\n|inactive|derblauste has 120 seconds left.\n|\n|t:|1770560736\n|switch|p1a: Electrode|Electrode-Hisui, L88|113/249\n|turn|10\n|\n|t:|1770560744\n|move|p2a: Zarude|Protect|p2a: Zarude\n|-singleturn|p2a: Zarude|Protect\n|move|p1a: Electrode|Leaf Storm|p2b: Bellibolt|[miss]\n|-miss|p1a: Electrode|p2b: Bellibolt\n|move|p1b: Feraligatr|Liquidation|p2b: Bellibolt\n|-damage|p2b: Bellibolt|2/309\n|-start|p2b: Bellibolt|Charge|Liquidation|[from] ability: Electromorphosis\n|move|p2b: Bellibolt|Slack Off|p2b: Bellibolt\n|-heal|p2b: Bellibolt|157/309\n|\n|upkeep\n|turn|11\n|inactive|derblauste has 120 seconds left.\n|inactive|iuboinom has 120 seconds left.\n|\n|t:|1770560784\n|-terastallize|p2b: Bellibolt|Water\n|move|p1a: Electrode|Thunderbolt|p2a: Zarude\n|-resisted|p2a: Zarude\n|-damage|p2a: Zarude|121/299\n|-damage|p1a: Electrode|89/249|[from] item: Life Orb\n|move|p1b: Feraligatr|Liquidation|p2b: Bellibolt\n|-resisted|p2b: Bellibolt\n|-damage|p2b: Bellibolt|47/309\n|-start|p2b: Bellibolt|Charge|Liquidation|[from] ability: Electromorphosis\n|move|p2a: Zarude|Knock Off|p1a: Electrode\n|-damage|p1a: Electrode|0 fnt\n|-enditem|p1a: Electrode|Life Orb|[from] move: Knock Off|[of] p2a: Zarude\n|faint|p1a: Electrode\n|-damage|p2a: Zarude|92/299|[from] item: Life Orb\n|move|p2b: Bellibolt|Slack Off|p2b: Bellibolt\n|-heal|p2b: Bellibolt|202/309\n|\n|upkeep\n|\n|t:|1770560802\n|switch|p1a: Cloyster|Cloyster, L87, F|229/229\n|turn|12\n|inactive|derblauste has 120 seconds left.\n|\n|t:|1770560825\n|move|p1a: Cloyster|Protect|p1a: Cloyster\n|-singleturn|p1a: Cloyster|Protect\n|move|p1b: Feraligatr|Liquidation|p2b: Bellibolt\n|-resisted|p2b: Bellibolt\n|-damage|p2b: Bellibolt|89/309\n|-start|p2b: Bellibolt|Charge|Liquidation|[from] ability: Electromorphosis\n|move|p2a: Zarude|Knock Off|p1b: Feraligatr\n|-damage|p1b: Feraligatr|9/274\n|-enditem|p1b: Feraligatr|Life Orb|[from] move: Knock Off|[of] p2a: Zarude\n|-damage|p2a: Zarude|63/299|[from] item: Life Orb\n|move|p2b: Bellibolt|Electroweb|p1b: Feraligatr|[spread] p1b\n|-activate|p1a: Cloyster|move: Protect\n|-damage|p1b: Feraligatr|0 fnt\n|faint|p1b: Feraligatr\n|-end|p2b: Bellibolt|Charge|[silent]\n|\n|upkeep\n|turn|13\n|inactive|derblauste has 120 seconds left.\n|\n|t:|1770560846\n|move|p1a: Cloyster|Shell Smash|p1a: Cloyster\n|-unboost|p1a: Cloyster|def|1\n|-unboost|p1a: Cloyster|spd|1\n|-boost|p1a: Cloyster|atk|2\n|-boost|p1a: Cloyster|spa|2\n|-boost|p1a: Cloyster|spe|2\n|-enditem|p1a: Cloyster|White Herb\n|-clearnegativeboost|p1a: Cloyster|[silent]\n|move|p2a: Zarude|Close Combat|p1a: Cloyster\n|-supereffective|p1a: Cloyster\n|-damage|p1a: Cloyster|96/229\n|-unboost|p2a: Zarude|def|1\n|-unboost|p2a: Zarude|spd|1\n|-damage|p2a: Zarude|34/299|[from] item: Life Orb\n|move|p2b: Bellibolt|Thunderbolt|p1a: Cloyster\n|-supereffective|p1a: Cloyster\n|-damage|p1a: Cloyster|0 fnt\n|faint|p1a: Cloyster\n|\n|win|iuboinom\n|raw|derblauste's rating: 1774 &rarr; <strong>1753</strong><br />(-21 for losing)\n|raw|iuboinom's rating: 1762 &rarr; <strong>1783</strong><br />(+21 for winning)\n|l|☆derblauste\n|player|p1|\n|c|☆iuboinom|Ggwp\n", "inputlog": ">version ccdc32dd7cde25fd9e4bed64820e885f66e78a4e\n>start {\"formatid\":\"gen9randomdoublesbattle\",\"seed\":\"sodium,619b6647d313f45639f5c7e309366cb1\",\"rated\":\"Rated battle\"}\n>player p1 {\"name\":\"derblauste\",\"avatar\":\"265\",\"rating\":1774,\"seed\":\"sodium,cb1681fd0f9bd30664aad04962f60249\"}\n>player p2 {\"name\":\"iuboinom\",\"avatar\":\"102\",\"rating\":1762,\"seed\":\"sodium,25ca9e3983182a5113fbd1ecfcb9bc45\"}\n>p1 move leafstorm +2, move scald +2\n>p2 move powerwhip +2, move superfang +1\n>p1 switch 6, move recover\n>p2 move powerwhip +2, switch 3\n>p1 move stickyweb, move electroweb\n>p2 move powerwhip +2, move electroweb\n>p1 move lunge +1, move recover\n>p2 switch 3, move thunderbolt +2\n>p1 pass, switch 4\n>p2 switch 5, pass\n>p1 move knockoff +1, move trickroom\n>p2 move bravebird +1, move thunderbolt +2\n>p1 move knockoff +1, move psychic +1\n>p2 switch 4, move thunderbolt +2\n>p2 switch 6, pass\n>p1 move lunge +1, move bugbuzz +2\n>p2 move doubleedge +2, move thunderbolt +2\n>p1 pass, switch 3\n>p1 move lunge +1, move protect\n>p2 move doubleedge +1, move thunderbolt +2\n>p2 switch 3, pass\n>p1 move lunge +1, move dragondance terastallize\n>p2 move powerwhip +2, move electroweb\n>p1 switch 6, pass\n>p1 move leafstorm +2, move liquidation +2\n>p2 move protect, move slackoff\n>p1 move thunderbolt +1, move liquidation +2\n>p2 move knockoff +1, move slackoff terastallize\n>p1 switch 5, pass\n>p1 move protect, move liquidation +2\n>p2 move knockoff +2, move electroweb\n>p1 move shellsmash, pass\n>p2 move closecombat +1, move thunderbolt +1", "uploadtime": 1770560863, "views": 86, "formatid": "gen9randomdoublesbattle", "rating": 1753, "private": 0, "password": null}