{"id": "gen9randomdoublesbattle-2534669354", "format": "[Gen 9] Random Doubles Battle", "players": ["mitchelle of india", "baseballlover"], "log": "|j|‽mitchelle of india\n|j|☆baseballlover\n|t:|1770457991\n|gametype|doubles\n|player|p1|mitchelle of india|101|1569\n|player|p2|baseballlover|1|1592\n|gen|9\n|tier|[Gen 9] Random Doubles Battle\n|rated|\n|rule|Species Clause: Limit one of each Pokémon\n|rule|HP Percentage Mod: HP is shown in percentages\n|rule|Illusion Level Mod: Illusion disguises the Pokémon's true level\n|rule|Sleep Clause Mod: Limit one foe put to sleep\n|\n|t:|1770457991\n|teamsize|p1|6\n|teamsize|p2|6\n|start\n|switch|p1a: Chimecho|Chimecho, L94, F|293/293\n|switch|p1b: Milotic|Milotic, L81, M|287/287\n|switch|p2a: Reshiram|Reshiram, L72|263/263\n|switch|p2b: Magearna|Magearna-Original, L71|231/231\n|-ability|p2a: Reshiram|Turboblaze\n|turn|1\n|inactive|Battle timer is ON: inactive players will automatically lose when time's up. (requested by baseballlover)\n|\n|t:|1770458019\n|move|p1a: Chimecho|Icy Wind|p2b: Magearna|[spread] p2a,p2b\n|-resisted|p2b: Magearna\n|-damage|p2a: Reshiram|233/263\n|-damage|p2b: Magearna|219/231\n|-unboost|p2a: Reshiram|spe|1\n|-unboost|p2b: Magearna|spe|1\n|move|p2a: Reshiram|Draco Meteor|p1b: Milotic\n|-damage|p1b: Milotic|141/287\n|-unboost|p2a: Reshiram|spa|2\n|-enditem|p1b: Milotic|Sitrus Berry|[eat]\n|-heal|p1b: Milotic|212/287|[from] item: Sitrus Berry\n|-damage|p2a: Reshiram|207/263|[from] item: Life Orb\n|move|p2b: Magearna|Dazzling Gleam|p1b: Milotic|[spread] p1a,p1b\n|-damage|p1a: Chimecho|245/293\n|-damage|p1b: Milotic|163/287\n|move|p1b: Milotic|Dragon Tail|p2a: Reshiram\n|-supereffective|p2a: Reshiram\n|-damage|p2a: Reshiram|143/263\n|drag|p2a: Tyranitar|Tyranitar, L81, M|295/295\n|-weather|Sandstorm|[from] ability: Sand Stream|[of] p2a: Tyranitar\n|\n|-weather|Sandstorm|[upkeep]\n|-damage|p1b: Milotic|146/287|[from] Sandstorm\n|-damage|p1a: Chimecho|227/293|[from] Sandstorm\n|upkeep\n|turn|2\n|\n|t:|1770458047\n|move|p1b: Milotic|Scald|p2a: Tyranitar\n|-supereffective|p2a: Tyranitar\n|-damage|p2a: Tyranitar|229/295\n|move|p1a: Chimecho|Icy Wind|p2b: Magearna|[spread] p2a,p2b\n|-resisted|p2b: Magearna\n|-damage|p2a: Tyranitar|213/295\n|-damage|p2b: Magearna|209/231\n|-unboost|p2a: Tyranitar|spe|1\n|-unboost|p2b: Magearna|spe|1\n|move|p2a: Tyranitar|Knock Off|p1a: Chimecho\n|-supereffective|p1a: Chimecho\n|-damage|p1a: Chimecho|0 fnt\n|-enditem|p1a: Chimecho|Sitrus Berry|[from] move: Knock Off|[of] p2a: Tyranitar\n|faint|p1a: Chimecho\n|-ability|p2b: Magearna|Soul-Heart|boost\n|-boost|p2b: Magearna|spa|1\n|move|p2b: Magearna|Dazzling Gleam|p1b: Milotic\n|-damage|p1b: Milotic|50/287\n|\n|-weather|Sandstorm|[upkeep]\n|-damage|p1b: Milotic|33/287|[from] Sandstorm\n|upkeep\n|inactive|mitchelle of india has 120 seconds left.\n|\n|t:|1770458072\n|switch|p1a: Duraludon|Duraludon, L83, F|252/252\n|turn|3\n|\n|t:|1770458086\n|move|p1a: Duraludon|Thunder Wave|p2b: Magearna\n|-status|p2b: Magearna|par\n|move|p1b: Milotic|Scald|p2b: Magearna\n|-damage|p2b: Magearna|160/231 par\n|move|p2a: Tyranitar|Icy Wind|p1a: Duraludon|[spread] p1a,p1b\n|-resisted|p1b: Milotic\n|-damage|p1a: Duraludon|226/252\n|-damage|p1b: Milotic|22/287\n|-unboost|p1a: Duraludon|spe|1\n|-unboost|p1b: Milotic|spe|1\n|-ability|p1b: Milotic|Competitive|boost\n|-boost|p1b: Milotic|spa|2\n|move|p2b: Magearna|Aura Sphere|p1a: Duraludon\n|-supereffective|p1a: Duraludon\n|-damage|p1a: Duraludon|64/252\n|\n|-weather|Sandstorm|[upkeep]\n|-damage|p1b: Milotic|5/287|[from] Sandstorm\n|upkeep\n|turn|4\n|inactive|mitchelle of india has 120 seconds left.\n|\n|t:|1770458130\n|-terastallize|p2b: Magearna|Water\n|move|p1a: Duraludon|Body Press|p2a: Tyranitar\n|-supereffective|p2a: Tyranitar\n|-damage|p2a: Tyranitar|1/295\n|move|p1b: Milotic|Scald|p2b: Magearna\n|-resisted|p2b: Magearna\n|-damage|p2b: Magearna|107/231 par\n|move|p2a: Tyranitar|Icy Wind|p1a: Duraludon|[spread] p1a,p1b\n|-resisted|p1b: Milotic\n|-damage|p1a: Duraludon|34/252\n|-damage|p1b: Milotic|0 fnt\n|-unboost|p1a: Duraludon|spe|1\n|faint|p1b: Milotic\n|-ability|p2b: Magearna|Soul-Heart|boost\n|-boost|p2b: Magearna|spa|1\n|cant|p2b: Magearna|par\n|\n|-weather|Sandstorm|[upkeep]\n|-damage|p2b: Magearna|93/231 par|[from] Sandstorm\n|upkeep\n|\n|t:|1770458145\n|switch|p1b: Dachsbun|Dachsbun, L90, F|249/249\n|turn|5\n|\n|t:|1770458151\n|move|p1b: Dachsbun|Snarl|p2a: Tyranitar|[spread] p2a,p2b\n|-resisted|p2a: Tyranitar\n|-damage|p2a: Tyranitar|0 fnt\n|-damage|p2b: Magearna|78/231 par\n|-unboost|p2b: Magearna|spa|1\n|faint|p2a: Tyranitar\n|-ability|p2b: Magearna|Soul-Heart|boost\n|-boost|p2b: Magearna|spa|1\n|move|p1a: Duraludon|Body Press|p2b: Magearna\n|-damage|p2b: Magearna|14/231 par\n|cant|p2b: Magearna|par\n|\n|-weather|none\n|upkeep\n|\n|t:|1770458167\n|switch|p2a: Tauros|Tauros, L82, M|257/257\n|-ability|p2a: Tauros|Intimidate|boost\n|-unboost|p1a: Duraludon|atk|1\n|-unboost|p1b: Dachsbun|atk|1\n|turn|6\n|inactive|mitchelle of india has 120 seconds left.\n|inactive|baseballlover has 120 seconds left.\n|\n|t:|1770458225\n|move|p2a: Tauros|Double-Edge|p1b: Dachsbun\n|-damage|p1b: Dachsbun|114/249\n|-enditem|p1b: Dachsbun|Sitrus Berry|[eat]\n|-heal|p1b: Dachsbun|176/249|[from] item: Sitrus Berry\n|-damage|p2a: Tauros|212/257|[from] Recoil\n|move|p1b: Dachsbun|Snarl|p2b: Magearna|[spread] p2a,p2b\n|-damage|p2a: Tauros|188/257\n|-damage|p2b: Magearna|0 fnt\n|-unboost|p2a: Tauros|spa|1\n|faint|p2b: Magearna\n|move|p1a: Duraludon|Body Press|p2a: Tauros\n|-supereffective|p2a: Tauros\n|-damage|p2a: Tauros|68/257\n|\n|upkeep\n|\n|t:|1770458242\n|switch|p2b: Greninja|Greninja, L83, M|255/255\n|turn|7\n|inactive|mitchelle of india has 120 seconds left.\n|\n|t:|1770458254\n|move|p2b: Greninja|Gunk Shot|p1b: Dachsbun|[miss]\n|-miss|p2b: Greninja|p1b: Dachsbun\n|move|p2a: Tauros|Double-Edge|p1a: Duraludon\n|-resisted|p1a: Duraludon\n|-damage|p1a: Duraludon|0 fnt\n|faint|p1a: Duraludon\n|-damage|p2a: Tauros|57/257|[from] Recoil\n|move|p1b: Dachsbun|Yawn|p2b: Greninja\n|-start|p2b: Greninja|move: Yawn|[of] p1b: Dachsbun\n|\n|upkeep\n|\n|t:|1770458264\n|switch|p1a: Delibird|Delibird, F|252/252\n|turn|8\n|\n|t:|1770458278\n|switch|p2b: Reshiram|Reshiram, L72|143/263\n|-ability|p2b: Reshiram|Turboblaze\n|move|p1a: Delibird|Fake Out|p2a: Tauros\n|-damage|p2a: Tauros|30/257\n|cant|p2a: Tauros|flinch\n|move|p1b: Dachsbun|Play Rough|p2a: Tauros\n|-damage|p2a: Tauros|0 fnt\n|faint|p2a: Tauros\n|\n|upkeep\n|\n|t:|1770458295\n|switch|p2a: Greninja|Greninja, L83, M|255/255\n|turn|9\n|\n|t:|1770458321\n|-terastallize|p1b: Dachsbun|Steel\n|move|p2a: Greninja|Gunk Shot|p1b: Dachsbun\n|-immune|p1b: Dachsbun\n|move|p1b: Dachsbun|Play Rough|p2a: Greninja\n|-supereffective|p2a: Greninja\n|-damage|p2a: Greninja|87/255\n|move|p1a: Delibird|Icy Wind|p2a: Greninja|[spread] p2a,p2b\n|-resisted|p2a: Greninja\n|-damage|p2a: Greninja|60/255\n|-damage|p2b: Reshiram|100/263\n|-unboost|p2a: Greninja|spe|1\n|-unboost|p2b: Reshiram|spe|1\n|move|p2b: Reshiram|Blue Flare|p1a: Delibird\n|-supereffective|p1a: Delibird\n|-damage|p1a: Delibird|0 fnt\n|faint|p1a: Delibird\n|-damage|p2b: Reshiram|74/263|[from] item: Life Orb\n|\n|upkeep\n|inactive|mitchelle of india has 120 seconds left.\n|\n|t:|1770458332\n|switch|p1a: Flamigo|Flamigo, L84, M|275/275\n|turn|10\n|\n|t:|1770458349\n|switch|p2a: Tropius|Tropius, L94, F|339/339\n|move|p1b: Dachsbun|Play Rough|p2a: Tropius\n|-damage|p2a: Tropius|276/339\n|move|p1a: Flamigo|Close Combat|p2b: Reshiram\n|-damage|p2b: Reshiram|0 fnt\n|-unboost|p1a: Flamigo|def|1\n|-unboost|p1a: Flamigo|spd|1\n|faint|p2b: Reshiram\n|\n|upkeep\n|\n|t:|1770458351\n|switch|p2b: Greninja|Greninja, L83, M|60/255\n|turn|11\n|\n|t:|1770458364\n|move|p2b: Greninja|Hydro Pump|p1b: Dachsbun\n|-damage|p1b: Dachsbun|23/249\n|-damage|p2b: Greninja|35/255|[from] item: Life Orb\n|move|p1b: Dachsbun|Yawn|p2a: Tropius\n|-start|p2a: Tropius|move: Yawn|[of] p1b: Dachsbun\n|move|p1a: Flamigo|Close Combat|p2b: Greninja\n|-supereffective|p2b: Greninja\n|-damage|p2b: Greninja|0 fnt\n|-unboost|p1a: Flamigo|def|1\n|-unboost|p1a: Flamigo|spd|1\n|faint|p2b: Greninja\n|move|p2a: Tropius|Hurricane|p1a: Flamigo\n|-supereffective|p1a: Flamigo\n|-damage|p1a: Flamigo|0 fnt\n|faint|p1a: Flamigo\n|\n|upkeep\n|turn|12\n|\n|t:|1770458384\n|move|p1b: Dachsbun|Snarl|p2a: Tropius\n|-damage|p2a: Tropius|252/339\n|-unboost|p2a: Tropius|spa|1\n|move|p2a: Tropius|Energy Ball|p1b: Dachsbun\n|-resisted|p1b: Dachsbun\n|-damage|p1b: Dachsbun|0 fnt\n|faint|p1b: Dachsbun\n|\n|win|baseballlover\n|raw|mitchelle of india's rating: 1569 &rarr; <strong>1550</strong><br />(-19 for losing)\n|raw|baseballlover's rating: 1592 &rarr; <strong>1611</strong><br />(+19 for winning)\n", "inputlog": ">version ccdc32dd7cde25fd9e4bed64820e885f66e78a4e\n>start {\"formatid\":\"gen9randomdoublesbattle\",\"seed\":\"sodium,f7e6edc9d6418c6e57632ea3c616fcb6\",\"rated\":\"Rated battle\"}\n>player p1 {\"name\":\"mitchelle of india\",\"avatar\":\"101\",\"rating\":1569,\"seed\":\"sodium,c9fc935fabb5d92c070ae938aa0f5745\"}\n>player p2 {\"name\":\"baseballlover\",\"avatar\":\"1\",\"rating\":1592,\"seed\":\"sodium,d24a6489fddbd3b68f8a43e1c06369a3\"}\n>p1 move icywind, move dragontail +1\n>p2 move dracometeor +2, move dazzlinggleam\n>p1 move icywind, move scald +1\n>p2 move knockoff +1, move dazzlinggleam\n>p1 switch 5, pass\n>p1 move thunderwave +2, move scald +2\n>p2 move icywind, move aurasphere +1\n>p1 move bodypress +1, move scald +2\n>p2 move icywind, move dazzlinggleam terastallize\n>p1 pass, switch 4\n>p1 move bodypress +2, move snarl\n>p2 move stoneedge +2, move dazzlinggleam\n>p2 switch 5, pass\n>p1 move bodypress +1, move snarl\n>p2 move doubleedge +2, move dazzlinggleam\n>p2 pass, switch 4\n>p1 move bodypress +1, move yawn +2\n>p2 move doubleedge +1, move gunkshot +2\n>p1 switch 6, pass\n>p1 move fakeout +1, move playrough +1\n>p2 move doubleedge +2, switch 6\n>p2 switch 6, pass\n>p1 move icywind, move playrough +1 terastallize\n>p2 move gunkshot +2, move blueflare +1\n>p1 switch 3, pass\n>p1 move closecombat +2, move playrough +1\n>p2 switch 3, move blueflare +1\n>p2 pass, switch 3\n>p1 move closecombat +2, move yawn +1\n>p2 move hurricane +1, move hydropump +2\n>p1 pass, move snarl\n>p2 move energyball +2, pass", "uploadtime": 1770458384, "views": 89, "formatid": "gen9randomdoublesbattle", "rating": 1550, "private": 0, "password": null}