{"id": "gen9randomdoublesbattle-2536730084", "format": "[Gen 9] Random Doubles Battle", "players": ["vevsjjs", "guilledlf08"], "log": "|j|☆vevsjjs\n|j|‽guilledlf08\n|t:|1770731162\n|gametype|doubles\n|player|p1|vevsjjs|101|1583\n|player|p2|guilledlf08|2|1667\n|gen|9\n|tier|[Gen 9] Random Doubles Battle\n|rated|\n|rule|Species Clause: Limit one of each Pokémon\n|rule|HP Percentage Mod: HP is shown in percentages\n|rule|Illusion Level Mod: Illusion disguises the Pokémon's true level\n|rule|Sleep Clause Mod: Limit one foe put to sleep\n|\n|t:|1770731162\n|teamsize|p1|6\n|teamsize|p2|6\n|start\n|switch|p1a: Slither Wing|Slither Wing, L83|277/277\n|switch|p1b: Abomasnow|Abomasnow, L81, M|278/278\n|switch|p2a: Shiftry|Shiftry, L84, M|288/288\n|switch|p2b: Slowbro|Slowbro, L88, F|310/310\n|-weather|Snowscape|[from] ability: Snow Warning|[of] p1b: Abomasnow\n|turn|1\n|inactive|Battle timer is ON: inactive players will automatically lose when time's up. (requested by vevsjjs)\n|\n|t:|1770731200\n|move|p1a: Slither Wing|First Impression|p2a: Shiftry\n|-supereffective|p2a: Shiftry\n|-damage|p2a: Shiftry|0 fnt\n|faint|p2a: Shiftry\n|-damage|p1a: Slither Wing|250/277|[from] item: Life Orb\n|move|p1b: Abomasnow|Aurora Veil|p1b: Abomasnow\n|-sidestart|p1: vevsjjs|move: Aurora Veil\n|move|p2b: Slowbro|Trick Room|p2b: Slowbro\n|-fieldstart|move: Trick Room|[of] p2b: Slowbro\n|\n|-weather|Snowscape|[upkeep]\n|upkeep\n|\n|t:|1770731208\n|switch|p2a: Spiritomb|Spiritomb, L89, F|234/234\n|turn|2\n|\n|t:|1770731235\n|-end|p1a: Slither Wing|Protosynthesis|[silent]\n|switch|p1a: Shiftry|Shiftry, L84, M|288/288\n|move|p2b: Slowbro|Fire Blast|p1b: Abomasnow\n|-supereffective|p1b: Abomasnow\n|-crit|p1b: Abomasnow\n|-damage|p1b: Abomasnow|0 fnt\n|faint|p1b: Abomasnow\n|-damage|p2b: Slowbro|279/310|[from] item: Life Orb\n|move|p2a: Spiritomb|Will-O-Wisp|p1a: Shiftry\n|-status|p1a: Shiftry|brn\n|\n|-weather|Snowscape|[upkeep]\n|-damage|p1a: Shiftry|270/288 brn|[from] brn\n|upkeep\n|inactive|vevsjjs has 120 seconds left.\n|\n|t:|1770731257\n|switch|p1b: Slither Wing|Slither Wing, L83|250/277\n|turn|3\n|inactive|vevsjjs has 120 seconds left.\n|\n|t:|1770731272\n|switch|p2b: Jirachi|Jirachi, L80|291/291\n|move|p1b: Slither Wing|First Impression|p2b: Jirachi\n|-damage|p2b: Jirachi|126/291\n|-enditem|p2b: Jirachi|Sitrus Berry|[eat]\n|-heal|p2b: Jirachi|198/291|[from] item: Sitrus Berry\n|-damage|p1b: Slither Wing|223/277|[from] item: Life Orb\n|move|p2a: Spiritomb|Will-O-Wisp|p1b: Slither Wing\n|-status|p1b: Slither Wing|brn\n|move|p1a: Shiftry|Knock Off|p2a: Spiritomb\n|-damage|p2a: Spiritomb|193/234\n|-enditem|p2a: Spiritomb|Sitrus Berry|[from] move: Knock Off|[of] p1a: Shiftry\n|\n|-weather|Snowscape|[upkeep]\n|-damage|p1b: Slither Wing|206/277 brn|[from] brn\n|-damage|p1a: Shiftry|252/288 brn|[from] brn\n|upkeep\n|turn|4\n|inactive|guilledlf08 has 120 seconds left.\n|\n|t:|1770731318\n|switch|p2a: Slowbro|Slowbro, L88, F|310/310\n|switch|p2b: Whiscash|Whiscash, L88, M|337/337\n|move|p1b: Slither Wing|Flare Blitz|p2b: Whiscash\n|-resisted|p2b: Whiscash\n|-damage|p2b: Whiscash|301/337\n|-damage|p1b: Slither Wing|194/277 brn|[from] Recoil\n|-damage|p1b: Slither Wing|167/277 brn|[from] item: Life Orb\n|move|p1a: Shiftry|Knock Off|p2b: Whiscash\n|-damage|p2b: Whiscash|245/337\n|-enditem|p2b: Whiscash|Sitrus Berry|[from] move: Knock Off|[of] p1a: Shiftry\n|\n|-weather|Snowscape|[upkeep]\n|-damage|p1b: Slither Wing|150/277 brn|[from] brn\n|-damage|p1a: Shiftry|234/288 brn|[from] brn\n|upkeep\n|turn|5\n|inactive|guilledlf08 has 120 seconds left.\n|\n|t:|1770731342\n|move|p2a: Slowbro|Fire Blast|p1a: Shiftry\n|-supereffective|p1a: Shiftry\n|-damage|p1a: Shiftry|38/288 brn\n|-damage|p2a: Slowbro|279/310|[from] item: Life Orb\n|move|p2b: Whiscash|Muddy Water|p1b: Slither Wing|[spread] p1a,p1b\n|-resisted|p1a: Shiftry\n|-damage|p1a: Shiftry|8/288 brn\n|-damage|p1b: Slither Wing|110/277 brn\n|-unboost|p1b: Slither Wing|accuracy|1\n|move|p1b: Slither Wing|Flare Blitz|p2b: Whiscash|[miss]\n|-miss|p1b: Slither Wing|p2b: Whiscash\n|move|p1a: Shiftry|Leaf Blade|p2b: Whiscash\n|-supereffective|p2b: Whiscash\n|-damage|p2b: Whiscash|15/337\n|\n|-weather|none\n|-damage|p1b: Slither Wing|93/277 brn|[from] brn\n|-damage|p1a: Shiftry|0 fnt|[from] brn\n|faint|p1a: Shiftry\n|-fieldend|move: Trick Room\n|upkeep\n|inactive|vevsjjs has 120 seconds left.\n|\n|t:|1770731380\n|switch|p1a: Baxcalibur|Baxcalibur, L78, F|307/307\n|turn|6\n|inactive|vevsjjs has 120 seconds left.\n|\n|t:|1770731406\n|switch|p2b: Spiritomb|Spiritomb, L89, F|193/234\n|move|p1b: Slither Wing|Close Combat|p2a: Slowbro|[miss]\n|-miss|p1b: Slither Wing|p2a: Slowbro\n|move|p1a: Baxcalibur|Scale Shot|p2a: Slowbro\n|-crit|p2a: Slowbro\n|-damage|p2a: Slowbro|234/310\n|-damage|p2a: Slowbro|209/310\n|-damage|p2a: Slowbro|184/310\n|-damage|p2a: Slowbro|156/310\n|-damage|p2a: Slowbro|129/310\n|-hitcount|p2a: Slowbro|5\n|-unboost|p1a: Baxcalibur|def|1\n|-boost|p1a: Baxcalibur|spe|1\n|move|p2a: Slowbro|Trick Room|p2a: Slowbro\n|-fieldstart|move: Trick Room|[of] p2a: Slowbro\n|\n|-damage|p1b: Slither Wing|76/277 brn|[from] brn\n|upkeep\n|turn|7\n|inactive|vevsjjs has 120 seconds left.\n|inactive|guilledlf08 has 120 seconds left.\n|\n|t:|1770731458\n|switch|p1a: Volcanion|Volcanion, L75|244/244\n|move|p2a: Slowbro|Psychic|p1a: Volcanion\n|-damage|p1a: Volcanion|169/244\n|-damage|p2a: Slowbro|98/310|[from] item: Life Orb\n|move|p2b: Spiritomb|Foul Play|p1a: Volcanion\n|-damage|p1a: Volcanion|90/244\n|move|p1b: Slither Wing|Close Combat|p2a: Slowbro\n|-resisted|p2a: Slowbro\n|-damage|p2a: Slowbro|59/310\n|-unboost|p1b: Slither Wing|def|1\n|-unboost|p1b: Slither Wing|spd|1\n|-damage|p1b: Slither Wing|49/277 brn|[from] item: Life Orb\n|\n|-damage|p1b: Slither Wing|32/277 brn|[from] brn\n|upkeep\n|turn|8\n|inactive|guilledlf08 has 120 seconds left.\n|inactive|vevsjjs has 120 seconds left.\n|inactive|vevsjjs has 90 seconds left.\n|\n|t:|1770731518\n|switch|p2a: Whiscash|Whiscash, L88, M|15/337\n|move|p2b: Spiritomb|Foul Play|p1a: Volcanion\n|-damage|p1a: Volcanion|14/244\n|move|p1a: Volcanion|Sludge Bomb|p2a: Whiscash\n|-resisted|p2a: Whiscash\n|-damage|p2a: Whiscash|0 fnt\n|faint|p2a: Whiscash\n|move|p1b: Slither Wing|Flare Blitz|p2b: Spiritomb|[miss]\n|-miss|p1b: Slither Wing|p2b: Spiritomb\n|\n|-damage|p1b: Slither Wing|15/277 brn|[from] brn\n|-sideend|p1: vevsjjs|move: Aurora Veil\n|upkeep\n|inactive|guilledlf08 has 90 seconds left.\n|\n|t:|1770731558\n|switch|p2a: Slowbro|Slowbro, L88, F|162/310\n|turn|9\n|inactive|guilledlf08 has 90 seconds left.\n|inactive|vevsjjs has 90 seconds left.\n|\n|t:|1770731578\n|move|p2a: Slowbro|Psychic|p1a: Volcanion\n|-damage|p1a: Volcanion|0 fnt\n|faint|p1a: Volcanion\n|-damage|p2a: Slowbro|131/310|[from] item: Life Orb\n|move|p2b: Spiritomb|Foul Play|p1b: Slither Wing\n|-resisted|p1b: Slither Wing\n|-damage|p1b: Slither Wing|0 fnt\n|faint|p1b: Slither Wing\n|-end|p1b: Slither Wing|Protosynthesis|[silent]\n|\n|upkeep\n|inactive|vevsjjs has 90 seconds left.\n|\n|t:|1770731588\n|switch|p1a: Floatzel|Floatzel, L86, M|286/286\n|switch|p1b: Baxcalibur|Baxcalibur, L78, F|307/307\n|turn|10\n|inactive|guilledlf08 has 90 seconds left.\n|\n|t:|1770731646\n|move|p1b: Baxcalibur|Protect|p1b: Baxcalibur\n|-singleturn|p1b: Baxcalibur|Protect\n|move|p2a: Slowbro|Psychic|p1b: Baxcalibur\n|-activate|p1b: Baxcalibur|move: Protect\n|move|p2b: Spiritomb|Will-O-Wisp|p1a: Floatzel\n|-immune|p1a: Floatzel|[from] ability: Water Veil\n|move|p1a: Floatzel|Wave Crash|p2b: Spiritomb\n|-damage|p2b: Spiritomb|22/234\n|-damage|p1a: Floatzel|230/286|[from] Recoil\n|\n|-fieldend|move: Trick Room\n|upkeep\n|turn|11\n|inactive|vevsjjs has 120 seconds left.\n|\n|t:|1770731664\n|move|p1a: Floatzel|Wave Crash|p2b: Spiritomb\n|-damage|p2b: Spiritomb|0 fnt\n|faint|p2b: Spiritomb\n|-damage|p1a: Floatzel|223/286|[from] Recoil\n|move|p1b: Baxcalibur|Scale Shot|p2a: Slowbro\n|-damage|p2a: Slowbro|106/310\n|-damage|p2a: Slowbro|78/310\n|-damage|p2a: Slowbro|51/310\n|-crit|p2a: Slowbro\n|-damage|p2a: Slowbro|12/310\n|-hitcount|p2a: Slowbro|4\n|-unboost|p1b: Baxcalibur|def|1\n|-boost|p1b: Baxcalibur|spe|1\n|move|p2a: Slowbro|Trick Room|p2a: Slowbro\n|-fieldstart|move: Trick Room|[of] p2a: Slowbro\n|\n|upkeep\n|\n|t:|1770731682\n|switch|p2b: Sawsbuck|Sawsbuck-Autumn, L91, F|293/293\n|turn|12\n|inactive|guilledlf08 has 90 seconds left.\n|\n|t:|1770731697\n|-terastallize|p2b: Sawsbuck|Normal\n|move|p2a: Slowbro|Psychic|p1b: Baxcalibur\n|-damage|p1b: Baxcalibur|143/307\n|-damage|p2a: Slowbro|0 fnt|[from] item: Life Orb\n|faint|p2a: Slowbro\n|move|p2b: Sawsbuck|Swords Dance|p2b: Sawsbuck\n|-boost|p2b: Sawsbuck|atk|2\n|move|p1a: Floatzel|Wave Crash|p2b: Sawsbuck\n|-damage|p2b: Sawsbuck|41/293\n|-damage|p1a: Floatzel|140/286|[from] Recoil\n|move|p1b: Baxcalibur|Icicle Spear|p2b: Sawsbuck\n|-damage|p2b: Sawsbuck|5/293\n|-damage|p2b: Sawsbuck|0 fnt\n|faint|p2b: Sawsbuck\n|-hitcount|p2: Sawsbuck|2\n|\n|upkeep\n|\n|t:|1770731701\n|switch|p2b: Jirachi|Jirachi, L80|198/291\n|turn|13\n|\n|t:|1770731727\n|move|p1b: Baxcalibur|Protect|p1b: Baxcalibur\n|-singleturn|p1b: Baxcalibur|Protect\n|move|p2b: Jirachi|Iron Head|p1b: Baxcalibur\n|-activate|p1b: Baxcalibur|move: Protect\n|move|p1a: Floatzel|Wave Crash|p2b: Jirachi\n|-crit|p2b: Jirachi\n|-damage|p2b: Jirachi|0 fnt\n|faint|p2b: Jirachi\n|-damage|p1a: Floatzel|75/286|[from] Recoil\n|\n|win|vevsjjs\n|raw|vevsjjs's rating: 1583 &rarr; <strong>1608</strong><br />(+25 for winning)\n|raw|guilledlf08's rating: 1667 &rarr; <strong>1642</strong><br />(-25 for losing)\n|l|‽guilledlf08\n|player|p2|\n", "inputlog": ">version ccdc32dd7cde25fd9e4bed64820e885f66e78a4e\n>start {\"formatid\":\"gen9randomdoublesbattle\",\"seed\":\"sodium,1894029b724b7bdba5b0a8a5e16959d9\",\"rated\":\"Rated battle\"}\n>player p1 {\"name\":\"vevsjjs\",\"avatar\":\"101\",\"rating\":1583,\"seed\":\"sodium,b54144c1638dfcebf9a39d2da59046c9\"}\n>player p2 {\"name\":\"guilledlf08\",\"avatar\":\"2\",\"rating\":1667,\"seed\":\"sodium,5680c15eac2d0d916839016ccf1b5f28\"}\n>p1 move firstimpression +1, move auroraveil\n>p2 move knockoff +2, move trickroom\n>p2 switch 4, pass\n>p1 switch 3, move woodhammer +2\n>p2 move willowisp +1, move fireblast +2\n>p1 pass, switch 3\n>p1 move knockoff +1, move firstimpression +2\n>p2 move willowisp +2, switch 6\n>p1 move knockoff +2, move flareblitz +2\n>p2 switch 6, switch 5\n>p1 move leafblade +2, move flareblitz +2\n>p2 move fireblast +1, move muddywater\n>p1 switch 6, pass\n>p1 move scaleshot +1, move closecombat +1\n>p2 move trickroom, switch 6\n>p1 switch 5, move closecombat +1\n>p2 move psychic +1, move foulplay +1\n>p1 move sludgebomb +1, move flareblitz +2\n>p2 switch 6, move foulplay +1\n>p2 switch 6, pass\n>p1 move sludgebomb +1, move flareblitz +2\n>p2 move psychic +1, move foulplay +2\n>p1 switch 4, switch 5\n>p1 move wavecrash +2, move protect\n>p2 move psychic +2, move willowisp +1\n>p1 move wavecrash +2, move scaleshot +1\n>p2 move trickroom, move icywind\n>p2 pass, switch 3\n>p1 move wavecrash +1, move iciclespear +2\n>p2 move psychic +2, move swordsdance terastallize\n>p2 pass, switch 5\n>p1 move wavecrash +2, move protect\n>p2 pass, move ironhead +2", "uploadtime": 1770731740, "views": 58, "formatid": "gen9randomdoublesbattle", "rating": 1608, "private": 0, "password": null}