{"id": "gen9randomdoublesbattle-2537576088", "format": "[Gen 9] Random Doubles Battle", "players": ["rdrr4aq", "SquirtleSquad99"], "log": "|j|☆rdrr4aq\n|j|☆SquirtleSquad99\n|t:|1770828787\n|gametype|doubles\n|player|p1|rdrr4aq|101|1804\n|player|p2|SquirtleSquad99|266|1705\n|gen|9\n|tier|[Gen 9] Random Doubles Battle\n|rated|\n|rule|Species Clause: Limit one of each Pokémon\n|rule|HP Percentage Mod: HP is shown in percentages\n|rule|Illusion Level Mod: Illusion disguises the Pokémon's true level\n|rule|Sleep Clause Mod: Limit one foe put to sleep\n|\n|t:|1770828787\n|teamsize|p1|6\n|teamsize|p2|6\n|start\n|switch|p1a: Yanmega|Yanmega, L84, M|282/282\n|switch|p1b: Jolteon|Jolteon, L85, F|249/249\n|switch|p2a: Squawkabilly|Squawkabilly-Blue, L91, F|297/297\n|switch|p2b: Uxie|Uxie, L85|266/266\n|-ability|p2a: Squawkabilly|Intimidate|boost\n|-unboost|p1a: Yanmega|atk|1\n|-unboost|p1b: Jolteon|atk|1\n|turn|1\n|c|☆rdrr4aq|glhf\n|c|☆SquirtleSquad99|u2\n|inactive|Battle timer is ON: inactive players will automatically lose when time's up. (requested by rdrr4aq)\n|\n|t:|1770828822\n|switch|p2a: Thundurus|Thundurus-Therian, L78, M|251/251\n|move|p1b: Jolteon|Thunderbolt|p2a: Thundurus\n|-immune|p2a: Thundurus|[from] ability: Volt Absorb\n|move|p2b: Uxie|Mystical Power|p1a: Yanmega\n|-damage|p1a: Yanmega|195/282\n|-boost|p2b: Uxie|spa|1\n|move|p1a: Yanmega|Bug Buzz|p2b: Uxie\n|-supereffective|p2b: Uxie\n|-damage|p2b: Uxie|14/266\n|-enditem|p2b: Uxie|Sitrus Berry|[eat]\n|-heal|p2b: Uxie|80/266|[from] item: Sitrus Berry\n|\n|upkeep\n|turn|2\n|inactive|SquirtleSquad99 has 120 seconds left.\n|\n|t:|1770828860\n|switch|p1a: Camerupt|Camerupt, L88, F|266/266\n|move|p2a: Thundurus|Volt Switch|p1a: Camerupt\n|-immune|p1a: Camerupt\n|move|p1b: Jolteon|Thunderbolt|p2b: Uxie\n|-damage|p2b: Uxie|0 fnt\n|faint|p2b: Uxie\n|-damage|p1b: Jolteon|225/249|[from] item: Life Orb\n|\n|upkeep\n|inactive|SquirtleSquad99 has 90 seconds left.\n|\n|t:|1770828892\n|switch|p2b: Porygon2|Porygon2, L82|274/274\n|-ability|p2b: Porygon2|Download|boost\n|-boost|p2b: Porygon2|atk|1\n|turn|3\n|inactive|rdrr4aq has 120 seconds left.\n|\n|t:|1770828929\n|switch|p2a: Regice|Regice, L84|272/272\n|move|p1b: Jolteon|Protect|p1b: Jolteon\n|-singleturn|p1b: Jolteon|Protect\n|move|p2b: Porygon2|Tri Attack|p1a: Camerupt\n|-damage|p1a: Camerupt|178/266\n|move|p1a: Camerupt|Stealth Rock|p2a: Regice\n|-sidestart|p2: SquirtleSquad99|move: Stealth Rock\n|\n|upkeep\n|turn|4\n|\n|t:|1770828957\n|move|p1b: Jolteon|Thunderbolt|p2a: Regice\n|-damage|p2a: Regice|206/272\n|-damage|p1b: Jolteon|201/249|[from] item: Life Orb\n|move|p2b: Porygon2|Tri Attack|p1a: Camerupt\n|-damage|p1a: Camerupt|91/266\n|-enditem|p1a: Camerupt|Sitrus Berry|[eat]\n|-heal|p1a: Camerupt|157/266|[from] item: Sitrus Berry\n|move|p2a: Regice|Icy Wind|p1b: Jolteon|[spread] p1a,p1b\n|-damage|p1a: Camerupt|109/266\n|-damage|p1b: Jolteon|159/249\n|-unboost|p1a: Camerupt|spe|1\n|-unboost|p1b: Jolteon|spe|1\n|move|p1a: Camerupt|Heat Wave|p2b: Porygon2|[spread] p2a\n|-miss|p1a: Camerupt|p2b: Porygon2\n|-supereffective|p2a: Regice\n|-damage|p2a: Regice|120/272\n|-enditem|p2a: Regice|Sitrus Berry|[eat]\n|-heal|p2a: Regice|188/272|[from] item: Sitrus Berry\n|\n|upkeep\n|turn|5\n|inactive|SquirtleSquad99 has 90 seconds left.\n|\n|t:|1770828993\n|switch|p1a: Basculegion|Basculegion, L69, M|280/280\n|move|p1b: Jolteon|Thunderbolt|p2a: Regice\n|-damage|p2a: Regice|110/272\n|-damage|p1b: Jolteon|135/249|[from] item: Life Orb\n|move|p2b: Porygon2|Tri Attack|p1b: Jolteon\n|-damage|p1b: Jolteon|53/249\n|move|p2a: Regice|Icy Wind|p1b: Jolteon|[spread] p1a,p1b\n|-resisted|p1a: Basculegion\n|-damage|p1a: Basculegion|250/280\n|-damage|p1b: Jolteon|14/249\n|-unboost|p1a: Basculegion|spe|1\n|-unboost|p1b: Jolteon|spe|1\n|\n|upkeep\n|turn|6\n|inactive|SquirtleSquad99 has 90 seconds left.\n|\n|t:|1770829029\n|switch|p1b: Scovillain|Scovillain, L90, M|263/263\n|move|p1a: Basculegion|Flip Turn|p2a: Regice\n|-damage|p2a: Regice|52/272\n|\n|t:|1770829035\n|switch|p1a: Camerupt|Camerupt, L88, F|109/266|[from] Flip Turn\n|move|p2b: Porygon2|Icy Wind|p1b: Scovillain|[spread] p1a,p1b\n|-damage|p1a: Camerupt|77/266\n|-damage|p1b: Scovillain|227/263\n|-unboost|p1a: Camerupt|spe|1\n|-unboost|p1b: Scovillain|spe|1\n|move|p2a: Regice|Thunderbolt|p1a: Camerupt\n|-immune|p1a: Camerupt\n|\n|upkeep\n|turn|7\n|inactive|SquirtleSquad99 has 90 seconds left.\n|\n|t:|1770829061\n|move|p1b: Scovillain|Burning Jealousy|p2b: Porygon2|[spread] p2a,p2b\n|-supereffective|p2a: Regice\n|-damage|p2a: Regice|0 fnt\n|-damage|p2b: Porygon2|228/274\n|faint|p2a: Regice\n|move|p2b: Porygon2|Tri Attack|p1a: Camerupt\n|-damage|p1a: Camerupt|0 fnt\n|faint|p1a: Camerupt\n|\n|upkeep\n|\n|t:|1770829079\n|switch|p2a: Thundurus|Thundurus-Therian, L78, M|251/251\n|switch|p1a: Yanmega|Yanmega, L84, M|195/282\n|-damage|p2a: Thundurus|189/251|[from] Stealth Rock\n|turn|8\n|inactive|SquirtleSquad99 has 90 seconds left.\n|\n|t:|1770829111\n|move|p2a: Thundurus|Sludge Bomb|p1b: Scovillain\n|-supereffective|p1b: Scovillain\n|-damage|p1b: Scovillain|61/263\n|move|p1a: Yanmega|U-turn|p2b: Porygon2\n|-damage|p2b: Porygon2|182/274\n|\n|t:|1770829125\n|switch|p1a: Jolteon|Jolteon, L85, F|14/249|[from] U-turn\n|move|p1b: Scovillain|Burning Jealousy|p2a: Thundurus|[spread] p2a,p2b\n|-damage|p2a: Thundurus|116/251\n|-damage|p2b: Porygon2|139/274\n|move|p2b: Porygon2|Icy Wind|p1b: Scovillain|[spread] p1b\n|-miss|p2b: Porygon2|p1a: Jolteon\n|-crit|p1b: Scovillain\n|-damage|p1b: Scovillain|8/263\n|-unboost|p1b: Scovillain|spe|1\n|\n|upkeep\n|turn|9\n|inactive|SquirtleSquad99 has 90 seconds left.\n|\n|t:|1770829143\n|move|p1a: Jolteon|Protect|p1a: Jolteon\n|-singleturn|p1a: Jolteon|Protect\n|move|p2a: Thundurus|Sludge Bomb|p1a: Jolteon\n|-activate|p1a: Jolteon|move: Protect\n|move|p2b: Porygon2|Recover|p2b: Porygon2\n|-heal|p2b: Porygon2|274/274\n|move|p1b: Scovillain|Burning Jealousy|p2a: Thundurus|[spread] p2a,p2b\n|-damage|p2a: Thundurus|35/251\n|-damage|p2b: Porygon2|229/274\n|\n|upkeep\n|turn|10\n|c|☆rdrr4aq|that's a weird set\n|inactive|SquirtleSquad99 has 90 seconds left.\n|\n|t:|1770829169\n|switch|p1a: Yanmega|Yanmega, L84, M|195/282\n|move|p2a: Thundurus|Sludge Bomb|p1a: Yanmega\n|-damage|p1a: Yanmega|97/282\n|move|p2b: Porygon2|Thunderbolt|p1b: Scovillain\n|-resisted|p1b: Scovillain\n|-damage|p1b: Scovillain|0 fnt\n|faint|p1b: Scovillain\n|\n|upkeep\n|\n|t:|1770829177\n|switch|p1b: Basculegion|Basculegion, L69, M|250/280\n|turn|11\n|inactive|SquirtleSquad99 has 90 seconds left.\n|\n|t:|1770829220\n|switch|p2a: Cobalion|Cobalion, L79|273/273\n|-damage|p2a: Cobalion|265/273|[from] Stealth Rock\n|move|p1b: Basculegion|Aqua Jet|p2a: Cobalion\n|-damage|p2a: Cobalion|231/273\n|move|p1a: Yanmega|Air Slash|p2b: Porygon2\n|-damage|p2b: Porygon2|141/274\n|cant|p2b: Porygon2|flinch\n|\n|upkeep\n|turn|12\n|inactive|SquirtleSquad99 has 90 seconds left.\n|inactive|SquirtleSquad99 has 60 seconds left.\n|inactive|SquirtleSquad99 has 30 seconds left.\n|\n|t:|1770829286\n|switch|p1b: Greedent|Greedent, L86, M|347/347\n|switch|p1a: Jolteon|Jolteon, L85, F|14/249\n|move|p2a: Cobalion|Body Press|p1b: Greedent\n|-supereffective|p1b: Greedent\n|-damage|p1b: Greedent|161/347\n|-enditem|p1b: Greedent|Sitrus Berry|[eat]\n|-heal|p1b: Greedent|247/347|[from] item: Sitrus Berry\n|-heal|p1b: Greedent|347/347|[from] ability: Cheek Pouch\n|move|p2b: Porygon2|Recover|p2b: Porygon2\n|-heal|p2b: Porygon2|274/274\n|\n|upkeep\n|turn|13\n|inactive|SquirtleSquad99 has 30 seconds left.\n|inactive|SquirtleSquad99 has 20 seconds left.\n|inactive|SquirtleSquad99 has 15 seconds left.\n|\n|t:|1770829330\n|move|p1a: Jolteon|Thunderbolt|p2a: Cobalion\n|-damage|p2a: Cobalion|43/273\n|-enditem|p2a: Cobalion|Sitrus Berry|[eat]\n|-heal|p2a: Cobalion|111/273|[from] item: Sitrus Berry\n|-damage|p1a: Jolteon|0 fnt|[from] item: Life Orb\n|faint|p1a: Jolteon\n|move|p2a: Cobalion|Body Press|p1b: Greedent\n|-supereffective|p1b: Greedent\n|-damage|p1b: Greedent|177/347\n|move|p2b: Porygon2|Icy Wind|p1b: Greedent\n|-damage|p1b: Greedent|134/347\n|-unboost|p1b: Greedent|spe|1\n|move|p1b: Greedent|Knock Off|p2b: Porygon2\n|-crit|p2b: Porygon2\n|-damage|p2b: Porygon2|200/274\n|-enditem|p2b: Porygon2|Eviolite|[from] move: Knock Off|[of] p1b: Greedent\n|\n|upkeep\n|\n|t:|1770829347\n|switch|p1a: Basculegion|Basculegion, L69, M|250/280\n|turn|14\n|inactive|SquirtleSquad99 has 30 seconds left.\n|inactive|SquirtleSquad99 has 20 seconds left.\n|\n|t:|1770829374\n|-terastallize|p1a: Basculegion|Ghost\n|move|p1a: Basculegion|Last Respects|p2a: Cobalion\n|-damage|p2a: Cobalion|0 fnt\n|faint|p2a: Cobalion\n|move|p2b: Porygon2|Icy Wind|p1b: Greedent|[spread] p1a,p1b\n|-damage|p1a: Basculegion|213/280\n|-damage|p1b: Greedent|102/347\n|-unboost|p1a: Basculegion|spe|1\n|-unboost|p1b: Greedent|spe|1\n|move|p1b: Greedent|Double-Edge|p2b: Porygon2\n|-damage|p2b: Porygon2|76/274\n|-damage|p1b: Greedent|61/347|[from] Recoil\n|\n|upkeep\n|inactive|SquirtleSquad99 has 25 seconds left this turn.\n|inactive|SquirtleSquad99 has 20 seconds left.\n|inactive|SquirtleSquad99 has 15 seconds left.\n|\n|t:|1770829388\n|switch|p2a: Squawkabilly|Squawkabilly-Blue, L91, F|297/297\n|-damage|p2a: Squawkabilly|223/297|[from] Stealth Rock\n|-ability|p2a: Squawkabilly|Intimidate|boost\n|-unboost|p1a: Basculegion|atk|1\n|-unboost|p1b: Greedent|atk|1\n|turn|15\n|inactive|SquirtleSquad99 has 30 seconds left.\n|inactive|SquirtleSquad99 has 20 seconds left.\n|\n|t:|1770829409\n|switch|p1a: Yanmega|Yanmega, L84, M|97/282\n|move|p2a: Squawkabilly|Brave Bird|p1b: Greedent\n|-damage|p1b: Greedent|0 fnt\n|faint|p1b: Greedent\n|-damage|p2a: Squawkabilly|203/297|[from] Recoil\n|-damage|p2a: Squawkabilly|174/297|[from] item: Life Orb\n|move|p2b: Porygon2|Recover|p2b: Porygon2\n|-heal|p2b: Porygon2|213/274\n|\n|upkeep\n|\n|t:|1770829420\n|switch|p1b: Basculegion|Basculegion, L69, M, tera:Ghost|213/280\n|turn|16\n|inactive|SquirtleSquad99 has 30 seconds left.\n|\n|t:|1770829440\n|move|p2a: Squawkabilly|Protect|p2a: Squawkabilly\n|-singleturn|p2a: Squawkabilly|Protect\n|move|p1b: Basculegion|Wave Crash|p2a: Squawkabilly\n|-activate|p2a: Squawkabilly|move: Protect\n|move|p1a: Yanmega|Air Slash|p2b: Porygon2\n|-damage|p2b: Porygon2|69/274\n|move|p2b: Porygon2|Thunderbolt|p1a: Yanmega\n|-supereffective|p1a: Yanmega\n|-damage|p1a: Yanmega|0 fnt\n|faint|p1a: Yanmega\n|\n|upkeep\n|turn|17\n|inactive|SquirtleSquad99 has 30 seconds left.\n|\n|t:|1770829475\n|move|p1b: Basculegion|Wave Crash|p2a: Squawkabilly\n|-damage|p2a: Squawkabilly|47/297\n|-damage|p1b: Basculegion|171/280|[from] Recoil\n|move|p2a: Squawkabilly|Brave Bird|p1b: Basculegion\n|-damage|p1b: Basculegion|0 fnt\n|faint|p1b: Basculegion\n|-damage|p2a: Squawkabilly|0 fnt|[from] Recoil\n|faint|p2a: Squawkabilly\n|\n|win|SquirtleSquad99\n|raw|rdrr4aq's rating: 1804 &rarr; <strong>1778</strong><br />(-26 for losing)\n|raw|SquirtleSquad99's rating: 1705 &rarr; <strong>1731</strong><br />(+26 for winning)\n|c|☆SquirtleSquad99|gg\n|c|☆rdrr4aq|gg\n|c|☆rdrr4aq|wp\n", "inputlog": ">version ccdc32dd7cde25fd9e4bed64820e885f66e78a4e\n>start {\"formatid\":\"gen9randomdoublesbattle\",\"seed\":\"sodium,95a4aee75096585be0166c5d5dd3ec04\",\"rated\":\"Rated battle\"}\n>player p1 {\"name\":\"rdrr4aq\",\"avatar\":\"101\",\"rating\":1804,\"seed\":\"sodium,43ac4f9a57f9f4d58dee8925f3bce88f\"}\n>player p2 {\"name\":\"SquirtleSquad99\",\"avatar\":\"266\",\"rating\":1705,\"seed\":\"sodium,0df29ba5a9f28cc43cdc9105e84687e4\"}\n>chat ☆rdrr4aq|glhf\n>chat ☆SquirtleSquad99|u2\n>p1 move bugbuzz +2, move thunderbolt +1\n>p2 switch 6, move mysticalpower +1\n>p1 switch 4, move thunderbolt +2\n>p2 move voltswitch +1, move stealthrock\n>p2 pass, switch 5\n>p1 move stealthrock, move protect\n>p2 switch 3, move triattack +1\n>p1 move heatwave, move thunderbolt +1\n>p2 move icywind, move triattack +1\n>p1 switch 3, move thunderbolt +1\n>p2 move icywind, move triattack +2\n>p1 move flipturn +1, switch 6\n>p2 move thunderbolt +1, move icywind\n>p1 switch 3, pass\n>p1 move heatwave, move burningjealousy\n>p2 move icebeam +2, move triattack +1\n>p1 switch 4, pass\n>p2 switch 3, pass\n>p1 move uturn +2, move burningjealousy\n>p2 move sludgebomb +2, move icywind\n>p1 switch 6, pass\n>p1 move protect, move burningjealousy\n>p2 move sludgebomb +1, move recover\n>chat ☆rdrr4aq|that's a weird set\n>p1 switch 6, move burningjealousy\n>p2 move sludgebomb +1, move thunderbolt +2\n>p1 pass, switch 3\n>p1 move airslash +2, move aquajet +1\n>p2 switch 4, move icywind\n>p1 switch 6, switch 5\n>p2 move bodypress +2, move recover\n>p1 move thunderbolt +1, move knockoff +2\n>p2 move bodypress +2, move icywind\n>p1 switch 5, pass\n>p1 move lastrespects +1 terastallize, move doubleedge +2\n>p2 move thunderwave +1, move icywind\n>p2 switch 6, pass\n>p1 switch 6, move doubleedge +2\n>p2 move bravebird +2, move recover\n>p1 pass, switch 6\n>p1 move airslash +2, move wavecrash +1\n>p2 move protect, move thunderbolt +1\n>p1 pass, move wavecrash +1\n>p2 move bravebird +2, move thunderbolt +2", "uploadtime": 1770829491, "views": 68, "formatid": "gen9randomdoublesbattle", "rating": 1731, "private": 0, "password": null}