{"id": "gen9randomdoublesbattle-2536484108", "format": "[Gen 9] Random Doubles Battle", "players": ["coop2001", "rocci"], "log": "|j|☆coop2001\n|j|☆rocci\n|t:|1770693726\n|gametype|doubles\n|player|p1|coop2001|2|1628\n|player|p2|rocci|beauty-gen4dp|1592\n|gen|9\n|tier|[Gen 9] Random Doubles Battle\n|rated|\n|rule|Species Clause: Limit one of each Pokémon\n|rule|HP Percentage Mod: HP is shown in percentages\n|rule|Illusion Level Mod: Illusion disguises the Pokémon's true level\n|rule|Sleep Clause Mod: Limit one foe put to sleep\n|\n|t:|1770693726\n|teamsize|p1|6\n|teamsize|p2|6\n|start\n|switch|p1a: Baxcalibur|Baxcalibur, L78, M|307/307\n|switch|p1b: Overqwil|Overqwil, L82, F|274/274\n|switch|p2a: Gholdengo|Gholdengo, L78|264/264\n|switch|p2b: Azelf|Azelf, L83|260/260\n|-ability|p1b: Overqwil|Intimidate|boost\n|-unboost|p2a: Gholdengo|atk|1\n|-unboost|p2b: Azelf|atk|1\n|turn|1\n|\n|t:|1770693763\n|switch|p1a: Clefable|Clefable, L87, M|307/307\n|move|p2a: Gholdengo|Make It Rain|p1a: Clefable|[spread] p1a,p1b\n|-supereffective|p1a: Clefable\n|-damage|p1a: Clefable|97/307\n|-damage|p1b: Overqwil|129/274\n|-unboost|p2a: Gholdengo|spa|1\n|-enditem|p1a: Clefable|Sitrus Berry|[eat]\n|-heal|p1a: Clefable|173/307|[from] item: Sitrus Berry\n|move|p2b: Azelf|Thunderbolt|p1b: Overqwil\n|-damage|p1b: Overqwil|2/274\n|-damage|p2b: Azelf|234/260|[from] item: Life Orb\n|move|p1b: Overqwil|Crunch|p2a: Gholdengo\n|-supereffective|p2a: Gholdengo\n|-damage|p2a: Gholdengo|12/264\n|-damage|p1b: Overqwil|0 fnt|[from] item: Life Orb\n|faint|p1b: Overqwil\n|\n|upkeep\n|\n|t:|1770693785\n|switch|p1b: Sandslash|Sandslash, L93, F|290/290\n|turn|2\n|\n|t:|1770693812\n|move|p2b: Azelf|Protect|p2b: Azelf\n|-singleturn|p2b: Azelf|Protect\n|move|p2a: Gholdengo|Make It Rain|p1a: Clefable|[spread] p1a,p1b\n|-supereffective|p1a: Clefable\n|-crit|p1b: Sandslash\n|-damage|p1a: Clefable|0 fnt\n|-damage|p1b: Sandslash|160/290\n|-unboost|p2a: Gholdengo|spa|1\n|faint|p1a: Clefable\n|move|p1b: Sandslash|Knock Off|p2b: Azelf\n|-activate|p2b: Azelf|move: Protect\n|\n|upkeep\n|\n|t:|1770693828\n|switch|p1a: Whiscash|Whiscash, L88, M|337/337\n|turn|3\n|\n|t:|1770693846\n|switch|p2a: Ditto|Ditto, L97|250/250\n|-transform|p2a: Ditto|p1b: Sandslash|[from] ability: Imposter\n|switch|p2b: Glastrier|Glastrier, L80|291/291\n|move|p1b: Sandslash|Knock Off|p2b: Glastrier\n|-damage|p2b: Glastrier|228/291\n|-enditem|p2b: Glastrier|Assault Vest|[from] move: Knock Off|[of] p1b: Sandslash\n|move|p1a: Whiscash|Muddy Water|p2b: Glastrier|[spread] p2a,p2b\n|-supereffective|p2a: Ditto\n|-damage|p2a: Ditto|88/250\n|-damage|p2b: Glastrier|168/291\n|-enditem|p2a: Ditto|Sitrus Berry|[eat]\n|-heal|p2a: Ditto|150/250|[from] item: Sitrus Berry\n|\n|upkeep\n|turn|4\n|\n|t:|1770693877\n|move|p2a: Ditto|Super Fang|p1a: Whiscash\n|-damage|p1a: Whiscash|169/337\n|move|p1b: Sandslash|Rock Slide|p2b: Glastrier|[spread] p2a,p2b\n|-resisted|p2a: Ditto\n|-supereffective|p2b: Glastrier\n|-damage|p2a: Ditto|133/250\n|-damage|p2b: Glastrier|90/291\n|move|p1a: Whiscash|Muddy Water|p2b: Glastrier|[spread] p2a\n|-miss|p1a: Whiscash|p2b: Glastrier\n|-supereffective|p2a: Ditto\n|-damage|p2a: Ditto|0 fnt\n|faint|p2a: Ditto\n|move|p2b: Glastrier|Icicle Crash|p1b: Sandslash\n|-supereffective|p1b: Sandslash\n|-damage|p1b: Sandslash|0 fnt\n|faint|p1b: Sandslash\n|-ability|p2b: Glastrier|Chilling Neigh|boost\n|-boost|p2b: Glastrier|atk|1\n|\n|upkeep\n|\n|t:|1770693892\n|switch|p1b: Eiscue|Eiscue, L89, F|278/278\n|switch|p2a: Hypno|Hypno, L95, F|315/315\n|turn|5\n|\n|t:|1770693943\n|move|p2a: Hypno|Low Sweep|p1b: Eiscue\n|-activate|p1b: Eiscue|ability: Ice Face\n|-damage|p1b: Eiscue|278/278\n|-unboost|p1b: Eiscue|spe|1\n|detailschange|p1b: Eiscue|Eiscue-Noice, L89, F\n|move|p1b: Eiscue|Belly Drum|p1b: Eiscue\n|-damage|p1b: Eiscue|139/278\n|-setboost|p1b: Eiscue|atk|6|[from] move: Belly Drum\n|-enditem|p1b: Eiscue|Sitrus Berry|[eat]\n|-heal|p1b: Eiscue|208/278|[from] item: Sitrus Berry\n|move|p1a: Whiscash|Muddy Water|p2b: Glastrier|[spread] p2a,p2b\n|-crit|p2a: Hypno\n|-damage|p2a: Hypno|237/315\n|-damage|p2b: Glastrier|29/291\n|move|p2b: Glastrier|Icicle Crash|p1a: Whiscash\n|-damage|p1a: Whiscash|0 fnt\n|faint|p1a: Whiscash\n|-ability|p2b: Glastrier|Chilling Neigh|boost\n|-boost|p2b: Glastrier|atk|1\n|\n|upkeep\n|\n|t:|1770693981\n|switch|p1a: Baxcalibur|Baxcalibur, L78, M|307/307\n|turn|6\n|\n|t:|1770694065\n|move|p1b: Eiscue|Liquidation|p2a: Hypno\n|-damage|p2a: Hypno|0 fnt\n|faint|p2a: Hypno\n|move|p1a: Baxcalibur|Icicle Crash|p2b: Glastrier\n|-resisted|p2b: Glastrier\n|-damage|p2b: Glastrier|0 fnt\n|faint|p2b: Glastrier\n|\n|upkeep\n|\n|t:|1770694077\n|switch|p2a: Gholdengo|Gholdengo, L78|12/264\n|switch|p2b: Altaria|Altaria, L91, F|284/284\n|turn|7\n|\n|t:|1770694122\n|move|p2a: Gholdengo|Make It Rain|p1b: Eiscue|[spread] p1a,p1b\n|-supereffective|p1a: Baxcalibur\n|-supereffective|p1b: Eiscue\n|-damage|p1a: Baxcalibur|71/307\n|-damage|p1b: Eiscue|0 fnt\n|-unboost|p2a: Gholdengo|spa|1\n|faint|p1b: Eiscue\n|move|p2b: Altaria|Brave Bird|p1a: Baxcalibur\n|-damage|p1a: Baxcalibur|0 fnt\n|faint|p1a: Baxcalibur\n|-damage|p2b: Altaria|261/284|[from] Recoil\n|\n|win|rocci\n|raw|coop2001's rating: 1628 &rarr; <strong>1606</strong><br />(-22 for losing)\n|raw|rocci's rating: 1592 &rarr; <strong>1614</strong><br />(+22 for winning)\n", "inputlog": ">version ccdc32dd7cde25fd9e4bed64820e885f66e78a4e\n>start {\"formatid\":\"gen9randomdoublesbattle\",\"seed\":\"sodium,f2bab477662bcfb7744b6de9ed03b614\",\"rated\":\"Rated battle\"}\n>player p1 {\"name\":\"coop2001\",\"avatar\":\"2\",\"rating\":1628,\"seed\":\"sodium,5ceb940213395a6a66b69df9b701c4b0\"}\n>player p2 {\"name\":\"rocci\",\"avatar\":\"beauty-gen4dp\",\"rating\":1592,\"seed\":\"sodium,ca00f589df4a1365d4a8e7c48e5368fa\"}\n>p1 switch 5, move crunch +1\n>p2 move makeitrain, move thunderbolt +2\n>p1 pass, switch 3\n>p1 move knockoff +1, move knockoff +2\n>p2 move makeitrain, move protect\n>p1 switch 6, pass\n>p1 move muddywater, move knockoff +2\n>p2 switch 3, switch 5\n>p1 move muddywater, move rockslide\n>p2 move superfang +1, move iciclecrash +2\n>p1 pass, switch 4\n>p2 switch 4, pass\n>p1 move muddywater, move bellydrum\n>p2 move lowsweep +2, move iciclecrash +1\n>p1 switch 5, pass\n>p1 move iciclecrash +2, move liquidation +1\n>p2 move lowsweep +2, move heavyslam +2\n>p2 switch 3, switch 6\n>p1 move iciclecrash +2, move liquidation +1\n>p2 move makeitrain, move bravebird +1", "uploadtime": 1770694126, "views": 69, "formatid": "gen9randomdoublesbattle", "rating": 1606, "private": 0, "password": null}