{"id": "gen9randomdoublesbattle-2534930682", "format": "[Gen 9] Random Doubles Battle", "players": ["candahealthy", "awalps"], "log": "|j|☆candahealthy\n|j|☆awalps\n|t:|1770493827\n|gametype|doubles\n|player|p1|candahealthy|1|1619\n|player|p2|awalps|ghetsis|1553\n|gen|9\n|tier|[Gen 9] Random Doubles Battle\n|rated|\n|rule|Species Clause: Limit one of each Pokémon\n|rule|HP Percentage Mod: HP is shown in percentages\n|rule|Illusion Level Mod: Illusion disguises the Pokémon's true level\n|rule|Sleep Clause Mod: Limit one foe put to sleep\n|\n|t:|1770493827\n|teamsize|p1|6\n|teamsize|p2|6\n|start\n|switch|p1a: Mightyena|Mightyena, L95, M|287/287\n|switch|p1b: Goodra|Goodra-Hisui, L81, F|262/262\n|switch|p2a: Archaludon|Archaludon, L77, F|265/265\n|switch|p2b: Sylveon|Sylveon, L79, F|280/280\n|-ability|p1a: Mightyena|Intimidate|boost\n|-unboost|p2a: Archaludon|atk|1\n|-unboost|p2b: Sylveon|atk|1\n|turn|1\n|\n|t:|1770493848\n|move|p2b: Sylveon|Protect|p2b: Sylveon\n|-singleturn|p2b: Sylveon|Protect\n|move|p1a: Mightyena|Howl|p1a: Mightyena|[spread] p1a,p1b\n|-boost|p1a: Mightyena|atk|1\n|-boost|p1b: Goodra|atk|1\n|move|p2a: Archaludon|Body Press|p1a: Mightyena\n|-supereffective|p1a: Mightyena\n|-damage|p1a: Mightyena|157/287\n|move|p1b: Goodra|Heavy Slam|p2b: Sylveon\n|-activate|p2b: Sylveon|move: Protect\n|\n|upkeep\n|turn|2\n|\n|t:|1770493871\n|move|p1a: Mightyena|Crunch|p2a: Archaludon\n|-damage|p2a: Archaludon|101/265\n|-ability|p2a: Archaludon|Stamina|boost\n|-boost|p2a: Archaludon|def|1\n|-damage|p1a: Mightyena|129/287|[from] item: Life Orb\n|move|p2a: Archaludon|Body Press|p1b: Goodra\n|-supereffective|p1b: Goodra\n|-damage|p1b: Goodra|90/262\n|move|p2b: Sylveon|Substitute|p2b: Sylveon\n|-start|p2b: Sylveon|Substitute\n|-damage|p2b: Sylveon|210/280\n|move|p1b: Goodra|Dragon Tail|p2a: Archaludon\n|-damage|p2a: Archaludon|55/265\n|-ability|p2a: Archaludon|Stamina|boost\n|-boost|p2a: Archaludon|def|1\n|drag|p2a: Iron Leaves|Iron Leaves, L81|278/278\n|-enditem|p2a: Iron Leaves|Booster Energy\n|-activate|p2a: Iron Leaves|ability: Quark Drive|[fromitem]\n|-start|p2a: Iron Leaves|quarkdriveatk\n|\n|-heal|p2b: Sylveon|227/280|[from] item: Leftovers\n|upkeep\n|turn|3\n|\n|t:|1770493899\n|move|p2a: Iron Leaves|Close Combat|p1b: Goodra\n|-supereffective|p1b: Goodra\n|-damage|p1b: Goodra|0 fnt\n|-unboost|p2a: Iron Leaves|def|1\n|-unboost|p2a: Iron Leaves|spd|1\n|faint|p1b: Goodra\n|move|p1a: Mightyena|Crunch|p2a: Iron Leaves\n|-supereffective|p2a: Iron Leaves\n|-damage|p2a: Iron Leaves|0 fnt\n|faint|p2a: Iron Leaves\n|-end|p2a: Iron Leaves|Quark Drive|[silent]\n|-damage|p1a: Mightyena|101/287|[from] item: Life Orb\n|move|p2b: Sylveon|Hyper Voice|p1a: Mightyena\n|-supereffective|p1a: Mightyena\n|-damage|p1a: Mightyena|0 fnt\n|faint|p1a: Mightyena\n|\n|-heal|p2b: Sylveon|244/280|[from] item: Leftovers\n|upkeep\n|\n|t:|1770493922\n|switch|p2a: Torterra|Torterra, L81, F|287/287\n|switch|p1a: Luxray|Luxray, L86, F|278/278\n|switch|p1b: Golurk|Golurk, L86|293/293\n|-ability|p1a: Luxray|Intimidate|boost\n|-unboost|p2a: Torterra|atk|1\n|-immune|p2b: Sylveon\n|-enditem|p2a: Torterra|White Herb\n|-clearnegativeboost|p2a: Torterra|[silent]\n|turn|4\n|inactive|Battle timer is ON: inactive players will automatically lose when time's up. (requested by awalps)\n|\n|t:|1770493955\n|move|p1a: Luxray|Snarl|p2a: Torterra|[spread] p2a\n|-miss|p1a: Luxray|p2b: Sylveon\n|-damage|p2a: Torterra|252/287\n|-unboost|p2a: Torterra|spa|1\n|move|p1b: Golurk|Dynamic Punch|p2a: Torterra\n|-damage|p2a: Torterra|145/287\n|-start|p2a: Torterra|confusion\n|-damage|p1b: Golurk|264/293|[from] item: Life Orb\n|move|p2b: Sylveon|Hyper Voice|p1b: Golurk|[spread] p1a,p1b\n|-damage|p1a: Luxray|215/278\n|-damage|p1b: Golurk|177/293\n|-activate|p2a: Torterra|confusion\n|move|p2a: Torterra|Wood Hammer|p1b: Golurk\n|-supereffective|p1b: Golurk\n|-damage|p1b: Golurk|0 fnt\n|faint|p1b: Golurk\n|-damage|p2a: Torterra|87/287|[from] Recoil\n|\n|-heal|p2b: Sylveon|261/280|[from] item: Leftovers\n|upkeep\n|\n|t:|1770493973\n|switch|p1b: Iron Hands|Iron Hands, L77|364/364\n|turn|5\n|\n|t:|1770494012\n|-terastallize|p1b: Iron Hands|Fire\n|move|p1a: Luxray|Play Rough|p2a: Torterra\n|-damage|p2a: Torterra|15/287\n|move|p2b: Sylveon|Hyper Voice|p1b: Iron Hands|[spread] p1a,p1b\n|-resisted|p1b: Iron Hands\n|-damage|p1a: Luxray|157/278\n|-damage|p1b: Iron Hands|308/364\n|-activate|p2a: Torterra|confusion\n|move|p2a: Torterra|Headlong Rush|p1a: Luxray\n|-supereffective|p1a: Luxray\n|-damage|p1a: Luxray|0 fnt\n|-unboost|p2a: Torterra|def|1\n|-unboost|p2a: Torterra|spd|1\n|faint|p1a: Luxray\n|move|p1b: Iron Hands|Thunder Punch|p2b: Sylveon\n|-end|p2b: Sylveon|Substitute\n|\n|-heal|p2b: Sylveon|278/280|[from] item: Leftovers\n|-heal|p1b: Iron Hands|330/364|[from] item: Leftovers\n|upkeep\n|\n|t:|1770494016\n|switch|p1a: Zarude|Zarude-Dada, L80|299/299\n|turn|6\n|inactive|candahealthy has 120 seconds left.\n|\n|t:|1770494049\n|move|p1a: Zarude|Knock Off|p2a: Torterra\n|-damage|p2a: Torterra|0 fnt\n|faint|p2a: Torterra\n|-damage|p1a: Zarude|270/299|[from] item: Life Orb\n|move|p2b: Sylveon|Substitute|p2b: Sylveon\n|-start|p2b: Sylveon|Substitute\n|-damage|p2b: Sylveon|208/280\n|move|p1b: Iron Hands|Thunder Punch|p2b: Sylveon\n|-end|p2b: Sylveon|Substitute\n|\n|-heal|p2b: Sylveon|225/280|[from] item: Leftovers\n|-heal|p1b: Iron Hands|352/364|[from] item: Leftovers\n|upkeep\n|inactive|awalps has 120 seconds left.\n|\n|t:|1770494076\n|switch|p2a: Uxie|Uxie, L85|266/266\n|turn|7\n|inactive|awalps has 120 seconds left.\n|\n|t:|1770494096\n|-terastallize|p2a: Uxie|Steel\n|move|p1a: Zarude|Knock Off|p2a: Uxie\n|-damage|p2a: Uxie|157/266\n|-enditem|p2a: Uxie|Sitrus Berry|[from] move: Knock Off|[of] p1a: Zarude\n|-damage|p1a: Zarude|241/299|[from] item: Life Orb\n|move|p2a: Uxie|Thunder Wave|p1b: Iron Hands\n|-status|p1b: Iron Hands|par\n|move|p2b: Sylveon|Hyper Voice|p1b: Iron Hands|[spread] p1a,p1b\n|-supereffective|p1a: Zarude\n|-resisted|p1b: Iron Hands\n|-damage|p1a: Zarude|61/299\n|-damage|p1b: Iron Hands|301/364 par\n|move|p1b: Iron Hands|Thunder Punch|p2b: Sylveon\n|-damage|p2b: Sylveon|113/280\n|\n|-heal|p2b: Sylveon|130/280|[from] item: Leftovers\n|-heal|p1b: Iron Hands|323/364 par|[from] item: Leftovers\n|upkeep\n|turn|8\n|inactive|awalps has 120 seconds left.\n|\n|t:|1770494127\n|move|p1a: Zarude|Power Whip|p2b: Sylveon\n|-damage|p2b: Sylveon|0 fnt\n|faint|p2b: Sylveon\n|-damage|p1a: Zarude|32/299|[from] item: Life Orb\n|move|p2a: Uxie|Mystical Power|p1b: Iron Hands\n|-damage|p1b: Iron Hands|235/364 par\n|-boost|p2a: Uxie|spa|1\n|move|p1b: Iron Hands|Drain Punch|p2a: Uxie\n|-supereffective|p2a: Uxie\n|-damage|p2a: Uxie|19/266\n|-heal|p1b: Iron Hands|304/364 par|[from] drain|[of] p2a: Uxie\n|\n|-heal|p1b: Iron Hands|326/364 par|[from] item: Leftovers\n|upkeep\n|\n|t:|1770494141\n|switch|p2b: Archaludon|Archaludon, L77, F|55/265\n|turn|9\n|inactive|awalps has 120 seconds left.\n|\n|t:|1770494154\n|move|p1a: Zarude|Knock Off|p2a: Uxie\n|-damage|p2a: Uxie|0 fnt\n|faint|p2a: Uxie\n|-damage|p1a: Zarude|3/299|[from] item: Life Orb\n|move|p2b: Archaludon|Body Press|p1a: Zarude\n|-supereffective|p1a: Zarude\n|-damage|p1a: Zarude|0 fnt\n|faint|p1a: Zarude\n|move|p1b: Iron Hands|Drain Punch|p2b: Archaludon\n|-supereffective|p2b: Archaludon\n|-damage|p2b: Archaludon|0 fnt\n|-heal|p1b: Iron Hands|354/364 par|[from] drain|[of] p2b: Archaludon\n|faint|p2b: Archaludon\n|\n|-heal|p1b: Iron Hands|364/364 par|[from] item: Leftovers\n|upkeep\n|\n|t:|1770494157\n|switch|p2b: Flamigo|Flamigo, L84, F|275/275\n|turn|10\n|\n|t:|1770494172\n|move|p2b: Flamigo|Brave Bird|p1b: Iron Hands\n|-damage|p1b: Iron Hands|154/364 par\n|-damage|p2b: Flamigo|206/275|[from] Recoil\n|move|p1b: Iron Hands|Thunder Punch|p2b: Flamigo\n|-supereffective|p2b: Flamigo\n|-crit|p2b: Flamigo\n|-damage|p2b: Flamigo|0 fnt\n|faint|p2b: Flamigo\n|\n|win|candahealthy\n|raw|candahealthy's rating: 1619 &rarr; <strong>1635</strong><br />(+16 for winning)\n|raw|awalps's rating: 1553 &rarr; <strong>1537</strong><br />(-16 for losing)\n|l|☆awalps\n|player|p2|\n", "inputlog": ">version ccdc32dd7cde25fd9e4bed64820e885f66e78a4e\n>start {\"formatid\":\"gen9randomdoublesbattle\",\"seed\":\"sodium,39d5c225a106bca66d8f049827b8ca9a\",\"rated\":\"Rated battle\"}\n>player p1 {\"name\":\"candahealthy\",\"avatar\":\"1\",\"rating\":1619,\"seed\":\"sodium,9f914b4c2c678b1982333b704b0c6a01\"}\n>player p2 {\"name\":\"awalps\",\"avatar\":\"ghetsis\",\"rating\":1553,\"seed\":\"sodium,3486f2c5c95c45562c594c61da616df5\"}\n>p1 move howl, move heavyslam +2\n>p2 move bodypress +1, move protect\n>p1 move crunch +1, move dragontail +1\n>p2 move bodypress +2, move substitute\n>p1 move crunch +1, move fireblast +2\n>p2 move closecombat +2, move hypervoice\n>p1 switch 3, switch 5\n>p2 switch 6, pass\n>p1 move snarl, move dynamicpunch +1\n>p2 move woodhammer +2, move hypervoice\n>p1 pass, switch 6\n>p1 move playrough +1, move thunderpunch +2 terastallize\n>p2 move headlongrush +1, move hypervoice\n>p1 switch 4, pass\n>p1 move knockoff +1, move thunderpunch +2\n>p2 move headlongrush +2, move substitute\n>p2 switch 4, pass\n>p1 move knockoff +1, move thunderpunch +2\n>p2 move thunderwave +2 terastallize, move hypervoice\n>p1 move powerwhip +2, move drainpunch +1\n>p2 move mysticalpower +2, move hypervoice\n>p2 pass, switch 3\n>p1 move knockoff +1, move drainpunch +2\n>p2 move knockoff +1, move bodypress +1\n>p2 pass, switch 5\n>p1 pass, move thunderpunch +2\n>p2 pass, move bravebird +2", "uploadtime": 1770494184, "views": 110, "formatid": "gen9randomdoublesbattle", "rating": 1537, "private": 0, "password": null}