{"id": "gen9randomdoublesbattle-2539089746", "format": "[Gen 9] Random Doubles Battle", "players": ["Jumong", "MikuFan69"], "log": "|j|☆Jumong\n|j|☆MikuFan69\n|t:|1771010313\n|gametype|doubles\n|player|p1|Jumong|brock|1536\n|player|p2|MikuFan69|miku-ground|1608\n|gen|9\n|tier|[Gen 9] Random Doubles Battle\n|rated|\n|rule|Species Clause: Limit one of each Pokémon\n|rule|HP Percentage Mod: HP is shown in percentages\n|rule|Illusion Level Mod: Illusion disguises the Pokémon's true level\n|rule|Sleep Clause Mod: Limit one foe put to sleep\n|\n|t:|1771010313\n|teamsize|p1|6\n|teamsize|p2|6\n|start\n|switch|p1a: Chandelure|Chandelure, L81, M|230/230\n|switch|p1b: Gumshoos|Gumshoos, L93, F|315/315\n|switch|p2a: Skuntank|Skuntank, L85, F|314/314\n|switch|p2b: Exeggutor|Exeggutor-Alola, L87, F|307/307\n|turn|1\n|inactive|Battle timer is ON: inactive players will automatically lose when time's up. (requested by MikuFan69)\n|inactive|Jumong has 120 seconds left.\n|\n|t:|1771010360\n|switch|p1a: Wigglytuff|Wigglytuff, L91, F|403/403\n|move|p2b: Exeggutor|Protect|p2b: Exeggutor\n|-singleturn|p2b: Exeggutor|Protect\n|move|p2a: Skuntank|Knock Off|p1a: Wigglytuff\n|-resisted|p1a: Wigglytuff\n|-damage|p1a: Wigglytuff|299/403\n|-enditem|p1a: Wigglytuff|Sitrus Berry|[from] move: Knock Off|[of] p2a: Skuntank\n|-damage|p2a: Skuntank|283/314|[from] item: Life Orb\n|move|p1b: Gumshoos|Double-Edge|p2a: Skuntank\n|-damage|p2a: Skuntank|0 fnt\n|-damage|p1b: Gumshoos|237/315|[from] ability: Aftermath|[of] p2a: Skuntank\n|faint|p2a: Skuntank\n|-damage|p1b: Gumshoos|144/315|[from] Recoil\n|\n|upkeep\n|\n|t:|1771010379\n|switch|p2a: Clodsire|Clodsire, L87, M|368/368\n|turn|2\n|\n|t:|1771010390\n|move|p1b: Gumshoos|Double-Edge|p2a: Clodsire\n|-damage|p2a: Clodsire|0 fnt\n|faint|p2a: Clodsire\n|-damage|p1b: Gumshoos|23/315|[from] Recoil\n|move|p1a: Wigglytuff|Encore|p2b: Exeggutor\n|-start|p2b: Exeggutor|Encore\n|move|p2b: Exeggutor|Protect||[still]\n|-fail|p2b: Exeggutor\n|\n|upkeep\n|\n|t:|1771010398\n|switch|p2a: Spiritomb|Spiritomb, L89, M|234/234\n|turn|3\n|\n|t:|1771010405\n|move|p2b: Exeggutor|Protect|p2b: Exeggutor\n|-singleturn|p2b: Exeggutor|Protect\n|move|p1b: Gumshoos|Double-Edge|p2b: Exeggutor\n|-activate|p2b: Exeggutor|move: Protect\n|move|p1a: Wigglytuff|Dazzling Gleam|p2b: Exeggutor|[spread] p2a\n|-activate|p2b: Exeggutor|move: Protect\n|-supereffective|p2a: Spiritomb\n|-damage|p2a: Spiritomb|130/234\n|move|p2a: Spiritomb|Trick Room|p2a: Spiritomb\n|-fieldstart|move: Trick Room|[of] p2a: Spiritomb\n|\n|upkeep\n|turn|4\n|inactive|Jumong has 120 seconds left.\n|\n|t:|1771010437\n|switch|p1b: Gogoat|Gogoat, L90, F|368/368\n|move|p2b: Exeggutor|Protect||[still]\n|-fail|p2b: Exeggutor\n|move|p2a: Spiritomb|Foul Play|p1b: Gogoat\n|-damage|p1b: Gogoat|236/368\n|move|p1a: Wigglytuff|Dazzling Gleam|p2b: Exeggutor|[spread] p2a,p2b\n|-supereffective|p2a: Spiritomb\n|-supereffective|p2b: Exeggutor\n|-damage|p2a: Spiritomb|16/234\n|-damage|p2b: Exeggutor|169/307\n|-enditem|p2a: Spiritomb|Sitrus Berry|[eat]\n|-heal|p2a: Spiritomb|74/234|[from] item: Sitrus Berry\n|\n|-end|p2b: Exeggutor|Encore\n|upkeep\n|turn|5\n|\n|t:|1771010452\n|move|p2a: Spiritomb|Will-O-Wisp|p1b: Gogoat\n|-status|p1b: Gogoat|brn\n|move|p2b: Exeggutor|Wood Hammer|p1a: Wigglytuff\n|-damage|p1a: Wigglytuff|89/403\n|-damage|p2b: Exeggutor|100/307|[from] Recoil\n|-enditem|p2b: Exeggutor|Sitrus Berry|[eat]\n|-heal|p2b: Exeggutor|176/307|[from] item: Sitrus Berry\n|move|p1a: Wigglytuff|Dazzling Gleam|p2a: Spiritomb|[spread] p2a,p2b\n|-supereffective|p2a: Spiritomb\n|-supereffective|p2b: Exeggutor\n|-damage|p2a: Spiritomb|0 fnt\n|-damage|p2b: Exeggutor|38/307\n|faint|p2a: Spiritomb\n|move|p1b: Gogoat|Horn Leech|p2b: Exeggutor\n|-resisted|p2b: Exeggutor\n|-damage|p2b: Exeggutor|27/307\n|-heal|p1b: Gogoat|242/368 brn|[from] drain|[of] p2b: Exeggutor\n|\n|-damage|p1b: Gogoat|219/368 brn|[from] brn\n|upkeep\n|\n|t:|1771010460\n|switch|p2a: Zangoose|Zangoose, L87, F|269/269\n|turn|6\n|\n|t:|1771010474\n|move|p2a: Zangoose|Protect|p2a: Zangoose\n|-singleturn|p2a: Zangoose|Protect\n|move|p2b: Exeggutor|Flamethrower|p1b: Gogoat\n|-supereffective|p1b: Gogoat\n|-damage|p1b: Gogoat|113/368 brn\n|move|p1a: Wigglytuff|Dazzling Gleam|p2a: Zangoose|[spread] p2b\n|-activate|p2a: Zangoose|move: Protect\n|-supereffective|p2b: Exeggutor\n|-damage|p2b: Exeggutor|0 fnt\n|faint|p2b: Exeggutor\n|move|p1b: Gogoat|Leaf Storm|p2a: Zangoose\n|-activate|p2a: Zangoose|move: Protect\n|\n|-damage|p1b: Gogoat|90/368 brn|[from] brn\n|-status|p2a: Zangoose|tox|[from] item: Toxic Orb\n|upkeep\n|\n|t:|1771010481\n|switch|p2b: Iron Leaves|Iron Leaves, L81|278/278\n|-enditem|p2b: Iron Leaves|Booster Energy\n|-activate|p2b: Iron Leaves|ability: Quark Drive|[fromitem]\n|-start|p2b: Iron Leaves|quarkdriveatk\n|turn|7\n|\n|t:|1771010507\n|move|p1a: Wigglytuff|Encore|p2a: Zangoose\n|-start|p2a: Zangoose|Encore\n|move|p1b: Gogoat|Double-Edge|p2b: Iron Leaves\n|-damage|p2b: Iron Leaves|228/278\n|-damage|p1b: Gogoat|73/368 brn|[from] Recoil\n|move|p2a: Zangoose|Protect|p2a: Zangoose\n|-singleturn|p2a: Zangoose|Protect\n|move|p2b: Iron Leaves|Psyblade|p1b: Gogoat\n|-damage|p1b: Gogoat|0 fnt\n|faint|p1b: Gogoat\n|\n|-damage|p2a: Zangoose|253/269 tox|[from] psn\n|-fieldend|move: Trick Room\n|upkeep\n|inactive|Jumong has 120 seconds left.\n|\n|t:|1771010521\n|switch|p1b: Chandelure|Chandelure, L81, M|230/230\n|turn|8\n|\n|t:|1771010528\n|-terastallize|p2b: Iron Leaves|Psychic\n|move|p2a: Zangoose|Protect||[still]\n|-fail|p2a: Zangoose\n|move|p1b: Chandelure|Heat Wave|p2a: Zangoose|[spread] p2a,p2b\n|-damage|p2a: Zangoose|118/269 tox\n|-damage|p2b: Iron Leaves|137/278\n|move|p2b: Iron Leaves|Psyblade|p1b: Chandelure\n|-damage|p1b: Chandelure|62/230\n|move|p1a: Wigglytuff|Dazzling Gleam|p2b: Iron Leaves|[spread] p2a,p2b\n|-damage|p2a: Zangoose|37/269 tox\n|-damage|p2b: Iron Leaves|79/278\n|\n|-damage|p2a: Zangoose|5/269 tox|[from] psn\n|upkeep\n|turn|9\n|\n|t:|1771010539\n|move|p2a: Zangoose|Protect|p2a: Zangoose\n|-singleturn|p2a: Zangoose|Protect\n|move|p1b: Chandelure|Heat Wave|p2b: Iron Leaves|[spread] p2b\n|-activate|p2a: Zangoose|move: Protect\n|-damage|p2b: Iron Leaves|0 fnt\n|faint|p2b: Iron Leaves\n|-end|p2b: Iron Leaves|Quark Drive|[silent]\n|move|p1a: Wigglytuff|Dazzling Gleam|p2a: Zangoose\n|-activate|p2a: Zangoose|move: Protect\n|\n|-damage|p2a: Zangoose|0 fnt|[from] psn\n|faint|p2a: Zangoose\n|\n|win|Jumong\n|raw|Jumong's rating: 1536 &rarr; <strong>1560</strong><br />(+24 for winning)\n|raw|MikuFan69's rating: 1608 &rarr; <strong>1584</strong><br />(-24 for losing)\n|l|☆MikuFan69\n|player|p2|\n", "inputlog": ">version ccdc32dd7cde25fd9e4bed64820e885f66e78a4e\n>start {\"formatid\":\"gen9randomdoublesbattle\",\"seed\":\"sodium,0918fe51e6e508b430e9fc3062c364e4\",\"rated\":\"Rated battle\"}\n>player p1 {\"name\":\"Jumong\",\"avatar\":\"brock\",\"rating\":1536,\"seed\":\"sodium,06ae96456f8dafdaaa6eeac2d4575893\"}\n>player p2 {\"name\":\"MikuFan69\",\"avatar\":\"miku-ground\",\"rating\":1608,\"seed\":\"sodium,7abca63f98e4df6c3f40be504b93c74e\"}\n>p1 switch 4, move doubleedge +1\n>p2 move knockoff +1, move protect\n>p2 switch 6, pass\n>p1 move encore +2, move doubleedge +1\n>p2 move gunkshot +1, move woodhammer +2\n>p2 switch 5, pass\n>p1 move dazzlinggleam, move doubleedge +2\n>p2 move trickroom, move protect\n>p1 move dazzlinggleam, switch 6\n>p2 move foulplay +2, move protect\n>p1 move dazzlinggleam, move hornleech +1\n>p2 move willowisp +2, move woodhammer +1\n>p2 switch 3, pass\n>p1 move dazzlinggleam, move leafstorm +1\n>p2 move protect, move flamethrower +2\n>p2 pass, switch 4\n>p1 move encore +1, move doubleedge +2\n>p2 move facade +1, move psyblade +2\n>p1 pass, switch 4\n>p1 move dazzlinggleam, move heatwave\n>p2 move protect, move psyblade +2 terastallize\n>p1 move dazzlinggleam, move heatwave\n>p2 move protect, move psyblade +2", "uploadtime": 1771010554, "views": 83, "formatid": "gen9randomdoublesbattle", "rating": 1560, "private": 0, "password": null}