{"id": "gen9randomdoublesbattle-2538856939", "format": "[Gen 9] Random Doubles Battle", "players": ["Dziur", "ikoikoiko"], "log": "|j|☆Dziur\n|j|☆ikoikoiko\n|t:|1770985755\n|gametype|doubles\n|player|p1|Dziur|101|1665\n|player|p2|ikoikoiko|1|1609\n|gen|9\n|tier|[Gen 9] Random Doubles Battle\n|rated|\n|rule|Species Clause: Limit one of each Pokémon\n|rule|HP Percentage Mod: HP is shown in percentages\n|rule|Illusion Level Mod: Illusion disguises the Pokémon's true level\n|rule|Sleep Clause Mod: Limit one foe put to sleep\n|\n|t:|1770985755\n|teamsize|p1|6\n|teamsize|p2|6\n|start\n|switch|p1a: Uxie|Uxie, L85|266/266\n|switch|p1b: Maushold|Maushold, L79|247/247\n|switch|p2a: Rhyperior|Rhyperior, L82, F|323/323\n|switch|p2b: Glaceon|Glaceon, L86, F|252/252\n|turn|1\n|\n|t:|1770985802\n|move|p1b: Maushold|Tidy Up|p1b: Maushold\n|-boost|p1b: Maushold|atk|1\n|-boost|p1b: Maushold|spe|1\n|move|p1a: Uxie|Stealth Rock|p2b: Glaceon\n|-sidestart|p2: ikoikoiko|move: Stealth Rock\n|move|p2b: Glaceon|Blizzard|p1a: Uxie|[spread] p1a\n|-miss|p2b: Glaceon|p1b: Maushold\n|-enditem|p2b: Glaceon|Blunder Policy\n|-boost|p2b: Glaceon|spe|2\n|-damage|p1a: Uxie|178/266\n|move|p2a: Rhyperior|Rock Polish|p2a: Rhyperior\n|-boost|p2a: Rhyperior|spe|2\n|\n|upkeep\n|turn|2\n|\n|t:|1770985825\n|move|p1b: Maushold|Encore|p2a: Rhyperior\n|-start|p2a: Rhyperior|Encore\n|move|p2b: Glaceon|Mud Shot|p1b: Maushold\n|-damage|p1b: Maushold|185/247\n|-unboost|p1b: Maushold|spe|1\n|move|p2a: Rhyperior|Rock Polish|p2a: Rhyperior\n|-boost|p2a: Rhyperior|spe|2\n|move|p1a: Uxie|Mystical Power|p2b: Glaceon\n|-damage|p2b: Glaceon|197/252\n|-boost|p1a: Uxie|spa|1\n|\n|upkeep\n|turn|3\n|inactive|Battle timer is ON: inactive players will automatically lose when time's up. (requested by Dziur)\n|\n|t:|1770985874\n|move|p2a: Rhyperior|Rock Polish|p2a: Rhyperior\n|-boost|p2a: Rhyperior|spe|2\n|move|p2b: Glaceon|Calm Mind|p2b: Glaceon\n|-boost|p2b: Glaceon|spa|1\n|-boost|p2b: Glaceon|spd|1\n|move|p1b: Maushold|Population Bomb|p2b: Glaceon\n|-damage|p2b: Glaceon|166/252\n|-damage|p2b: Glaceon|138/252\n|-damage|p2b: Glaceon|105/252\n|-damage|p2b: Glaceon|78/252\n|-damage|p2b: Glaceon|51/252\n|-hitcount|p2b: Glaceon|5\n|move|p1a: Uxie|Mystical Power|p2a: Rhyperior\n|-damage|p2a: Rhyperior|193/323\n|-boost|p1a: Uxie|spa|1\n|\n|upkeep\n|turn|4\n|\n|t:|1770985894\n|move|p2a: Rhyperior|Rock Polish|p2a: Rhyperior\n|-boost|p2a: Rhyperior|spe|0\n|move|p2b: Glaceon|Blizzard|p1a: Uxie|[spread] p1a,p1b\n|-damage|p1a: Uxie|55/266\n|-damage|p1b: Maushold|0 fnt\n|-enditem|p1a: Uxie|Sitrus Berry|[eat]\n|-heal|p1a: Uxie|121/266|[from] item: Sitrus Berry\n|faint|p1b: Maushold\n|move|p1a: Uxie|Mystical Power|p2a: Rhyperior\n|-damage|p2a: Rhyperior|13/323\n|-boost|p1a: Uxie|spa|1\n|\n|-end|p2a: Rhyperior|Encore\n|upkeep\n|inactive|Dziur has 120 seconds left.\n|\n|t:|1770985919\n|switch|p1b: Dedenne|Dedenne, L85, F|253/253\n|turn|5\n|\n|t:|1770985928\n|move|p2a: Rhyperior|Protect|p2a: Rhyperior\n|-singleturn|p2a: Rhyperior|Protect\n|move|p2b: Glaceon|Blizzard|p1a: Uxie|[spread] p1a,p1b\n|-damage|p1a: Uxie|0 fnt\n|-damage|p1b: Dedenne|45/253\n|-enditem|p1b: Dedenne|Sitrus Berry|[eat]\n|-heal|p1b: Dedenne|108/253|[from] item: Sitrus Berry\n|-heal|p1b: Dedenne|192/253|[from] ability: Cheek Pouch\n|faint|p1a: Uxie\n|move|p1b: Dedenne|Thunderbolt|p2b: Glaceon\n|-damage|p2b: Glaceon|0 fnt\n|faint|p2b: Glaceon\n|\n|upkeep\n|\n|t:|1770985943\n|switch|p1a: Clodsire|Clodsire, L87, F|368/368\n|switch|p2b: Breloom|Breloom, L84, F|238/238\n|-damage|p2b: Breloom|224/238|[from] Stealth Rock\n|turn|6\n|\n|t:|1770985957\n|move|p2a: Rhyperior|High Horsepower|p1b: Dedenne\n|-supereffective|p1b: Dedenne\n|-damage|p1b: Dedenne|0 fnt\n|faint|p1b: Dedenne\n|move|p2b: Breloom|Spore|p1a: Clodsire\n|-status|p1a: Clodsire|slp|[from] move: Spore\n|cant|p1a: Clodsire|slp\n|\n|upkeep\n|\n|t:|1770985966\n|switch|p1b: Altaria|Altaria, L91, M|284/284\n|turn|7\n|inactive|ikoikoiko has 120 seconds left.\n|inactive|ikoikoiko has 90 seconds left.\n|\n|t:|1770986038\n|-terastallize|p1b: Altaria|Steel\n|move|p2a: Rhyperior|Rock Slide|p1a: Clodsire|[spread] p1a,p1b\n|-resisted|p1a: Clodsire\n|-resisted|p1b: Altaria\n|-damage|p1a: Clodsire|320/368 slp\n|-damage|p1b: Altaria|251/284\n|cant|p1b: Altaria|flinch\n|move|p2b: Breloom|Bullet Seed|p1a: Clodsire\n|-damage|p1a: Clodsire|242/368 slp\n|-crit|p1a: Clodsire\n|-damage|p1a: Clodsire|117/368 slp\n|-damage|p1a: Clodsire|34/368 slp\n|-hitcount|p1a: Clodsire|3\n|-damage|p2b: Breloom|201/238|[from] item: Life Orb\n|-curestatus|p1a: Clodsire|slp|[msg]\n|move|p1a: Clodsire|Gunk Shot|p2b: Breloom\n|-supereffective|p2b: Breloom\n|-damage|p2b: Breloom|0 fnt\n|faint|p2b: Breloom\n|\n|-heal|p1a: Clodsire|57/368|[from] item: Leftovers\n|upkeep\n|-message|Dziur forfeited.\n|\n|win|ikoikoiko\n|raw|Dziur's rating: 1665 &rarr; <strong>1641</strong><br />(-24 for losing)\n|raw|ikoikoiko's rating: 1596 &rarr; <strong>1620</strong><br />(+24 for winning)\n", "inputlog": ">version ccdc32dd7cde25fd9e4bed64820e885f66e78a4e\n>start {\"formatid\":\"gen9randomdoublesbattle\",\"seed\":\"sodium,cb2b577a4065bced6c959ef6e64f92ac\",\"rated\":\"Rated battle\"}\n>player p1 {\"name\":\"Dziur\",\"avatar\":\"101\",\"rating\":1665,\"seed\":\"sodium,653263767a80d3090a624eb1e2910251\"}\n>player p2 {\"name\":\"ikoikoiko\",\"avatar\":\"1\",\"rating\":1609,\"seed\":\"sodium,5740b6c2055d4b765d6e3ddd0244fa42\"}\n>p1 move stealthrock, move tidyup\n>p2 move rockpolish, move blizzard\n>p1 move mysticalpower +2, move encore +1\n>p2 move rockslide, move mudshot +2\n>p1 move mysticalpower +1, move populationbomb +2\n>p2 move rockpolish, move calmmind\n>p1 move mysticalpower +1, move populationbomb +2\n>p2 move rockpolish, move blizzard\n>p1 pass, switch 6\n>p1 move mysticalpower +1, move thunderbolt +2\n>p2 move protect, move blizzard\n>p1 switch 3, pass\n>p2 pass, switch 3\n>p1 move gunkshot +2, move dazzlinggleam\n>p2 move highhorsepower +2, move spore +1\n>p1 pass, switch 5\n>p1 move gunkshot +2, move tailwind terastallize\n>p2 move rockslide, move bulletseed +1\n>forcelose p1", "uploadtime": 1770986047, "views": 69, "formatid": "gen9randomdoublesbattle", "rating": 1620, "private": 0, "password": null}