{"id": "gen9randomdoublesbattle-2539071464", "format": "[Gen 9] Random Doubles Battle", "players": ["guiamaral10", "herodragunov"], "log": "|j|☆guiamaral10\n|j|☆herodragunov\n|t:|1771008486\n|gametype|doubles\n|player|p1|guiamaral10|red|1608\n|player|p2|herodragunov|alec-anime|1668\n|gen|9\n|tier|[Gen 9] Random Doubles Battle\n|rated|\n|rule|Species Clause: Limit one of each Pokémon\n|rule|HP Percentage Mod: HP is shown in percentages\n|rule|Illusion Level Mod: Illusion disguises the Pokémon's true level\n|rule|Sleep Clause Mod: Limit one foe put to sleep\n|\n|t:|1771008486\n|teamsize|p1|6\n|teamsize|p2|6\n|start\n|switch|p1a: Iron Jugulis|Iron Jugulis, L79|278/278\n|switch|p1b: Ting-Lu|Ting-Lu, L82|388/388\n|switch|p2a: Lucario|Lucario, L86, F|261/261\n|switch|p2b: Dedenne|Dedenne, L85, F|253/253\n|-ability|p1b: Ting-Lu|Vessel of Ruin\n|turn|1\n|inactive|Battle timer is ON: inactive players will automatically lose when time's up. (requested by herodragunov)\n|\n|t:|1771008518\n|-end|p1a: Iron Jugulis|Quark Drive|[silent]\n|switch|p1a: Mesprit|Mesprit, L86|278/278\n|move|p2b: Dedenne|Dazzling Gleam|p1a: Mesprit|[spread] p1a,p1b\n|-supereffective|p1b: Ting-Lu\n|-damage|p1a: Mesprit|238/278\n|-damage|p1b: Ting-Lu|298/388\n|move|p2a: Lucario|Close Combat|p1b: Ting-Lu\n|-supereffective|p1b: Ting-Lu\n|-damage|p1b: Ting-Lu|0 fnt\n|-unboost|p2a: Lucario|def|1\n|-unboost|p2a: Lucario|spd|1\n|faint|p1b: Ting-Lu\n|\n|upkeep\n|\n|t:|1771008533\n|switch|p1b: Cobalion|Cobalion, L79|273/273\n|turn|2\n|\n|t:|1771008554\n|switch|p2a: Floatzel|Floatzel, L86, F|286/286\n|move|p2b: Dedenne|Nuzzle|p1a: Mesprit\n|-damage|p1a: Mesprit|223/278\n|-status|p1a: Mesprit|par\n|move|p1b: Cobalion|Iron Defense|p1b: Cobalion\n|-boost|p1b: Cobalion|def|2\n|move|p1a: Mesprit|Psychic|p2a: Floatzel\n|-damage|p2a: Floatzel|61/286\n|\n|upkeep\n|turn|3\n|\n|t:|1771008574\n|move|p1b: Cobalion|Protect|p1b: Cobalion\n|-singleturn|p1b: Cobalion|Protect\n|move|p2a: Floatzel|Wave Crash|p1a: Mesprit\n|-damage|p1a: Mesprit|55/278 par\n|-damage|p2a: Floatzel|6/286|[from] Recoil\n|move|p2b: Dedenne|Nuzzle|p1b: Cobalion\n|-activate|p1b: Cobalion|move: Protect\n|cant|p1a: Mesprit|par\n|\n|upkeep\n|turn|4\n|\n|t:|1771008593\n|move|p2a: Floatzel|Wave Crash|p1a: Mesprit\n|-damage|p1a: Mesprit|0 fnt\n|faint|p1a: Mesprit\n|-damage|p2a: Floatzel|0 fnt|[from] Recoil\n|faint|p2a: Floatzel\n|move|p2b: Dedenne|Nuzzle|p1b: Cobalion\n|-damage|p1b: Cobalion|266/273\n|-status|p1b: Cobalion|par\n|move|p1b: Cobalion|Heavy Slam|p2b: Dedenne\n|-damage|p2b: Dedenne|99/253\n|-enditem|p2b: Dedenne|Sitrus Berry|[eat]\n|-heal|p2b: Dedenne|162/253|[from] item: Sitrus Berry\n|-heal|p2b: Dedenne|246/253|[from] ability: Cheek Pouch\n|\n|-heal|p1b: Cobalion|273/273 par|[from] item: Leftovers\n|upkeep\n|inactive|guiamaral10 has 120 seconds left.\n|\n|t:|1771008618\n|switch|p2a: Pyroar|Pyroar, L83, F|278/278\n|switch|p1a: Articuno|Articuno-Galar, L82|282/282\n|-ability|p2a: Pyroar|Unnerve\n|turn|5\n|\n|t:|1771008635\n|move|p2a: Pyroar|Fire Blast|p1b: Cobalion\n|-supereffective|p1b: Cobalion\n|-damage|p1b: Cobalion|0 fnt\n|faint|p1b: Cobalion\n|-damage|p2a: Pyroar|251/278|[from] item: Life Orb\n|move|p2b: Dedenne|Nuzzle|p1a: Articuno\n|-supereffective|p1a: Articuno\n|-damage|p1a: Articuno|246/282\n|-status|p1a: Articuno|par\n|move|p1a: Articuno|Tailwind|p1a: Articuno\n|-sidestart|p1: guiamaral10|move: Tailwind\n|\n|upkeep\n|\n|t:|1771008646\n|switch|p1b: Typhlosion|Typhlosion-Hisui, L77, F|239/239\n|turn|6\n|\n|t:|1771008660\n|-terastallize|p1b: Typhlosion|Fire\n|move|p1b: Typhlosion|Eruption|p2a: Pyroar|[spread] p2a,p2b\n|-resisted|p2a: Pyroar\n|-damage|p2a: Pyroar|117/278\n|-damage|p2b: Dedenne|0 fnt\n|faint|p2b: Dedenne\n|move|p2a: Pyroar|Fire Blast|p1a: Articuno\n|-damage|p1a: Articuno|86/282 par\n|-damage|p2a: Pyroar|90/278|[from] item: Life Orb\n|move|p1a: Articuno|Freezing Glare|p2a: Pyroar\n|-damage|p2a: Pyroar|0 fnt\n|faint|p2a: Pyroar\n|-damage|p1a: Articuno|58/282 par|[from] item: Life Orb\n|\n|upkeep\n|\n|t:|1771008679\n|switch|p2a: Lucario|Lucario, L86, F|261/261\n|switch|p2b: Alcremie|Alcremie-Caramel-Swirl, L90, F|263/263\n|turn|7\n|\n|t:|1771008696\n|-terastallize|p2a: Lucario|Normal\n|move|p2a: Lucario|Extreme Speed|p1b: Typhlosion\n|-damage|p1b: Typhlosion|74/239\n|move|p1b: Typhlosion|Eruption|p2a: Lucario|[spread] p2a,p2b\n|-damage|p2a: Lucario|145/261\n|-damage|p2b: Alcremie|183/263\n|cant|p1a: Articuno|par\n|move|p2b: Alcremie|Decorate|p2a: Lucario\n|-boost|p2a: Lucario|atk|2\n|-boost|p2a: Lucario|spa|2\n|\n|upkeep\n|turn|8\n|\n|t:|1771008716\n|switch|p1b: Iron Jugulis|Iron Jugulis, L79|278/278\n|move|p2a: Lucario|Extreme Speed|p1b: Iron Jugulis\n|-damage|p1b: Iron Jugulis|0 fnt\n|faint|p1b: Iron Jugulis\n|-end|p1b: Iron Jugulis|Quark Drive|[silent]\n|move|p1a: Articuno|Freezing Glare|p2a: Lucario\n|-damage|p2a: Lucario|0 fnt\n|faint|p2a: Lucario\n|-damage|p1a: Articuno|30/282 par|[from] item: Life Orb\n|move|p2b: Alcremie|Alluring Voice|p1a: Articuno\n|-damage|p1a: Articuno|0 fnt\n|faint|p1a: Articuno\n|\n|-sideend|p1: guiamaral10|move: Tailwind\n|upkeep\n|c|☆herodragunov|Gg fam\n|c|☆guiamaral10|gg\n|\n|t:|1771008732\n|switch|p2a: Shaymin|Shaymin-Sky, L77|281/281\n|switch|p1a: Typhlosion|Typhlosion-Hisui, L77, F, tera:Fire|74/239\n|turn|9\n|\n|t:|1771008743\n|move|p2a: Shaymin|Air Slash|p1a: Typhlosion\n|-damage|p1a: Typhlosion|0 fnt\n|faint|p1a: Typhlosion\n|-damage|p2a: Shaymin|253/281|[from] item: Life Orb\n|\n|win|herodragunov\n|raw|guiamaral10's rating: 1608 &rarr; <strong>1591</strong><br />(-17 for losing)\n|raw|herodragunov's rating: 1668 &rarr; <strong>1685</strong><br />(+17 for winning)\n|l|☆guiamaral10\n|player|p1|\n", "inputlog": ">version ccdc32dd7cde25fd9e4bed64820e885f66e78a4e\n>start {\"formatid\":\"gen9randomdoublesbattle\",\"seed\":\"sodium,be63bdb1cbf006231d77febeb7711f9e\",\"rated\":\"Rated battle\"}\n>player p1 {\"name\":\"guiamaral10\",\"avatar\":\"red\",\"rating\":1608,\"seed\":\"sodium,8d396595d3ca85b5c98ed506b3869140\"}\n>player p2 {\"name\":\"herodragunov\",\"avatar\":\"alec-anime\",\"rating\":1668,\"seed\":\"sodium,99339abeea0006690aae7ce38b61ca8a\"}\n>p1 switch 3, move stealthrock\n>p2 move closecombat +2, move dazzlinggleam\n>p1 pass, switch 6\n>p1 move psychic +1, move irondefense\n>p2 switch 3, move nuzzle +1\n>p1 move psychic +1, move protect\n>p2 move wavecrash +1, move nuzzle +2\n>p1 move psychic +1, move heavyslam +2\n>p2 move wavecrash +1, move nuzzle +2\n>p1 switch 5, pass\n>p2 switch 5, pass\n>p1 move tailwind, move heavyslam +2\n>p2 move fireblast +2, move nuzzle +1\n>p1 pass, switch 4\n>p1 move freezingglare +1, move eruption terastallize\n>p2 move fireblast +1, move nuzzle +2\n>p2 switch 3, switch 4\n>p1 move freezingglare +2, move eruption\n>p2 move extremespeed +2 terastallize, move decorate -1\n>p1 move freezingglare +1, switch 3\n>p2 move extremespeed +2, move alluringvoice +1\n>chat ☆herodragunov|Gg fam\n>chat ☆guiamaral10|gg\n>p1 switch 3, pass\n>p2 switch 6, pass\n>p1 move heatwave, pass\n>p2 move airslash +1, move alluringvoice +1", "uploadtime": 1771008749, "views": 82, "formatid": "gen9randomdoublesbattle", "rating": 1591, "private": 0, "password": null}