{"id": "gen9randomdoublesbattle-2537372304", "format": "[Gen 9] Random Doubles Battle", "players": ["algen", "nomadel147"], "log": "|j|☆algen\n|j|☆nomadel147\n|t:|1770805910\n|gametype|doubles\n|player|p1|algen|2|1857\n|player|p2|nomadel147|1|1832\n|gen|9\n|tier|[Gen 9] Random Doubles Battle\n|rated|\n|rule|Species Clause: Limit one of each Pokémon\n|rule|HP Percentage Mod: HP is shown in percentages\n|rule|Illusion Level Mod: Illusion disguises the Pokémon's true level\n|rule|Sleep Clause Mod: Limit one foe put to sleep\n|\n|t:|1770805910\n|teamsize|p1|6\n|teamsize|p2|6\n|start\n|switch|p1a: Manaphy|Manaphy, L78|284/284\n|switch|p1b: Inteleon|Inteleon, L78, M|237/237\n|switch|p2a: Hawlucha|Hawlucha, L84, M|268/268\n|switch|p2b: Shiftry|Shiftry, L84, M|288/288\n|turn|1\n|inactive|Battle timer is ON: inactive players will automatically lose when time's up. (requested by algen)\n|inactive|nomadel147 has 120 seconds left.\n|\n|t:|1770805952\n|move|p2b: Shiftry|Fake Out|p1b: Inteleon\n|-damage|p1b: Inteleon|199/237\n|move|p2a: Hawlucha|Close Combat|p1b: Inteleon\n|-damage|p1b: Inteleon|28/237\n|-unboost|p2a: Hawlucha|def|1\n|-unboost|p2a: Hawlucha|spd|1\n|-enditem|p2a: Hawlucha|White Herb\n|-clearnegativeboost|p2a: Hawlucha|[silent]\n|cant|p1b: Inteleon|flinch\n|move|p1a: Manaphy|Tail Glow|p1a: Manaphy\n|-boost|p1a: Manaphy|spa|3\n|\n|upkeep\n|turn|2\n|\n|t:|1770805978\n|move|p1a: Manaphy|Protect|p1a: Manaphy\n|-singleturn|p1a: Manaphy|Protect\n|move|p2a: Hawlucha|Brave Bird|p1b: Inteleon\n|-damage|p1b: Inteleon|0 fnt\n|faint|p1b: Inteleon\n|-damage|p2a: Hawlucha|259/268|[from] Recoil\n|move|p2b: Shiftry|Tailwind|p2b: Shiftry\n|-sidestart|p2: nomadel147|move: Tailwind\n|-ability|p2b: Shiftry|Wind Rider|boost\n|-boost|p2b: Shiftry|atk|1\n|\n|upkeep\n|\n|t:|1770805985\n|switch|p1b: Scrafty|Scrafty, L83, M|244/244\n|-ability|p1b: Scrafty|Intimidate|boost\n|-unboost|p2a: Hawlucha|atk|1\n|-unboost|p2b: Shiftry|atk|1\n|turn|3\n|\n|t:|1770806011\n|switch|p2a: Swalot|Swalot, L90, F|326/326\n|-terastallize|p2b: Shiftry|Ghost\n|move|p1b: Scrafty|Fake Out|p2b: Shiftry\n|-immune|p2b: Shiftry\n|move|p2b: Shiftry|Knock Off|p1a: Manaphy\n|-damage|p1a: Manaphy|181/284\n|-enditem|p1a: Manaphy|Sitrus Berry|[from] move: Knock Off|[of] p2b: Shiftry\n|move|p1a: Manaphy|Hydro Pump|p2a: Swalot\n|-damage|p2a: Swalot|61/326\n|-enditem|p2a: Swalot|Wiki Berry|[eat]\n|-heal|p2a: Swalot|169/326|[from] item: Wiki Berry\n|\n|upkeep\n|turn|4\n|\n|t:|1770806030\n|move|p1a: Manaphy|Protect|p1a: Manaphy\n|-singleturn|p1a: Manaphy|Protect\n|move|p2b: Shiftry|Leaf Blade|p1a: Manaphy\n|-activate|p1a: Manaphy|move: Protect\n|move|p2a: Swalot|Toxic Spikes|p1a: Manaphy\n|-sidestart|p1: algen|move: Toxic Spikes\n|move|p1b: Scrafty|Knock Off|p2b: Shiftry\n|-supereffective|p2b: Shiftry\n|-damage|p2b: Shiftry|48/288\n|-enditem|p2b: Shiftry|Focus Sash|[from] move: Knock Off|[of] p1b: Scrafty\n|\n|upkeep\n|turn|5\n|\n|t:|1770806051\n|move|p2b: Shiftry|Leaf Blade|p1a: Manaphy\n|-supereffective|p1a: Manaphy\n|-damage|p1a: Manaphy|0 fnt\n|faint|p1a: Manaphy\n|move|p2a: Swalot|Toxic Spikes|p1b: Scrafty\n|-sidestart|p1: algen|move: Toxic Spikes\n|move|p1b: Scrafty|Knock Off|p2b: Shiftry\n|-supereffective|p2b: Shiftry\n|-damage|p2b: Shiftry|0 fnt\n|faint|p2b: Shiftry\n|\n|-sideend|p2: nomadel147|move: Tailwind\n|upkeep\n|inactive|nomadel147 has 120 seconds left.\n|\n|t:|1770806071\n|switch|p1a: Yanmega|Yanmega, L84, M|282/282\n|switch|p2b: Magearna|Magearna, L71|231/231\n|turn|6\n|\n|t:|1770806094\n|-terastallize|p1b: Scrafty|Poison\n|move|p1a: Yanmega|Air Slash|p2a: Swalot\n|-damage|p2a: Swalot|25/326\n|move|p2a: Swalot|Gunk Shot|p1a: Yanmega\n|-damage|p1a: Yanmega|161/282\n|move|p1b: Scrafty|Knock Off|p2b: Magearna\n|-resisted|p2b: Magearna\n|-damage|p2b: Magearna|189/231\n|-enditem|p2b: Magearna|Assault Vest|[from] move: Knock Off|[of] p1b: Scrafty\n|move|p2b: Magearna|Dazzling Gleam|p1b: Scrafty|[spread] p1a,p1b\n|-resisted|p1b: Scrafty\n|-damage|p1a: Yanmega|85/282\n|-damage|p1b: Scrafty|227/244\n|\n|upkeep\n|turn|7\n|\n|t:|1770806122\n|move|p1a: Yanmega|Air Slash|p2b: Magearna|[miss]\n|-miss|p1a: Yanmega|p2b: Magearna\n|move|p2a: Swalot|Gunk Shot|p1a: Yanmega|[miss]\n|-miss|p2a: Swalot|p1a: Yanmega\n|move|p1b: Scrafty|Knock Off|p2a: Swalot\n|-damage|p2a: Swalot|0 fnt\n|faint|p2a: Swalot\n|-ability|p2b: Magearna|Soul-Heart|boost\n|-boost|p2b: Magearna|spa|1\n|move|p2b: Magearna|Dazzling Gleam|p1b: Scrafty|[spread] p1a,p1b\n|-resisted|p1b: Scrafty\n|-damage|p1a: Yanmega|0 fnt\n|-damage|p1b: Scrafty|205/244\n|faint|p1a: Yanmega\n|-ability|p2b: Magearna|Soul-Heart|boost\n|-boost|p2b: Magearna|spa|1\n|\n|upkeep\n|inactive|nomadel147 has 120 seconds left.\n|\n|t:|1770806145\n|switch|p1a: Donphan|Donphan, L87, F|298/298\n|switch|p2a: Kyogre|Kyogre, L65|238/238\n|-weather|RainDance|[from] ability: Drizzle|[of] p2a: Kyogre\n|-status|p1a: Donphan|tox\n|turn|8\n|-message|algen forfeited.\n|\n|win|nomadel147\n|raw|algen's rating: 1857 &rarr; <strong>1836</strong><br />(-21 for losing)\n|raw|nomadel147's rating: 1832 &rarr; <strong>1853</strong><br />(+21 for winning)\n|l|☆algen\n|player|p1|\n", "inputlog": ">version ccdc32dd7cde25fd9e4bed64820e885f66e78a4e\n>start {\"formatid\":\"gen9randomdoublesbattle\",\"seed\":\"sodium,1048b6debece15f72738b4070b5c5c72\",\"rated\":\"Rated battle\"}\n>player p1 {\"name\":\"algen\",\"avatar\":\"2\",\"rating\":1857,\"seed\":\"sodium,2c991afe20196b9543fd87869c39225e\"}\n>player p2 {\"name\":\"nomadel147\",\"avatar\":\"1\",\"rating\":1832,\"seed\":\"sodium,c14497b9cd32254513080e8be465efe6\"}\n>p1 move tailglow, move hydropump +1\n>p2 move closecombat +2, move fakeout +2\n>p1 move protect, move icebeam +2\n>p2 move bravebird +2, move tailwind\n>p1 pass, switch 6\n>p1 move hydropump +1, move fakeout +2\n>p2 switch 4, move knockoff +1 terastallize\n>p1 move protect, move knockoff +2\n>p2 move toxicspikes, move leafblade +1\n>p1 move hydropump +1, move knockoff +2\n>p2 move toxicspikes, move leafblade +1\n>p1 switch 5, pass\n>p2 pass, switch 5\n>p1 move airslash +1, move knockoff +2 terastallize\n>p2 move gunkshot +1, move dazzlinggleam\n>p1 move airslash +2, move knockoff +1\n>p2 move gunkshot +1, move dazzlinggleam\n>p1 switch 3, pass\n>p2 switch 6, pass\n>forcelose p1", "uploadtime": 1770806286, "views": 66, "formatid": "gen9randomdoublesbattle", "rating": 1836, "private": 0, "password": null}