{"id": "gen9randomdoublesbattle-2537742782", "format": "[Gen 9] Random Doubles Battle", "players": ["business_b", "cefb2000"], "log": "|j|☆business_b\n|j|☆cefb2000\n|t:|1770843679\n|gametype|doubles\n|player|p1|business_b|102|1757\n|player|p2|cefb2000|101|1841\n|gen|9\n|tier|[Gen 9] Random Doubles Battle\n|rated|\n|rule|Species Clause: Limit one of each Pokémon\n|rule|HP Percentage Mod: HP is shown in percentages\n|rule|Illusion Level Mod: Illusion disguises the Pokémon's true level\n|rule|Sleep Clause Mod: Limit one foe put to sleep\n|\n|t:|1770843679\n|teamsize|p1|6\n|teamsize|p2|6\n|start\n|switch|p1a: Spectrier|Spectrier, L77|281/281\n|switch|p1b: Barraskewda|Barraskewda, L85, F|242/242\n|switch|p2a: Carbink|Carbink, L88|231/231\n|switch|p2b: Flygon|Flygon, L83, F|268/268\n|turn|1\n|\n|t:|1770843701\n|switch|p1a: Vikavolt|Vikavolt, L84, F|267/267\n|move|p2b: Flygon|Protect|p2b: Flygon\n|-singleturn|p2b: Flygon|Protect\n|move|p1b: Barraskewda|Flip Turn|p2b: Flygon\n|-activate|p2b: Flygon|move: Protect\n|move|p2a: Carbink|Trick Room|p2a: Carbink\n|-fieldstart|move: Trick Room|[of] p2a: Carbink\n|\n|upkeep\n|turn|2\n|\n|t:|1770843738\n|switch|p1b: Polteageist|Polteageist-Antique, L85|241/241\n|move|p2a: Carbink|Body Press|p1b: Polteageist\n|-immune|p1b: Polteageist\n|move|p1a: Vikavolt|Thunderbolt|p2a: Carbink\n|-damage|p2a: Carbink|147/231\n|move|p2b: Flygon|Breaking Swipe|p1a: Vikavolt|[spread] p1a,p1b\n|-damage|p1a: Vikavolt|216/267\n|-damage|p1b: Polteageist|187/241\n|-unboost|p1a: Vikavolt|atk|1\n|-unboost|p1b: Polteageist|atk|1\n|-start|p2b: Flygon|Disable|Breaking Swipe|[from] ability: Cursed Body|[of] p1b: Polteageist\n|-enditem|p1b: Polteageist|White Herb\n|-clearnegativeboost|p1b: Polteageist|[silent]\n|\n|-heal|p2a: Carbink|161/231|[from] item: Leftovers\n|upkeep\n|turn|3\n|\n|t:|1770843770\n|move|p2a: Carbink|Moonblast|p1b: Polteageist\n|-damage|p1b: Polteageist|129/241\n|-start|p2a: Carbink|Disable|Moonblast|[from] ability: Cursed Body|[of] p1b: Polteageist\n|move|p1a: Vikavolt|Thunderbolt|p2a: Carbink\n|-damage|p2a: Carbink|80/231\n|move|p1b: Polteageist|Shadow Ball|p2a: Carbink\n|-damage|p2a: Carbink|13/231\n|move|p2b: Flygon|Earth Power|p1b: Polteageist\n|-damage|p1b: Polteageist|57/241\n|\n|-heal|p2a: Carbink|27/231|[from] item: Leftovers\n|upkeep\n|turn|4\n|\n|t:|1770843821\n|move|p1b: Polteageist|Protect|p1b: Polteageist\n|-singleturn|p1b: Polteageist|Protect\n|move|p2a: Carbink|Body Press|p1a: Vikavolt\n|-resisted|p1a: Vikavolt\n|-damage|p1a: Vikavolt|171/267\n|move|p1a: Vikavolt|Bug Buzz|p2a: Carbink\n|-resisted|p2a: Carbink\n|-damage|p2a: Carbink|0 fnt\n|faint|p2a: Carbink\n|move|p2b: Flygon|Earth Power|p1b: Polteageist\n|-activate|p1b: Polteageist|move: Protect\n|\n|upkeep\n|\n|t:|1770843829\n|switch|p2a: Bellibolt|Bellibolt, L81, M|309/309\n|turn|5\n|\n|t:|1770843850\n|move|p1a: Vikavolt|Bug Buzz|p2b: Flygon\n|-damage|p2b: Flygon|133/268\n|-enditem|p2b: Flygon|Sitrus Berry|[eat]\n|-heal|p2b: Flygon|200/268|[from] item: Sitrus Berry\n|move|p2a: Bellibolt|Muddy Water|p1a: Vikavolt|[spread] p1a,p1b\n|-damage|p1a: Vikavolt|119/267\n|-damage|p1b: Polteageist|17/241\n|-unboost|p1a: Vikavolt|accuracy|1\n|-start|p2a: Bellibolt|Disable|Muddy Water|[from] ability: Cursed Body|[of] p1b: Polteageist\n|-enditem|p1a: Vikavolt|Sitrus Berry|[eat]\n|-heal|p1a: Vikavolt|185/267|[from] item: Sitrus Berry\n|move|p1b: Polteageist|Shadow Ball|p2b: Flygon\n|-damage|p2b: Flygon|76/268\n|move|p2b: Flygon|Tailwind|p2b: Flygon\n|-sidestart|p2: cefb2000|move: Tailwind\n|\n|-end|p2b: Flygon|Disable\n|-fieldend|move: Trick Room\n|upkeep\n|turn|6\n|\n|t:|1770843872\n|move|p2b: Flygon|Protect|p2b: Flygon\n|-singleturn|p2b: Flygon|Protect\n|move|p2a: Bellibolt|Thunderbolt|p1b: Polteageist\n|-damage|p1b: Polteageist|0 fnt\n|faint|p1b: Polteageist\n|move|p1a: Vikavolt|Bug Buzz|p2b: Flygon\n|-activate|p2b: Flygon|move: Protect\n|\n|upkeep\n|\n|t:|1770843879\n|switch|p1b: Spectrier|Spectrier, L77|281/281\n|turn|7\n|\n|t:|1770843899\n|move|p2b: Flygon|Earth Power|p1b: Spectrier\n|-damage|p1b: Spectrier|193/281\n|move|p1b: Spectrier|Shadow Ball|p2b: Flygon\n|-damage|p2b: Flygon|0 fnt\n|faint|p2b: Flygon\n|-ability|p1b: Spectrier|Grim Neigh|boost\n|-boost|p1b: Spectrier|spa|1\n|-damage|p1b: Spectrier|165/281|[from] item: Life Orb\n|move|p2a: Bellibolt|Thunderbolt|p1b: Spectrier\n|-damage|p1b: Spectrier|48/281\n|move|p1a: Vikavolt|Bug Buzz|p2a: Bellibolt|[miss]\n|-miss|p1a: Vikavolt|p2a: Bellibolt\n|\n|upkeep\n|\n|t:|1770843914\n|switch|p2b: Lokix|Lokix, L88, M|268/268\n|turn|8\n|\n|t:|1770843944\n|-terastallize|p2b: Lokix|Bug\n|move|p1b: Spectrier|Protect|p1b: Spectrier\n|-singleturn|p1b: Spectrier|Protect\n|move|p2b: Lokix|Knock Off|p1a: Vikavolt\n|-damage|p1a: Vikavolt|80/267\n|-damage|p2b: Lokix|242/268|[from] item: Life Orb\n|move|p2a: Bellibolt|Thunderbolt|p1b: Spectrier\n|-activate|p1b: Spectrier|move: Protect\n|move|p1a: Vikavolt|Bug Buzz|p2b: Lokix\n|-damage|p2b: Lokix|56/268\n|\n|-end|p2a: Bellibolt|Disable\n|-sideend|p2: cefb2000|move: Tailwind\n|upkeep\n|turn|9\n|\n|t:|1770843957\n|move|p2b: Lokix|Protect|p2b: Lokix\n|-singleturn|p2b: Lokix|Protect\n|move|p1b: Spectrier|Shadow Ball|p2a: Bellibolt\n|-damage|p2a: Bellibolt|113/309\n|-start|p2a: Bellibolt|Charge|Shadow Ball|[from] ability: Electromorphosis\n|-enditem|p2a: Bellibolt|Sitrus Berry|[eat]\n|-heal|p2a: Bellibolt|190/309|[from] item: Sitrus Berry\n|-damage|p1b: Spectrier|20/281|[from] item: Life Orb\n|move|p2a: Bellibolt|Muddy Water|p1b: Spectrier|[spread] p1a,p1b\n|-damage|p1a: Vikavolt|28/267\n|-damage|p1b: Spectrier|0 fnt\n|faint|p1b: Spectrier\n|move|p1a: Vikavolt|Thunderbolt|p2b: Lokix\n|-activate|p2b: Lokix|move: Protect\n|\n|upkeep\n|\n|t:|1770843971\n|switch|p1b: Barraskewda|Barraskewda, L85, F|242/242\n|turn|10\n|\n|t:|1770843988\n|switch|p2b: Lucario|Lucario, L86, M|261/261\n|move|p1b: Barraskewda|Flip Turn|p2b: Lucario\n|-damage|p2b: Lucario|120/261\n|\n|t:|1770843994\n|switch|p1b: Flygon|Flygon, L83, M|268/268|[from] Flip Turn\n|move|p2a: Bellibolt|Thunderbolt|p1b: Flygon\n|-immune|p1b: Flygon\n|-end|p2a: Bellibolt|Charge|[silent]\n|move|p1a: Vikavolt|Bug Buzz|p2a: Bellibolt\n|-damage|p2a: Bellibolt|48/309\n|-start|p2a: Bellibolt|Charge|Bug Buzz|[from] ability: Electromorphosis\n|\n|upkeep\n|turn|11\n|\n|t:|1770844023\n|move|p1b: Flygon|Breaking Swipe|p2b: Lucario|[spread] p2a,p2b\n|-resisted|p2b: Lucario\n|-damage|p2a: Bellibolt|0 fnt\n|-damage|p2b: Lucario|95/261\n|-unboost|p2b: Lucario|atk|1\n|faint|p2a: Bellibolt\n|move|p2b: Lucario|Close Combat|p1b: Flygon\n|-damage|p1b: Flygon|109/268\n|-unboost|p2b: Lucario|def|1\n|-unboost|p2b: Lucario|spd|1\n|-enditem|p1b: Flygon|Sitrus Berry|[eat]\n|-heal|p1b: Flygon|176/268|[from] item: Sitrus Berry\n|move|p1a: Vikavolt|Thunderbolt|p2b: Lucario\n|-damage|p2b: Lucario|0 fnt\n|faint|p2b: Lucario\n|\n|upkeep\n|\n|t:|1770844037\n|switch|p2b: Lokix|Lokix, L88, M, tera:Bug|56/268\n|switch|p2a: Suicune|Suicune, L79|288/288\n|turn|12\n|\n|t:|1770844081\n|move|p2b: Lokix|Protect|p2b: Lokix\n|-singleturn|p2b: Lokix|Protect\n|move|p1b: Flygon|Breaking Swipe|p2b: Lokix|[spread] p2a\n|-activate|p2b: Lokix|move: Protect\n|-damage|p2a: Suicune|243/288\n|-unboost|p2a: Suicune|atk|1\n|move|p2a: Suicune|Ice Beam|p1b: Flygon\n|-supereffective|p1b: Flygon\n|-damage|p1b: Flygon|0 fnt\n|faint|p1b: Flygon\n|move|p1a: Vikavolt|Thunderbolt|p2a: Suicune\n|-supereffective|p2a: Suicune\n|-damage|p2a: Suicune|13/288\n|\n|-heal|p2a: Suicune|31/288|[from] item: Leftovers\n|upkeep\n|\n|t:|1770844089\n|switch|p1b: Barraskewda|Barraskewda, L85, F|242/242\n|turn|13\n|-message|cefb2000 forfeited.\n|\n|win|business_b\n|raw|business_b's rating: 1757 &rarr; <strong>1782</strong><br />(+25 for winning)\n|raw|cefb2000's rating: 1841 &rarr; <strong>1816</strong><br />(-25 for losing)\n|l|☆cefb2000\n|player|p2|\n", "inputlog": ">version ccdc32dd7cde25fd9e4bed64820e885f66e78a4e\n>start {\"formatid\":\"gen9randomdoublesbattle\",\"seed\":\"sodium,0aff7da5fa230a4491eb1442ed1fb248\",\"rated\":\"Rated battle\"}\n>player p1 {\"name\":\"business_b\",\"avatar\":\"102\",\"rating\":1757,\"seed\":\"sodium,9a10165b2ee9b329f08cb8ab4e42e73b\"}\n>player p2 {\"name\":\"cefb2000\",\"avatar\":\"101\",\"rating\":1841,\"seed\":\"sodium,3f089c170d0f5dbc1e6a7cff6dc6b64b\"}\n>p1 switch 3, move flipturn +2\n>p2 move trickroom, move protect\n>p1 move thunderbolt +1, switch 5\n>p2 move bodypress +2, move breakingswipe\n>p1 move thunderbolt +1, move shadowball +1\n>p2 move moonblast +2, move earthpower +2\n>p1 move bugbuzz +1, move protect\n>p2 move bodypress +1, move earthpower +2\n>p2 switch 5, pass\n>p1 move bugbuzz +2, move shadowball +2\n>p2 move muddywater, move tailwind\n>p1 move bugbuzz +2, move shadowball +2\n>p2 move thunderbolt +2, move protect\n>p1 pass, switch 3\n>p1 move bugbuzz +2, move shadowball +2\n>p2 move thunderbolt +2, move earthpower +2\n>p2 pass, switch 4\n>p1 move bugbuzz +2, move protect\n>p2 move thunderbolt +2, move knockoff +1 terastallize\n>p1 move thunderbolt +2, move shadowball +1\n>p2 move muddywater, move protect\n>p1 pass, switch 5\n>p1 move bugbuzz +1, move flipturn +2\n>p2 move thunderbolt +2, switch 6\n>p1 pass, switch 4\n>p1 move thunderbolt +1, move breakingswipe\n>p2 move muddywater, move closecombat +2\n>p2 switch 3, switch 6\n>p1 move thunderbolt +1, move breakingswipe\n>p2 move icebeam +2, move protect\n>p1 pass, switch 4\n>forcelose p2", "uploadtime": 1770844099, "views": 69, "formatid": "gen9randomdoublesbattle", "rating": 1782, "private": 0, "password": null}