{"id": "gen9randomdoublesbattle-2537258020", "format": "[Gen 9] Random Doubles Battle", "players": ["Andy65pr", "baseballlover"], "log": "|j|☆Andy65pr\n|j|☆baseballlover\n|t:|1770786117\n|gametype|doubles\n|player|p1|Andy65pr|2|1592\n|player|p2|baseballlover|266|1657\n|gen|9\n|tier|[Gen 9] Random Doubles Battle\n|rated|\n|rule|Species Clause: Limit one of each Pokémon\n|rule|HP Percentage Mod: HP is shown in percentages\n|rule|Illusion Level Mod: Illusion disguises the Pokémon's true level\n|rule|Sleep Clause Mod: Limit one foe put to sleep\n|\n|t:|1770786117\n|teamsize|p1|6\n|teamsize|p2|6\n|start\n|switch|p1a: Banette|Banette, L94, F|273/273\n|switch|p1b: Tauros|Tauros-Paldea-Blaze, L79, M|248/248\n|switch|p2a: Articuno|Articuno-Galar, L82|282/282\n|switch|p2b: Kommo-o|Kommo-o, L79, M|248/248\n|-ability|p1b: Tauros|Intimidate|boost\n|-unboost|p2a: Articuno|atk|1\n|-ability|p2a: Articuno|Competitive|boost\n|-boost|p2a: Articuno|spa|2\n|-unboost|p2b: Kommo-o|atk|1\n|-item|p2a: Articuno|Life Orb|[from] ability: Frisk|[of] p1a: Banette\n|-item|p2b: Kommo-o|Throat Spray|[from] ability: Frisk|[of] p1a: Banette\n|turn|1\n|inactive|Battle timer is ON: inactive players will automatically lose when time's up. (requested by baseballlover)\n|\n|t:|1770786147\n|switch|p1a: Bronzong|Bronzong, L87|258/258\n|move|p1b: Tauros|Stone Edge|p2a: Articuno\n|-supereffective|p2a: Articuno\n|-damage|p2a: Articuno|84/282\n|move|p2a: Articuno|Freezing Glare|p1b: Tauros\n|-supereffective|p1b: Tauros\n|-damage|p1b: Tauros|0 fnt\n|faint|p1b: Tauros\n|-damage|p2a: Articuno|56/282|[from] item: Life Orb\n|move|p2b: Kommo-o|Clangorous Soul|p2b: Kommo-o\n|-boost|p2b: Kommo-o|atk|1\n|-boost|p2b: Kommo-o|def|1\n|-boost|p2b: Kommo-o|spa|1\n|-boost|p2b: Kommo-o|spd|1\n|-boost|p2b: Kommo-o|spe|1\n|-damage|p2b: Kommo-o|167/248\n|-enditem|p2b: Kommo-o|Throat Spray\n|-boost|p2b: Kommo-o|spa|1|[from] item: Throat Spray\n|\n|upkeep\n|\n|t:|1770786162\n|switch|p1b: Banette|Banette, L94, F|273/273\n|-item|p2a: Articuno|Life Orb|[from] ability: Frisk|[of] p1b: Banette\n|turn|2\n|\n|t:|1770786182\n|move|p1b: Banette|Shadow Sneak|p2a: Articuno\n|-supereffective|p2a: Articuno\n|-damage|p2a: Articuno|0 fnt\n|faint|p2a: Articuno\n|-damage|p1b: Banette|246/273|[from] item: Life Orb\n|move|p2b: Kommo-o|Clanging Scales|p1a: Bronzong|[spread] p1a,p1b\n|-resisted|p1a: Bronzong\n|-damage|p1a: Bronzong|195/258\n|-damage|p1b: Banette|56/273\n|-unboost|p2b: Kommo-o|def|1\n|move|p1a: Bronzong|Trick Room|p1a: Bronzong\n|-fieldstart|move: Trick Room|[of] p1a: Bronzong\n|\n|-heal|p1a: Bronzong|211/258|[from] item: Leftovers\n|upkeep\n|\n|t:|1770786198\n|switch|p2a: Milotic|Milotic, L81, M|287/287\n|turn|3\n|inactive|Andy65pr has 120 seconds left.\n|\n|t:|1770786232\n|move|p2b: Kommo-o|Protect|p2b: Kommo-o\n|-singleturn|p2b: Kommo-o|Protect\n|move|p1a: Bronzong|Iron Defense|p1a: Bronzong\n|-boost|p1a: Bronzong|def|2\n|move|p1b: Banette|Gunk Shot|p2b: Kommo-o\n|-activate|p2b: Kommo-o|move: Protect\n|move|p2a: Milotic|Scald|p1b: Banette\n|-damage|p1b: Banette|0 fnt\n|faint|p1b: Banette\n|\n|-heal|p1a: Bronzong|227/258|[from] item: Leftovers\n|upkeep\n|inactive|Andy65pr has 120 seconds left.\n|\n|t:|1770786252\n|switch|p1b: Gogoat|Gogoat, L90, M|368/368\n|turn|4\n|inactive|Andy65pr has 120 seconds left.\n|\n|t:|1770786270\n|move|p1a: Bronzong|Body Press|p2b: Kommo-o\n|-damage|p2b: Kommo-o|51/248\n|move|p1b: Gogoat|Leaf Storm|p2a: Milotic\n|-supereffective|p2a: Milotic\n|-damage|p2a: Milotic|57/287\n|-unboost|p1b: Gogoat|spa|2\n|-enditem|p2a: Milotic|Sitrus Berry|[eat]\n|-heal|p2a: Milotic|128/287|[from] item: Sitrus Berry\n|move|p2a: Milotic|Scald|p1a: Bronzong\n|-damage|p1a: Bronzong|166/258\n|move|p2b: Kommo-o|Clanging Scales|p1b: Gogoat|[spread] p1a,p1b\n|-resisted|p1a: Bronzong\n|-crit|p1a: Bronzong\n|-damage|p1a: Bronzong|80/258\n|-damage|p1b: Gogoat|256/368\n|-unboost|p2b: Kommo-o|def|1\n|\n|-heal|p1a: Bronzong|96/258|[from] item: Leftovers\n|upkeep\n|turn|5\n|inactive|Andy65pr has 120 seconds left.\n|\n|t:|1770786303\n|move|p2a: Milotic|Protect|p2a: Milotic\n|-singleturn|p2a: Milotic|Protect\n|move|p2b: Kommo-o|Protect|p2b: Kommo-o\n|-singleturn|p2b: Kommo-o|Protect\n|move|p1a: Bronzong|Iron Defense|p1a: Bronzong\n|-boost|p1a: Bronzong|def|2\n|move|p1b: Gogoat|Horn Leech|p2a: Milotic\n|-activate|p2a: Milotic|move: Protect\n|\n|-heal|p1a: Bronzong|112/258|[from] item: Leftovers\n|upkeep\n|turn|6\n|inactive|Andy65pr has 120 seconds left.\n|\n|t:|1770786328\n|move|p1a: Bronzong|Body Press|p2b: Kommo-o\n|-damage|p2b: Kommo-o|0 fnt\n|faint|p2b: Kommo-o\n|move|p1b: Gogoat|Horn Leech|p2a: Milotic\n|-supereffective|p2a: Milotic\n|-damage|p2a: Milotic|0 fnt\n|-heal|p1b: Gogoat|320/368|[from] drain|[of] p2a: Milotic\n|faint|p2a: Milotic\n|\n|-heal|p1a: Bronzong|128/258|[from] item: Leftovers\n|-fieldend|move: Trick Room\n|upkeep\n|\n|t:|1770786341\n|switch|p2b: Cinccino|Cinccino, L85, F|266/266\n|switch|p2a: Palkia|Palkia, L74|255/255\n|turn|7\n|inactive|Andy65pr has 120 seconds left.\n|\n|t:|1770786369\n|switch|p1b: Garganacl|Garganacl, L81, F|295/295\n|-terastallize|p2b: Cinccino|Normal\n|move|p2b: Cinccino|Tail Slap|p1b: Garganacl\n|-resisted|p1b: Garganacl\n|-damage|p1b: Garganacl|274/295\n|-resisted|p1b: Garganacl\n|-damage|p1b: Garganacl|252/295\n|-resisted|p1b: Garganacl\n|-damage|p1b: Garganacl|232/295\n|-resisted|p1b: Garganacl\n|-damage|p1b: Garganacl|212/295\n|-hitcount|p1b: Garganacl|4\n|move|p2a: Palkia|Fire Blast|p1a: Bronzong\n|-supereffective|p1a: Bronzong\n|-damage|p1a: Bronzong|0 fnt\n|faint|p1a: Bronzong\n|\n|-heal|p1b: Garganacl|230/295|[from] item: Leftovers\n|upkeep\n|inactive|Andy65pr has 120 seconds left.\n|\n|t:|1770786396\n|switch|p1a: Gogoat|Gogoat, L90, M|320/368\n|turn|8\n|inactive|Andy65pr has 120 seconds left.\n|\n|t:|1770786429\n|-terastallize|p1a: Gogoat|Normal\n|move|p2b: Cinccino|Tail Slap|p1a: Gogoat\n|-damage|p1a: Gogoat|254/368\n|-damage|p1a: Gogoat|192/368\n|-damage|p1a: Gogoat|122/368\n|-damage|p1a: Gogoat|56/368\n|-damage|p1a: Gogoat|0 fnt\n|faint|p1a: Gogoat\n|-hitcount|p1: Gogoat|5\n|move|p2a: Palkia|Hydro Pump|p1b: Garganacl\n|-supereffective|p1b: Garganacl\n|-damage|p1b: Garganacl|0 fnt\n|faint|p1b: Garganacl\n|\n|upkeep\n|-message|Andy65pr forfeited.\n|\n|win|baseballlover\n|raw|Andy65pr's rating: 1592 &rarr; <strong>1576</strong><br />(-16 for losing)\n|raw|baseballlover's rating: 1657 &rarr; <strong>1673</strong><br />(+16 for winning)\n", "inputlog": ">version ccdc32dd7cde25fd9e4bed64820e885f66e78a4e\n>start {\"formatid\":\"gen9randomdoublesbattle\",\"seed\":\"sodium,18d4e8e5aa66dca51055c5050b028ee5\",\"rated\":\"Rated battle\"}\n>player p1 {\"name\":\"Andy65pr\",\"avatar\":\"2\",\"rating\":1592,\"seed\":\"sodium,96282bb6c285e85539f30c12d03377a2\"}\n>player p2 {\"name\":\"baseballlover\",\"avatar\":\"266\",\"rating\":1657,\"seed\":\"sodium,c4e76447c0c98deb6f419d1fbad4cecb\"}\n>p1 switch 6, move stoneedge +1\n>p2 move freezingglare +2, move clangoroussoul\n>p1 pass, switch 6\n>p1 move trickroom, move shadowsneak +1\n>p2 move hurricane +1, move clangingscales\n>p2 switch 6, pass\n>p1 move irondefense, move gunkshot +2\n>p2 move scald +2, move protect\n>p1 pass, switch 3\n>p1 move bodypress +2, move leafstorm +1\n>p2 move scald +1, move clangingscales\n>p1 move irondefense, move hornleech +1\n>p2 move protect, move protect\n>p1 move bodypress +2, move hornleech +1\n>p2 move scald +1, move clangingscales\n>p2 switch 4, switch 3\n>p1 move trickroom, switch 4\n>p2 move fireblast +1, move tailslap +2 terastallize\n>p1 switch 4, pass\n>p1 move doubleedge +1 terastallize, move saltcure +1\n>p2 move hydropump +2, move tailslap +1\n>forcelose p1", "uploadtime": 1770786437, "views": 66, "formatid": "gen9randomdoublesbattle", "rating": 1576, "private": 0, "password": null}