{"id": "gen9randomdoublesbattle-2537816678", "format": "[Gen 9] Random Doubles Battle", "players": ["pixel_dragon9", "juancar_15"], "log": "|j|☆pixel_dragon9\n|j|☆juancar_15\n|t:|1770851189\n|gametype|doubles\n|player|p1|pixel_dragon9|170|1637\n|player|p2|juancar_15|lucas|1543\n|gen|9\n|tier|[Gen 9] Random Doubles Battle\n|rated|\n|rule|Species Clause: Limit one of each Pokémon\n|rule|HP Percentage Mod: HP is shown in percentages\n|rule|Illusion Level Mod: Illusion disguises the Pokémon's true level\n|rule|Sleep Clause Mod: Limit one foe put to sleep\n|\n|t:|1770851189\n|teamsize|p1|6\n|teamsize|p2|6\n|start\n|switch|p1a: Arboliva|Arboliva, L88, F|281/281\n|switch|p1b: Tauros|Tauros, L82, M|257/257\n|switch|p2a: Hatterene|Hatterene, L84, F|233/233\n|switch|p2b: Araquanid|Araquanid, L84, F|251/251\n|-ability|p1b: Tauros|Intimidate|boost\n|-unboost|p2a: Hatterene|atk|1\n|-unboost|p2b: Araquanid|atk|1\n|turn|1\n|inactive|Battle timer is ON: inactive players will automatically lose when time's up. (requested by pixel_dragon9)\n|inactive|juancar_15 has 120 seconds left.\n|\n|t:|1770851222\n|switch|p2b: Toucannon|Toucannon, L87, F|281/281\n|move|p1b: Tauros|Stone Edge|p2b: Toucannon\n|-supereffective|p2b: Toucannon\n|-damage|p2b: Toucannon|53/281\n|-enditem|p2b: Toucannon|Sitrus Berry|[eat]\n|-heal|p2b: Toucannon|123/281|[from] item: Sitrus Berry\n|move|p1a: Arboliva|Hyper Voice|p2a: Hatterene|[spread] p2a,p2b\n|-damage|p2a: Hatterene|120/233\n|-damage|p2b: Toucannon|0 fnt\n|faint|p2b: Toucannon\n|-damage|p1a: Arboliva|253/281|[from] item: Life Orb\n|move|p2a: Hatterene|Trick Room|p2a: Hatterene\n|-fieldstart|move: Trick Room|[of] p2a: Hatterene\n|\n|upkeep\n|\n|t:|1770851236\n|switch|p2b: Probopass|Probopass, L90, F|254/254\n|turn|2\n|\n|t:|1770851254\n|switch|p1b: Braviary|Braviary-Hisui, L84, M|322/322\n|move|p2a: Hatterene|Dazzling Gleam|p1b: Braviary|[spread] p1a,p1b\n|-damage|p1a: Arboliva|167/281\n|-damage|p1b: Braviary|193/322\n|-fieldstart|move: Grassy Terrain|[from] ability: Seed Sower|[of] p1a: Arboliva\n|-damage|p2a: Hatterene|97/233|[from] item: Life Orb\n|move|p1a: Arboliva|Earth Power|p2b: Probopass\n|-supereffective|p2b: Probopass\n|-damage|p2b: Probopass|0 fnt\n|faint|p2b: Probopass\n|-damage|p1a: Arboliva|139/281|[from] item: Life Orb\n|\n|-heal|p2a: Hatterene|111/233|[from] Grassy Terrain\n|-heal|p1a: Arboliva|156/281|[from] Grassy Terrain\n|-heal|p1b: Braviary|213/322|[from] item: Leftovers\n|upkeep\n|\n|t:|1770851270\n|switch|p2b: Araquanid|Araquanid, L84, F|251/251\n|turn|3\n|\n|t:|1770851288\n|move|p1b: Braviary|Protect|p1b: Braviary\n|-singleturn|p1b: Braviary|Protect\n|move|p2a: Hatterene|Dazzling Gleam|p1b: Braviary|[spread] p1a\n|-activate|p1b: Braviary|move: Protect\n|-damage|p1a: Arboliva|69/281\n|-damage|p2a: Hatterene|88/233|[from] item: Life Orb\n|move|p2b: Araquanid|Liquidation|p1a: Arboliva\n|-resisted|p1a: Arboliva\n|-damage|p1a: Arboliva|6/281\n|-unboost|p1a: Arboliva|def|1\n|move|p1a: Arboliva|Hyper Voice|p2b: Araquanid|[spread] p2a,p2b\n|-crit|p2b: Araquanid\n|-damage|p2a: Hatterene|0 fnt\n|-damage|p2b: Araquanid|105/251\n|-enditem|p2b: Araquanid|Sitrus Berry|[eat]\n|-heal|p2b: Araquanid|167/251|[from] item: Sitrus Berry\n|faint|p2a: Hatterene\n|-damage|p1a: Arboliva|0 fnt|[from] item: Life Orb\n|faint|p1a: Arboliva\n|\n|-heal|p2b: Araquanid|182/251|[from] Grassy Terrain\n|-heal|p1b: Braviary|233/322|[from] item: Leftovers\n|upkeep\n|inactive|juancar_15 has 120 seconds left.\n|inactive|pixel_dragon9 has 120 seconds left.\n|\n|t:|1770851313\n|switch|p2a: Hitmonlee|Hitmonlee, L86, M|226/226\n|switch|p1a: Politoed|Politoed, L82, F|282/282\n|-weather|RainDance|[from] ability: Drizzle|[of] p1a: Politoed\n|turn|4\n|\n|t:|1770851327\n|move|p2a: Hitmonlee|Fake Out|p1a: Politoed\n|-damage|p1a: Politoed|238/282\n|move|p2b: Araquanid|Liquidation|p1b: Braviary\n|-damage|p1b: Braviary|0 fnt\n|faint|p1b: Braviary\n|cant|p1a: Politoed|flinch\n|\n|-weather|RainDance|[upkeep]\n|-heal|p2b: Araquanid|197/251|[from] Grassy Terrain\n|-heal|p1a: Politoed|255/282|[from] Grassy Terrain\n|upkeep\n|\n|t:|1770851342\n|switch|p1b: Deoxys|Deoxys, L79|209/209\n|-ability|p1b: Deoxys|Pressure\n|turn|5\n|\n|t:|1770851357\n|-terastallize|p2a: Hitmonlee|Dark\n|move|p1b: Deoxys|Protect|p1b: Deoxys\n|-singleturn|p1b: Deoxys|Protect\n|move|p2b: Araquanid|Liquidation|p1b: Deoxys\n|-activate|p1b: Deoxys|move: Protect\n|move|p1a: Politoed|Weather Ball|p2a: Hitmonlee\n|-damage|p2a: Hitmonlee|60/226\n|move|p2a: Hitmonlee|Close Combat|p1a: Politoed\n|-damage|p1a: Politoed|60/282\n|-unboost|p2a: Hitmonlee|def|1\n|-unboost|p2a: Hitmonlee|spd|1\n|-enditem|p2a: Hitmonlee|White Herb\n|-clearnegativeboost|p2a: Hitmonlee|[silent]\n|\n|-weather|RainDance|[upkeep]\n|-heal|p2b: Araquanid|212/251|[from] Grassy Terrain\n|-heal|p1a: Politoed|77/282|[from] Grassy Terrain\n|-heal|p2a: Hitmonlee|74/226|[from] Grassy Terrain\n|-fieldend|move: Trick Room\n|upkeep\n|turn|6\n|\n|t:|1770851384\n|move|p1b: Deoxys|Extreme Speed|p2a: Hitmonlee\n|-damage|p2a: Hitmonlee|0 fnt\n|faint|p2a: Hitmonlee\n|-damage|p1b: Deoxys|189/209|[from] item: Life Orb\n|move|p1a: Politoed|Weather Ball|p2b: Araquanid\n|-resisted|p2b: Araquanid\n|-damage|p2b: Araquanid|134/251\n|move|p2b: Araquanid|Liquidation|p1a: Politoed\n|-resisted|p1a: Politoed\n|-damage|p1a: Politoed|0 fnt\n|faint|p1a: Politoed\n|\n|-weather|RainDance|[upkeep]\n|-heal|p1b: Deoxys|202/209|[from] Grassy Terrain\n|-heal|p2b: Araquanid|149/251|[from] Grassy Terrain\n|-fieldend|move: Grassy Terrain\n|upkeep\n|inactive|juancar_15 has 120 seconds left.\n|\n|t:|1770851400\n|switch|p2a: Iron Bundle|Iron Bundle, L78|215/215\n|switch|p1a: Tauros|Tauros, L82, M|257/257\n|-ability|p1a: Tauros|Intimidate|boost\n|-unboost|p2a: Iron Bundle|atk|1\n|-unboost|p2b: Araquanid|atk|1\n|-enditem|p2a: Iron Bundle|Booster Energy\n|-activate|p2a: Iron Bundle|ability: Quark Drive|[fromitem]\n|-start|p2a: Iron Bundle|quarkdrivespe\n|turn|7\n|\n|t:|1770851424\n|move|p1b: Deoxys|Extreme Speed|p2a: Iron Bundle\n|-damage|p2a: Iron Bundle|132/215\n|-damage|p1b: Deoxys|182/209|[from] item: Life Orb\n|move|p2a: Iron Bundle|Icy Wind|p1b: Deoxys|[spread] p1a,p1b\n|-damage|p1a: Tauros|206/257\n|-damage|p1b: Deoxys|107/209\n|-unboost|p1a: Tauros|spe|1\n|-unboost|p1b: Deoxys|spe|1\n|move|p1a: Tauros|Stone Edge|p2a: Iron Bundle\n|-supereffective|p2a: Iron Bundle\n|-damage|p2a: Iron Bundle|0 fnt\n|faint|p2a: Iron Bundle\n|-end|p2a: Iron Bundle|Quark Drive|[silent]\n|move|p2b: Araquanid|Liquidation|p1b: Deoxys\n|-damage|p1b: Deoxys|0 fnt\n|faint|p1b: Deoxys\n|\n|-weather|RainDance|[upkeep]\n|upkeep\n|\n|t:|1770851431\n|switch|p1b: Dragonite|Dragonite, L82, M|283/283\n|turn|8\n|\n|t:|1770851439\n|move|p1b: Dragonite|Scale Shot|p2b: Araquanid\n|-damage|p2b: Araquanid|115/251\n|-damage|p2b: Araquanid|81/251\n|-damage|p2b: Araquanid|51/251\n|-damage|p2b: Araquanid|21/251\n|-damage|p2b: Araquanid|0 fnt\n|faint|p2b: Araquanid\n|-hitcount|p2: Araquanid|5\n|\n|win|pixel_dragon9\n|raw|pixel_dragon9's rating: 1637 &rarr; <strong>1652</strong><br />(+15 for winning)\n|raw|juancar_15's rating: 1543 &rarr; <strong>1528</strong><br />(-15 for losing)\n", "inputlog": ">version ccdc32dd7cde25fd9e4bed64820e885f66e78a4e\n>start {\"formatid\":\"gen9randomdoublesbattle\",\"seed\":\"sodium,a91779348b9f3fec67545a514aef2493\",\"rated\":\"Rated battle\"}\n>player p1 {\"name\":\"pixel_dragon9\",\"avatar\":\"170\",\"rating\":1637,\"seed\":\"sodium,9db6a1e4c028fd2b4f3a36405c3789e9\"}\n>player p2 {\"name\":\"juancar_15\",\"avatar\":\"lucas\",\"rating\":1543,\"seed\":\"sodium,d437d9d10df26111b5dee76c3161aa48\"}\n>p1 move hypervoice, move stoneedge +2\n>p2 move trickroom, switch 3\n>p2 pass, switch 6\n>p1 move earthpower +2, switch 3\n>p2 move dazzlinggleam, move irondefense\n>p2 pass, switch 3\n>p1 move hypervoice, move protect\n>p2 move dazzlinggleam, move liquidation +1\n>p1 switch 4, pass\n>p2 switch 4, pass\n>p1 move weatherball +1, move hurricane +2\n>p2 move fakeout +1, move liquidation +2\n>p1 pass, switch 5\n>p1 move weatherball +1, move protect\n>p2 move closecombat +1 terastallize, move liquidation +2\n>p1 move weatherball +2, move extremespeed +1\n>p2 move knockoff +2, move liquidation +1\n>p1 switch 3, pass\n>p2 switch 5, pass\n>p1 move stoneedge +1, move extremespeed +1\n>p2 move icywind, move liquidation +2\n>p1 pass, switch 6\n>p1 move stoneedge +2, move scaleshot +2\n>p2 pass, move liquidation +1", "uploadtime": 1770851445, "views": 69, "formatid": "gen9randomdoublesbattle", "rating": 1528, "private": 0, "password": null}