{"id": "gen9randomdoublesbattle-2535849142", "format": "[Gen 9] Random Doubles Battle", "players": ["PoulpyK", "test_niro2"], "log": "|j|☆PoulpyK\n|j|☆test_niro2\n|t:|1770619843\n|gametype|doubles\n|player|p1|PoulpyK|170|1539\n|player|p2|test_niro2|zinzolin|1654\n|gen|9\n|tier|[Gen 9] Random Doubles Battle\n|rated|\n|rule|Species Clause: Limit one of each Pokémon\n|rule|HP Percentage Mod: HP is shown in percentages\n|rule|Illusion Level Mod: Illusion disguises the Pokémon's true level\n|rule|Sleep Clause Mod: Limit one foe put to sleep\n|\n|t:|1770619843\n|teamsize|p1|6\n|teamsize|p2|6\n|start\n|switch|p1a: Crabominable|Crabominable, L89, F|317/317\n|switch|p1b: Rotom|Rotom-Wash, L83|219/219\n|switch|p2a: Latias|Latias, L80, F|259/259\n|switch|p2b: Gliscor|Gliscor, L81, F|254/254\n|turn|1\n|inactive|Battle timer is ON: inactive players will automatically lose when time's up. (requested by test_niro2)\n|inactive|PoulpyK also wants the timer to be on.\n|inactive|PoulpyK has 120 seconds left.\n|inactive|test_niro2 has 120 seconds left.\n|inactive|PoulpyK has 90 seconds left.\n|\n|t:|1770619911\n|switch|p1a: Murkrow|Murkrow, L90, F|254/254\n|-terastallize|p2b: Gliscor|Water\n|move|p2a: Latias|Tailwind|p2a: Latias\n|-sidestart|p2: test_niro2|move: Tailwind\n|move|p2b: Gliscor|Dual Wingbeat|p1a: Murkrow\n|-damage|p1a: Murkrow|212/254\n|-damage|p1a: Murkrow|172/254\n|-hitcount|p1a: Murkrow|2\n|move|p1b: Rotom|Will-O-Wisp|p2b: Gliscor\n|-status|p2b: Gliscor|brn\n|\n|-damage|p2b: Gliscor|239/254 brn|[from] brn\n|upkeep\n|turn|2\n|\n|t:|1770619936\n|move|p1a: Murkrow|Tailwind|p1a: Murkrow\n|-sidestart|p1: PoulpyK|move: Tailwind\n|move|p2a: Latias|Draco Meteor|p1a: Murkrow\n|-damage|p1a: Murkrow|0 fnt\n|-unboost|p2a: Latias|spa|2\n|faint|p1a: Murkrow\n|move|p2b: Gliscor|Toxic Spikes|p1b: Rotom\n|-sidestart|p1: PoulpyK|move: Toxic Spikes\n|move|p1b: Rotom|Thunderbolt|p2b: Gliscor\n|-supereffective|p2b: Gliscor\n|-damage|p2b: Gliscor|5/254 brn\n|\n|-damage|p2b: Gliscor|0 fnt|[from] brn\n|faint|p2b: Gliscor\n|upkeep\n|inactive|PoulpyK has 120 seconds left.\n|inactive|test_niro2 has 120 seconds left.\n|\n|t:|1770619964\n|switch|p1a: Kyogre|Kyogre, L65|238/238\n|switch|p2b: Gallade|Gallade, L80, M|240/240\n|-status|p1a: Kyogre|psn\n|-weather|RainDance|[from] ability: Drizzle|[of] p1a: Kyogre\n|turn|3\n|\n|t:|1770619979\n|switch|p2a: Swanna|Swanna, L87, F|272/272\n|move|p1a: Kyogre|Water Spout|p2b: Gallade|[spread] p2a,p2b\n|-resisted|p2a: Swanna\n|-damage|p2a: Swanna|167/272\n|-damage|p2b: Gallade|102/240\n|move|p1b: Rotom|Hydro Pump|p2b: Gallade\n|-damage|p2b: Gallade|0 fnt\n|faint|p2b: Gallade\n|\n|-weather|RainDance|[upkeep]\n|-damage|p1a: Kyogre|209/238 psn|[from] psn\n|upkeep\n|\n|t:|1770619990\n|switch|p2b: Latias|Latias, L80, F|259/259\n|turn|4\n|\n|t:|1770619998\n|move|p2a: Swanna|Protect|p2a: Swanna\n|-singleturn|p2a: Swanna|Protect\n|move|p1a: Kyogre|Water Spout|p2a: Swanna|[spread] p2b\n|-activate|p2a: Swanna|move: Protect\n|-resisted|p2b: Latias\n|-damage|p2b: Latias|201/259\n|move|p2b: Latias|Mist Ball|p1b: Rotom\n|-damage|p1b: Rotom|105/219\n|-enditem|p1b: Rotom|Sitrus Berry|[eat]\n|-heal|p1b: Rotom|159/219|[from] item: Sitrus Berry\n|move|p1b: Rotom|Thunderbolt|p2a: Swanna\n|-activate|p2a: Swanna|move: Protect\n|\n|-weather|RainDance|[upkeep]\n|-damage|p1a: Kyogre|180/238 psn|[from] psn\n|-sideend|p2: test_niro2|move: Tailwind\n|upkeep\n|turn|5\n|\n|t:|1770620018\n|switch|p2a: Skuntank|Skuntank, L85, F|314/314\n|move|p1a: Kyogre|Water Spout|p2a: Skuntank|[spread] p2a,p2b\n|-resisted|p2b: Latias\n|-damage|p2a: Skuntank|152/314\n|-damage|p2b: Latias|159/259\n|move|p1b: Rotom|Thunderbolt|p2a: Skuntank\n|-damage|p2a: Skuntank|26/314\n|move|p2b: Latias|Mist Ball|p1a: Kyogre\n|-damage|p1a: Kyogre|60/238 psn\n|\n|-weather|RainDance|[upkeep]\n|-damage|p1a: Kyogre|31/238 psn|[from] psn\n|-sideend|p1: PoulpyK|move: Tailwind\n|upkeep\n|turn|6\n|\n|t:|1770620039\n|switch|p1a: Lucario|Lucario, L86, M|261/261\n|move|p2b: Latias|Mist Ball|p1b: Rotom\n|-damage|p1b: Rotom|53/219\n|-unboost|p1b: Rotom|spa|1\n|move|p2a: Skuntank|Gunk Shot|p1b: Rotom\n|-damage|p1b: Rotom|0 fnt\n|faint|p1b: Rotom\n|-damage|p2a: Skuntank|0 fnt|[from] item: Life Orb\n|faint|p2a: Skuntank\n|\n|-weather|RainDance|[upkeep]\n|upkeep\n|\n|t:|1770620051\n|switch|p2a: Swanna|Swanna, L87, F|167/272\n|switch|p1b: Kyogre|Kyogre, L65|31/238 psn\n|turn|7\n|\n|t:|1770620059\n|move|p1b: Kyogre|Ice Beam|p2b: Latias\n|-supereffective|p2b: Latias\n|-damage|p2b: Latias|65/259\n|move|p2b: Latias|Recover|p2b: Latias\n|-heal|p2b: Latias|195/259\n|move|p2a: Swanna|Tailwind|p2a: Swanna\n|-sidestart|p2: test_niro2|move: Tailwind\n|move|p1a: Lucario|Rock Slide|p2b: Latias|[spread] p2a,p2b\n|-supereffective|p2a: Swanna\n|-damage|p2a: Swanna|0 fnt\n|-damage|p2b: Latias|123/259\n|faint|p2a: Swanna\n|\n|-weather|none\n|-damage|p1b: Kyogre|2/238 psn|[from] psn\n|upkeep\n|\n|t:|1770620070\n|switch|p2a: Falinks|Falinks, L87|255/255\n|turn|8\n|\n|t:|1770620078\n|switch|p1a: Rhyperior|Rhyperior, L82, F|323/323\n|-status|p1a: Rhyperior|psn\n|move|p2b: Latias|Recover|p2b: Latias\n|-heal|p2b: Latias|253/259\n|move|p2a: Falinks|No Retreat|p2a: Falinks\n|-boost|p2a: Falinks|atk|1\n|-boost|p2a: Falinks|def|1\n|-boost|p2a: Falinks|spa|1\n|-boost|p2a: Falinks|spd|1\n|-boost|p2a: Falinks|spe|1\n|-start|p2a: Falinks|move: No Retreat\n|move|p1b: Kyogre|Ice Beam|p2b: Latias\n|-supereffective|p2b: Latias\n|-damage|p2b: Latias|163/259\n|\n|-damage|p1b: Kyogre|0 fnt|[from] psn\n|faint|p1b: Kyogre\n|-damage|p1a: Rhyperior|283/323 psn|[from] psn\n|upkeep\n|\n|t:|1770620098\n|switch|p1b: Lucario|Lucario, L86, M|261/261\n|turn|9\n|\n|t:|1770620114\n|-terastallize|p1a: Rhyperior|Dragon\n|move|p1b: Lucario|Extreme Speed|p2b: Latias\n|-damage|p2b: Latias|67/259\n|move|p2a: Falinks|Close Combat|p1b: Lucario\n|-supereffective|p1b: Lucario\n|-crit|p1b: Lucario\n|-damage|p1b: Lucario|0 fnt\n|-unboost|p2a: Falinks|def|1\n|-unboost|p2a: Falinks|spd|1\n|faint|p1b: Lucario\n|-damage|p2a: Falinks|230/255|[from] item: Life Orb\n|move|p2b: Latias|Mist Ball|p1a: Rhyperior\n|-damage|p1a: Rhyperior|99/323 psn\n|move|p1a: Rhyperior|Rock Polish|p1a: Rhyperior\n|-boost|p1a: Rhyperior|spe|2\n|\n|-damage|p1a: Rhyperior|59/323 psn|[from] psn\n|upkeep\n|\n|t:|1770620131\n|switch|p1b: Crabominable|Crabominable, L89, F|317/317\n|-status|p1b: Crabominable|psn\n|turn|10\n|\n|t:|1770620142\n|move|p2a: Falinks|Close Combat|p1b: Crabominable\n|-supereffective|p1b: Crabominable\n|-damage|p1b: Crabominable|0 fnt\n|-unboost|p2a: Falinks|def|1\n|-unboost|p2a: Falinks|spd|1\n|faint|p1b: Crabominable\n|-damage|p2a: Falinks|205/255|[from] item: Life Orb\n|move|p2b: Latias|Mist Ball|p1a: Rhyperior\n|-damage|p1a: Rhyperior|0 fnt\n|faint|p1a: Rhyperior\n|\n|win|test_niro2\n|raw|PoulpyK's rating: 1539 &rarr; <strong>1525</strong><br />(-14 for losing)\n|raw|test_niro2's rating: 1654 &rarr; <strong>1668</strong><br />(+14 for winning)\n|l|☆test_niro2\n|player|p2|\n", "inputlog": ">version ccdc32dd7cde25fd9e4bed64820e885f66e78a4e\n>start {\"formatid\":\"gen9randomdoublesbattle\",\"seed\":\"sodium,1fb5a66c6edd83c4b0a17ff531910297\",\"rated\":\"Rated battle\"}\n>player p1 {\"name\":\"PoulpyK\",\"avatar\":\"170\",\"rating\":1539,\"seed\":\"sodium,48ff860bf4e578ed3130b0e5e7aab0b5\"}\n>player p2 {\"name\":\"test_niro2\",\"avatar\":\"zinzolin\",\"rating\":1654,\"seed\":\"sodium,2430832cc0f75cf0e337ceb8f558a181\"}\n>p1 switch 6, move willowisp +2\n>p2 move tailwind, move dualwingbeat +1 terastallize\n>p1 move tailwind, move thunderbolt +2\n>p2 move dracometeor +1, move toxicspikes\n>p1 switch 4, pass\n>p2 pass, switch 5\n>p1 move waterspout, move hydropump +2\n>p2 switch 3, move sacredsword +1\n>p2 pass, switch 3\n>p1 move waterspout, move thunderbolt +1\n>p2 move protect, move mistball +2\n>p1 move waterspout, move thunderbolt +1\n>p2 switch 4, move mistball +1\n>p1 switch 5, move thunderbolt +1\n>p2 move gunkshot +2, move mistball +2\n>p1 pass, switch 5\n>p2 switch 4, pass\n>p1 move rockslide, move icebeam +2\n>p2 move tailwind, move recover\n>p2 switch 6, pass\n>p1 switch 3, move icebeam +2\n>p2 move noretreat, move recover\n>p1 pass, switch 3\n>p1 move rockpolish terastallize, move extremespeed +2\n>p2 move closecombat +2, move mistball +1\n>p1 pass, switch 6\n>p1 move rockslide, move drainpunch +1\n>p2 move closecombat +2, move mistball +1", "uploadtime": 1770620172, "views": 67, "formatid": "gen9randomdoublesbattle", "rating": 1525, "private": 0, "password": null}