{"id": "gen9randomdoublesbattle-2535050929", "format": "[Gen 9] Random Doubles Battle", "players": ["Ninja_Tim21", "baseballlover"], "log": "|j|☆Ninja_Tim21\n|j|☆baseballlover\n|t:|1770507549\n|gametype|doubles\n|player|p1|Ninja_Tim21|shadowtriad|1563\n|player|p2|baseballlover|266|1585\n|gen|9\n|tier|[Gen 9] Random Doubles Battle\n|rated|\n|rule|Species Clause: Limit one of each Pokémon\n|rule|HP Percentage Mod: HP is shown in percentages\n|rule|Illusion Level Mod: Illusion disguises the Pokémon's true level\n|rule|Sleep Clause Mod: Limit one foe put to sleep\n|\n|t:|1770507549\n|teamsize|p1|6\n|teamsize|p2|6\n|start\n|switch|p1a: Spidops|Spidops, F|282/282\n|switch|p1b: Rillaboom|Rillaboom, L81, M|295/295\n|switch|p2a: Probopass|Probopass, L90, M|254/254\n|switch|p2b: Greninja|Greninja, L83, M|255/255\n|-fieldstart|move: Grassy Terrain|[from] ability: Grassy Surge|[of] p1b: Rillaboom\n|turn|1\n|inactive|Battle timer is ON: inactive players will automatically lose when time's up. (requested by baseballlover)\n|inactive|baseballlover has 120 seconds left.\n|\n|t:|1770507580\n|switch|p2b: Ariados|Ariados, F|302/302\n|move|p1b: Rillaboom|High Horsepower|p2a: Probopass\n|-supereffective|p2a: Probopass\n|-damage|p2a: Probopass|74/254\n|move|p1a: Spidops|Lunge|p2b: Ariados\n|-resisted|p2b: Ariados\n|-damage|p2b: Ariados|204/302\n|-unboost|p2b: Ariados|atk|1\n|-damage|p1a: Spidops|235/282|[from] item: Rocky Helmet|[of] p2b: Ariados\n|move|p2a: Probopass|Thunder Wave|p1a: Spidops\n|-status|p1a: Spidops|par\n|\n|-heal|p2b: Ariados|222/302|[from] Grassy Terrain\n|-heal|p2a: Probopass|89/254|[from] Grassy Terrain\n|-heal|p2a: Probopass|104/254|[from] item: Leftovers\n|-heal|p1a: Spidops|252/282 par|[from] Grassy Terrain\n|upkeep\n|turn|2\n|\n|t:|1770507602\n|switch|p2a: Iron Jugulis|Iron Jugulis, L79|278/278\n|-enditem|p2a: Iron Jugulis|Booster Energy\n|-activate|p2a: Iron Jugulis|ability: Quark Drive|[fromitem]\n|-start|p2a: Iron Jugulis|quarkdrivespa\n|move|p1b: Rillaboom|High Horsepower|p2a: Iron Jugulis\n|-immune|p2a: Iron Jugulis\n|move|p2b: Ariados|Sticky Web|p1a: Spidops\n|-sidestart|p1: Ninja_Tim21|move: Sticky Web\n|move|p1a: Spidops|Sticky Web|p2a: Iron Jugulis\n|-sidestart|p2: baseballlover|move: Sticky Web\n|\n|-heal|p2b: Ariados|240/302|[from] Grassy Terrain\n|-heal|p1a: Spidops|269/282 par|[from] Grassy Terrain\n|upkeep\n|turn|3\n|\n|t:|1770507620\n|switch|p1b: Alomomola|Alomomola, L96, M|472/472\n|-activate|p1b: Alomomola|move: Sticky Web\n|-unboost|p1b: Alomomola|spe|1\n|move|p2a: Iron Jugulis|Hurricane|p1b: Alomomola\n|-damage|p1b: Alomomola|262/472\n|-start|p1b: Alomomola|confusion\n|move|p2b: Ariados|Knock Off|p1a: Spidops\n|-damage|p1a: Spidops|217/282 par\n|-enditem|p1a: Spidops|Sitrus Berry|[from] move: Knock Off|[of] p2b: Ariados\n|move|p1a: Spidops|Lunge|p2a: Iron Jugulis\n|-damage|p2a: Iron Jugulis|173/278\n|-unboost|p2a: Iron Jugulis|atk|1\n|\n|-heal|p2b: Ariados|258/302|[from] Grassy Terrain\n|-heal|p1b: Alomomola|291/472|[from] Grassy Terrain\n|-heal|p1a: Spidops|234/282 par|[from] Grassy Terrain\n|upkeep\n|turn|4\n|inactive|baseballlover has 120 seconds left.\n|inactive|baseballlover has 90 seconds left.\n|\n|t:|1770507690\n|move|p2a: Iron Jugulis|Hurricane|p1a: Spidops\n|-supereffective|p1a: Spidops\n|-damage|p1a: Spidops|0 fnt\n|faint|p1a: Spidops\n|move|p2b: Ariados|Knock Off|p1b: Alomomola\n|-damage|p1b: Alomomola|233/472\n|-enditem|p1b: Alomomola|Sitrus Berry|[from] move: Knock Off|[of] p2b: Ariados\n|-activate|p1b: Alomomola|confusion\n|move|p1b: Alomomola|Icy Wind|p2b: Ariados|[spread] p2a,p2b\n|-supereffective|p2a: Iron Jugulis\n|-crit|p2a: Iron Jugulis\n|-damage|p2a: Iron Jugulis|99/278\n|-damage|p2b: Ariados|239/302\n|-unboost|p2a: Iron Jugulis|spe|1\n|-unboost|p2b: Ariados|spe|1\n|\n|-heal|p1b: Alomomola|262/472|[from] Grassy Terrain\n|-heal|p2b: Ariados|257/302|[from] Grassy Terrain\n|upkeep\n|inactive|Ninja_Tim21 has 120 seconds left.\n|\n|t:|1770507713\n|switch|p1a: Whimsicott|Whimsicott, L80, M|227/227\n|-activate|p1a: Whimsicott|move: Sticky Web\n|-unboost|p1a: Whimsicott|spe|1\n|turn|5\n|\n|t:|1770507723\n|-terastallize|p1a: Whimsicott|Steel\n|move|p2b: Ariados|Rage Powder|p2b: Ariados\n|-singleturn|p2b: Ariados|move: Rage Powder\n|move|p1a: Whimsicott|Tailwind|p1a: Whimsicott\n|-sidestart|p1: Ninja_Tim21|move: Tailwind\n|-activate|p1b: Alomomola|confusion\n|-damage|p1b: Alomomola|241/472|[from] confusion\n|move|p2a: Iron Jugulis|Hurricane|p1a: Whimsicott\n|-resisted|p1a: Whimsicott\n|-damage|p1a: Whimsicott|126/227\n|\n|-heal|p1a: Whimsicott|140/227|[from] Grassy Terrain\n|-heal|p1b: Alomomola|270/472|[from] Grassy Terrain\n|-heal|p2b: Ariados|275/302|[from] Grassy Terrain\n|-fieldend|move: Grassy Terrain\n|upkeep\n|turn|6\n|inactive|baseballlover has 120 seconds left.\n|\n|t:|1770507738\n|move|p2b: Ariados|Rage Powder|p2b: Ariados\n|-singleturn|p2b: Ariados|move: Rage Powder\n|move|p1a: Whimsicott|Encore|p2b: Ariados\n|-start|p2b: Ariados|Encore\n|-activate|p1b: Alomomola|confusion\n|move|p1b: Alomomola|Icy Wind|p2a: Iron Jugulis|[spread] p2a,p2b\n|-supereffective|p2a: Iron Jugulis\n|-damage|p2a: Iron Jugulis|53/278\n|-damage|p2b: Ariados|255/302\n|-unboost|p2a: Iron Jugulis|spe|1\n|-unboost|p2b: Ariados|spe|1\n|move|p2a: Iron Jugulis|Earth Power|p1a: Whimsicott\n|-supereffective|p1a: Whimsicott\n|-damage|p1a: Whimsicott|0 fnt\n|faint|p1a: Whimsicott\n|\n|upkeep\n|\n|t:|1770507754\n|switch|p1a: Rillaboom|Rillaboom, L81, M|295/295\n|-activate|p1a: Rillaboom|move: Sticky Web\n|-unboost|p1a: Rillaboom|spe|1\n|-fieldstart|move: Grassy Terrain|[from] ability: Grassy Surge|[of] p1a: Rillaboom\n|turn|7\n|inactive|baseballlover has 120 seconds left.\n|\n|t:|1770507790\n|move|p2b: Ariados|Rage Powder|p2b: Ariados\n|-singleturn|p2b: Ariados|move: Rage Powder\n|move|p1a: Rillaboom|High Horsepower|p2b: Ariados\n|-damage|p2b: Ariados|179/302\n|-damage|p1a: Rillaboom|246/295|[from] item: Rocky Helmet|[of] p2b: Ariados\n|-activate|p1b: Alomomola|confusion\n|move|p1b: Alomomola|Icy Wind|p2a: Iron Jugulis|[spread] p2a,p2b\n|-supereffective|p2a: Iron Jugulis\n|-damage|p2a: Iron Jugulis|5/278\n|-damage|p2b: Ariados|157/302\n|-unboost|p2a: Iron Jugulis|spe|1\n|-unboost|p2b: Ariados|spe|1\n|move|p2a: Iron Jugulis|Hurricane|p1a: Rillaboom\n|-supereffective|p1a: Rillaboom\n|-damage|p1a: Rillaboom|0 fnt\n|faint|p1a: Rillaboom\n|\n|-heal|p1b: Alomomola|299/472|[from] Grassy Terrain\n|-heal|p2b: Ariados|175/302|[from] Grassy Terrain\n|upkeep\n|\n|t:|1770507803\n|switch|p1a: Tyranitar|Tyranitar, L81, M|295/295\n|-activate|p1a: Tyranitar|move: Sticky Web\n|-fail|p1a: Tyranitar|unboost|[from] item: Clear Amulet|[of] p1a: Tyranitar\n|-weather|Sandstorm|[from] ability: Sand Stream|[of] p1a: Tyranitar\n|turn|8\n|inactive|baseballlover has 120 seconds left.\n|inactive|baseballlover has 90 seconds left.\n|inactive|baseballlover has 60 seconds left.\n|\n|t:|1770507897\n|-end|p1b: Alomomola|confusion\n|move|p1b: Alomomola|Helping Hand|p1a: Tyranitar\n|-singleturn|p1a: Tyranitar|Helping Hand|[of] p1b: Alomomola\n|move|p2b: Ariados|Rage Powder|p2b: Ariados\n|-singleturn|p2b: Ariados|move: Rage Powder\n|move|p1a: Tyranitar|Rock Slide|p2a: Iron Jugulis|[spread] p2a,p2b\n|-supereffective|p2a: Iron Jugulis\n|-supereffective|p2b: Ariados\n|-damage|p2a: Iron Jugulis|0 fnt\n|-damage|p2b: Ariados|0 fnt\n|faint|p2a: Iron Jugulis\n|-end|p2a: Iron Jugulis|Quark Drive|[silent]\n|faint|p2b: Ariados\n|\n|-weather|Sandstorm|[upkeep]\n|-damage|p1b: Alomomola|270/472|[from] Sandstorm\n|-heal|p1b: Alomomola|299/472|[from] Grassy Terrain\n|-sideend|p1: Ninja_Tim21|move: Tailwind\n|upkeep\n|\n|t:|1770507914\n|switch|p2a: Probopass|Probopass, L90, M|104/254\n|switch|p2b: Lanturn|Lanturn, L87, M|359/359\n|-activate|p2b: Lanturn|move: Sticky Web\n|-unboost|p2b: Lanturn|spe|1\n|-activate|p2a: Probopass|move: Sticky Web\n|-unboost|p2a: Probopass|spe|1\n|turn|9\n|inactive|baseballlover has 60 seconds left.\n|\n|t:|1770507932\n|move|p1a: Tyranitar|Dragon Dance|p1a: Tyranitar\n|-boost|p1a: Tyranitar|atk|1\n|-boost|p1a: Tyranitar|spe|1\n|move|p1b: Alomomola|Scald|p2a: Probopass\n|-supereffective|p2a: Probopass\n|-crit|p2a: Probopass\n|-damage|p2a: Probopass|20/254\n|move|p2b: Lanturn|Thunderbolt|p1b: Alomomola\n|-supereffective|p1b: Alomomola\n|-damage|p1b: Alomomola|51/472\n|move|p2a: Probopass|Body Press|p1a: Tyranitar\n|-supereffective|p1a: Tyranitar\n|-damage|p1a: Tyranitar|3/295\n|\n|-weather|Sandstorm|[upkeep]\n|-damage|p1b: Alomomola|22/472|[from] Sandstorm\n|-damage|p2b: Lanturn|337/359|[from] Sandstorm\n|-heal|p1a: Tyranitar|21/295|[from] Grassy Terrain\n|-heal|p1b: Alomomola|51/472|[from] Grassy Terrain\n|-heal|p2b: Lanturn|359/359|[from] Grassy Terrain\n|-heal|p2a: Probopass|35/254|[from] Grassy Terrain\n|-heal|p2a: Probopass|50/254|[from] item: Leftovers\n|upkeep\n|turn|10\n|\n|t:|1770507952\n|move|p1a: Tyranitar|Knock Off|p2b: Lanturn\n|-damage|p2b: Lanturn|98/359\n|-enditem|p2b: Lanturn|Sitrus Berry|[from] move: Knock Off|[of] p1a: Tyranitar\n|move|p1b: Alomomola|Scald|p2a: Probopass\n|-supereffective|p2a: Probopass\n|-damage|p2a: Probopass|0 fnt\n|faint|p2a: Probopass\n|move|p2b: Lanturn|Scald|p1a: Tyranitar\n|-supereffective|p1a: Tyranitar\n|-damage|p1a: Tyranitar|0 fnt\n|faint|p1a: Tyranitar\n|\n|-weather|Sandstorm|[upkeep]\n|-damage|p1b: Alomomola|22/472|[from] Sandstorm\n|-damage|p2b: Lanturn|76/359|[from] Sandstorm\n|-heal|p1b: Alomomola|51/472|[from] Grassy Terrain\n|-heal|p2b: Lanturn|98/359|[from] Grassy Terrain\n|upkeep\n|inactive|baseballlover has 60 seconds left.\n|\n|t:|1770507971\n|switch|p1a: Slowbro|Slowbro-Galar, L87, M|307/307\n|switch|p2a: Greninja|Greninja, L83, M|255/255\n|-activate|p2a: Greninja|move: Sticky Web\n|-unboost|p2a: Greninja|spe|1\n|-activate|p1a: Slowbro|move: Sticky Web\n|-unboost|p1a: Slowbro|spe|1\n|turn|11\n|\n|t:|1770507984\n|move|p2a: Greninja|Dark Pulse|p1b: Alomomola\n|-damage|p1b: Alomomola|0 fnt\n|faint|p1b: Alomomola\n|-ability|p2a: Greninja|Battle Bond|boost\n|-boost|p2a: Greninja|atk|1\n|-boost|p2a: Greninja|spa|1\n|-boost|p2a: Greninja|spe|1\n|-activate|p2a: Greninja|ability: Battle Bond\n|-damage|p2a: Greninja|230/255|[from] item: Life Orb\n|move|p2b: Lanturn|Thunderbolt|p1a: Slowbro\n|-damage|p1a: Slowbro|213/307\n|move|p1a: Slowbro|Shell Side Arm|p2a: Greninja|[anim] Shell Side Arm Physical\n|-damage|p2a: Greninja|65/255\n|-hint|Physical Shell Side Arm\n|-damage|p1a: Slowbro|183/307|[from] item: Life Orb\n|\n|-weather|Sandstorm|[upkeep]\n|-damage|p2a: Greninja|50/255|[from] Sandstorm\n|-damage|p2b: Lanturn|76/359|[from] Sandstorm\n|-damage|p1a: Slowbro|164/307|[from] Sandstorm\n|-heal|p2a: Greninja|65/255|[from] Grassy Terrain\n|-heal|p2b: Lanturn|98/359|[from] Grassy Terrain\n|-heal|p1a: Slowbro|183/307|[from] Grassy Terrain\n|-fieldend|move: Grassy Terrain\n|upkeep\n|turn|12\n|\n|t:|1770508005\n|move|p2a: Greninja|Dark Pulse|p1a: Slowbro\n|-supereffective|p1a: Slowbro\n|-damage|p1a: Slowbro|0 fnt\n|faint|p1a: Slowbro\n|-damage|p2a: Greninja|40/255|[from] item: Life Orb\n|\n|win|baseballlover\n|raw|Ninja_Tim21's rating: 1563 &rarr; <strong>1544</strong><br />(-19 for losing)\n|raw|baseballlover's rating: 1585 &rarr; <strong>1604</strong><br />(+19 for winning)\n", "inputlog": ">version ccdc32dd7cde25fd9e4bed64820e885f66e78a4e\n>start {\"formatid\":\"gen9randomdoublesbattle\",\"seed\":\"sodium,f56ae36bcb4966adebbc8af40088fba7\",\"rated\":\"Rated battle\"}\n>player p1 {\"name\":\"Ninja_Tim21\",\"avatar\":\"shadowtriad\",\"rating\":1563,\"seed\":\"sodium,74690807babb13c756f4891fc2ada6de\"}\n>player p2 {\"name\":\"baseballlover\",\"avatar\":\"266\",\"rating\":1585,\"seed\":\"sodium,8a0b67b496a491a86aef7f84420a9bb2\"}\n>p1 move lunge +2, move highhorsepower +1\n>p2 move thunderwave +1, switch 6\n>p1 move stickyweb, move highhorsepower +1\n>p2 switch 3, move stickyweb\n>p1 move lunge +1, switch 5\n>p2 move hurricane +2, move knockoff +1\n>p1 move lunge +1, move icywind\n>p2 move hurricane +1, move knockoff +2\n>p1 switch 3, pass\n>p1 move tailwind terastallize, move icywind\n>p2 move hurricane +1, move ragepowder\n>p1 move encore +2, move icywind\n>p2 move earthpower +1, move ragepowder\n>p1 switch 5, pass\n>p1 move highhorsepower +2, move icywind\n>p2 move hurricane +1, move ragepowder\n>p1 switch 6, pass\n>p1 move rockslide, move helpinghand -1\n>p2 move darkpulse +2, move ragepowder\n>p2 switch 3, switch 4\n>p1 move dragondance, move scald +1\n>p2 move bodypress +1, move thunderbolt +2\n>p1 move knockoff +2, move scald +1\n>p2 move bodypress +1, move scald +1\n>p1 switch 4, pass\n>p2 switch 6, pass\n>p1 move shellsidearm +1, move icywind\n>p2 move darkpulse +2, move thunderbolt +1\n>p1 move shellsidearm +1, pass\n>p2 move darkpulse +1, move thunderbolt +1", "uploadtime": 1770508005, "views": 98, "formatid": "gen9randomdoublesbattle", "rating": 1544, "private": 0, "password": null}