{"id": "gen9randomdoublesbattle-2540615125", "format": "[Gen 9] Random Doubles Battle", "players": ["yannick69", "marco365"], "log": "|j|☆yannick69\n|j|☆marco365\n|t:|1771227702\n|gametype|doubles\n|player|p1|yannick69|hiker-gen4|1718\n|player|p2|marco365|lucian|1775\n|gen|9\n|tier|[Gen 9] Random Doubles Battle\n|rated|\n|rule|Species Clause: Limit one of each Pokémon\n|rule|HP Percentage Mod: HP is shown in percentages\n|rule|Illusion Level Mod: Illusion disguises the Pokémon's true level\n|rule|Sleep Clause Mod: Limit one foe put to sleep\n|\n|t:|1771227702\n|teamsize|p1|6\n|teamsize|p2|6\n|start\n|switch|p1a: Hitmonlee|Hitmonlee, L86, M|226/226\n|switch|p1b: Alomomola|Alomomola, L96, M|472/472\n|switch|p2a: Hydrapple|Hydrapple, L85, M|319/319\n|switch|p2b: Staraptor|Staraptor, L82, F|274/274\n|-ability|p2b: Staraptor|Intimidate|boost\n|-unboost|p1a: Hitmonlee|atk|1\n|-unboost|p1b: Alomomola|atk|1\n|-enditem|p1a: Hitmonlee|White Herb\n|-clearnegativeboost|p1a: Hitmonlee|[silent]\n|turn|1\n|\n|t:|1771227756\n|switch|p2b: Tinkaton|Tinkaton, L82, F|274/274\n|-ability|p2b: Tinkaton|Mold Breaker\n|-terastallize|p1a: Hitmonlee|Poison\n|move|p1a: Hitmonlee|Poison Jab|p2a: Hydrapple\n|-supereffective|p2a: Hydrapple\n|-damage|p2a: Hydrapple|145/319\n|-status|p2a: Hydrapple|psn\n|move|p1b: Alomomola|Icy Wind|p2b: Tinkaton|[spread] p2a,p2b\n|-supereffective|p2a: Hydrapple\n|-resisted|p2b: Tinkaton\n|-damage|p2a: Hydrapple|57/319 psn\n|-damage|p2b: Tinkaton|265/274\n|-unboost|p2a: Hydrapple|spe|1\n|-unboost|p2b: Tinkaton|spe|1\n|move|p2a: Hydrapple|Giga Drain|p1b: Alomomola\n|-supereffective|p1b: Alomomola\n|-damage|p1b: Alomomola|38/472\n|-heal|p2a: Hydrapple|274/319 psn|[from] drain|[of] p1b: Alomomola\n|-enditem|p1b: Alomomola|Sitrus Berry|[eat]\n|-heal|p1b: Alomomola|156/472|[from] item: Sitrus Berry\n|\n|-damage|p2a: Hydrapple|235/319 psn|[from] psn\n|upkeep\n|turn|2\n|inactive|Battle timer is ON: inactive players will automatically lose when time's up. (requested by yannick69)\n|inactive|marco365 has 120 seconds left.\n|\n|t:|1771227789\n|switch|p1b: Vespiquen|Vespiquen, F|302/302\n|-ability|p1b: Vespiquen|Unnerve\n|move|p1a: Hitmonlee|Protect|p1a: Hitmonlee\n|-singleturn|p1a: Hitmonlee|Protect\n|move|p2b: Tinkaton|Fake Out|p1a: Hitmonlee\n|-activate|p1a: Hitmonlee|move: Protect\n|move|p2a: Hydrapple|Giga Drain|p1b: Vespiquen\n|-resisted|p1b: Vespiquen\n|-damage|p1b: Vespiquen|275/302\n|-heal|p2a: Hydrapple|249/319 psn|[from] drain|[of] p1b: Vespiquen\n|\n|-damage|p2a: Hydrapple|210/319 psn|[from] psn\n|upkeep\n|turn|3\n|inactive|marco365 has 120 seconds left.\n|\n|t:|1771227827\n|switch|p2a: Registeel|Registeel, L78|253/253\n|move|p1a: Hitmonlee|Knock Off|p2b: Tinkaton\n|-resisted|p2b: Tinkaton\n|-damage|p2b: Tinkaton|219/274\n|-enditem|p2b: Tinkaton|Sitrus Berry|[from] move: Knock Off|[of] p1a: Hitmonlee\n|move|p1b: Vespiquen|Toxic Spikes|p2b: Tinkaton\n|-sidestart|p2: marco365|move: Toxic Spikes\n|move|p2b: Tinkaton|Encore|p1b: Vespiquen\n|-start|p1b: Vespiquen|Encore\n|\n|upkeep\n|turn|4\n|inactive|marco365 has 120 seconds left.\n|inactive|yannick69 has 120 seconds left.\n|inactive|marco365 has 90 seconds left.\n|\n|t:|1771227887\n|switch|p1b: Alomomola|Alomomola, L96, M|313/472\n|move|p1a: Hitmonlee|Close Combat|p2a: Registeel\n|-supereffective|p2a: Registeel\n|-damage|p2a: Registeel|35/253\n|-unboost|p1a: Hitmonlee|def|1\n|-unboost|p1a: Hitmonlee|spd|1\n|move|p2b: Tinkaton|Gigaton Hammer|p1a: Hitmonlee\n|-damage|p1a: Hitmonlee|0 fnt\n|faint|p1a: Hitmonlee\n|move|p2a: Registeel|Thunder Wave|p1b: Alomomola\n|-status|p1b: Alomomola|par\n|\n|-heal|p2a: Registeel|50/253|[from] item: Leftovers\n|upkeep\n|inactive|yannick69 has 90 seconds left.\n|\n|t:|1771227918\n|switch|p1a: Gothitelle|Gothitelle, L90, F|272/272\n|turn|5\n|\n|t:|1771227935\n|move|p1a: Gothitelle|Fake Out|p2b: Tinkaton\n|-resisted|p2b: Tinkaton\n|-damage|p2b: Tinkaton|206/274\n|cant|p2b: Tinkaton|flinch\n|move|p2a: Registeel|Thunder Wave|p1a: Gothitelle|[miss]\n|-miss|p2a: Registeel|p1a: Gothitelle\n|move|p1b: Alomomola|Scald|p2a: Registeel\n|-damage|p2a: Registeel|5/253\n|\n|-heal|p2a: Registeel|20/253|[from] item: Leftovers\n|upkeep\n|turn|6\n|inactive|marco365 has 120 seconds left.\n|inactive|yannick69 has 120 seconds left.\n|\n|t:|1771227962\n|move|p2b: Tinkaton|Play Rough|p1b: Alomomola\n|-damage|p1b: Alomomola|240/472 par\n|move|p2a: Registeel|Thunder Wave|p1a: Gothitelle\n|-status|p1a: Gothitelle|par\n|move|p1b: Alomomola|Scald|p2a: Registeel\n|-damage|p2a: Registeel|0 fnt\n|faint|p2a: Registeel\n|move|p1a: Gothitelle|Trick Room|p1a: Gothitelle\n|-fieldstart|move: Trick Room|[of] p1a: Gothitelle\n|\n|upkeep\n|inactive|marco365 has 90 seconds left.\n|\n|t:|1771227984\n|switch|p2a: Hydrapple|Hydrapple, L85, M|316/319 psn\n|turn|7\n|\n|t:|1771228000\n|switch|p1b: Vespiquen|Vespiquen, F|275/302\n|-ability|p1b: Vespiquen|Unnerve\n|cant|p1a: Gothitelle|par\n|move|p2a: Hydrapple|Leaf Storm|p1a: Gothitelle\n|-damage|p1a: Gothitelle|65/272 par\n|-unboost|p2a: Hydrapple|spa|2\n|-enditem|p1a: Gothitelle|Sitrus Berry|[eat]\n|-heal|p1a: Gothitelle|133/272 par|[from] item: Sitrus Berry\n|move|p2b: Tinkaton|Gigaton Hammer|p1a: Gothitelle\n|-damage|p1a: Gothitelle|24/272 par\n|\n|-damage|p2a: Hydrapple|277/319 psn|[from] psn\n|upkeep\n|turn|8\n|inactive|marco365 has 120 seconds left.\n|inactive|yannick69 has 120 seconds left.\n|\n|t:|1771228030\n|cant|p1a: Gothitelle|par\n|move|p2a: Hydrapple|Leaf Storm|p1a: Gothitelle\n|-damage|p1a: Gothitelle|0 fnt\n|-unboost|p2a: Hydrapple|spa|2\n|faint|p1a: Gothitelle\n|move|p2b: Tinkaton|Play Rough|p1b: Vespiquen\n|-damage|p1b: Vespiquen|220/302\n|move|p1b: Vespiquen|Pollen Puff|p1: Gothitelle|[notarget]\n|-fail|p1b: Vespiquen\n|\n|-damage|p2a: Hydrapple|238/319 psn|[from] psn\n|upkeep\n|inactive|yannick69 has 120 seconds left.\n|\n|t:|1771228036\n|switch|p1a: Toxapex|Toxapex, L92, M|241/241\n|turn|9\n|inactive|marco365 has 120 seconds left.\n|\n|t:|1771228074\n|switch|p2a: Coalossal|Coalossal, L90, M|344/344\n|-status|p2a: Coalossal|psn\n|move|p1a: Toxapex|Infestation|p2b: Tinkaton\n|-resisted|p2b: Tinkaton\n|-damage|p2b: Tinkaton|204/274\n|-activate|p2b: Tinkaton|move: Infestation|[of] p1a: Toxapex\n|move|p2b: Tinkaton|Encore|p1a: Toxapex\n|-start|p1a: Toxapex|Encore\n|move|p1b: Vespiquen|Hurricane|p2a: Coalossal\n|-resisted|p2a: Coalossal\n|-damage|p2a: Coalossal|278/344 psn\n|\n|-damage|p2a: Coalossal|235/344 psn|[from] psn\n|-damage|p2b: Tinkaton|170/274|[from] move: Infestation|[partiallytrapped]\n|upkeep\n|turn|10\n|inactive|yannick69 has 120 seconds left.\n|inactive|marco365 has 90 seconds left.\n|\n|t:|1771228108\n|switch|p1b: Alomomola|Alomomola, L96, M|397/472 par\n|move|p2a: Coalossal|Stealth Rock|p1b: Alomomola\n|-sidestart|p1: yannick69|move: Stealth Rock\n|move|p1a: Toxapex|Infestation|p2a: Coalossal\n|-resisted|p2a: Coalossal\n|-damage|p2a: Coalossal|230/344 psn\n|-activate|p2a: Coalossal|move: Infestation|[of] p1a: Toxapex\n|move|p2b: Tinkaton|Gigaton Hammer|p1b: Alomomola\n|-resisted|p1b: Alomomola\n|-damage|p1b: Alomomola|336/472 par\n|\n|-damage|p2a: Coalossal|187/344 psn|[from] psn\n|-damage|p2a: Coalossal|144/344 psn|[from] move: Infestation|[partiallytrapped]\n|-damage|p2b: Tinkaton|136/274|[from] move: Infestation|[partiallytrapped]\n|-fieldend|move: Trick Room\n|upkeep\n|-enditem|p2a: Coalossal|Sitrus Berry|[eat]\n|-heal|p2a: Coalossal|230/344 psn|[from] item: Sitrus Berry\n|turn|11\n|inactive|yannick69 has 120 seconds left.\n|inactive|marco365 has 90 seconds left.\n|\n|t:|1771228138\n|switch|p1a: Cryogonal|Cryogonal, L88|284/284\n|-damage|p1a: Cryogonal|213/284|[from] Stealth Rock\n|move|p2a: Coalossal|Protect|p2a: Coalossal\n|-singleturn|p2a: Coalossal|Protect\n|move|p2b: Tinkaton|Play Rough|p1b: Alomomola\n|-damage|p1b: Alomomola|260/472 par\n|move|p1b: Alomomola|Scald|p2a: Coalossal\n|-activate|p2a: Coalossal|move: Protect\n|\n|-damage|p2a: Coalossal|187/344 psn|[from] psn\n|-end|p2b: Tinkaton|Infestation|[partiallytrapped]|[silent]\n|-end|p2a: Coalossal|Infestation|[partiallytrapped]|[silent]\n|upkeep\n|turn|12\n|inactive|yannick69 has 120 seconds left.\n|inactive|marco365 has 90 seconds left.\n|\n|t:|1771228176\n|switch|p1a: Toxapex|Toxapex, L92, M|241/241\n|-damage|p1a: Toxapex|211/241|[from] Stealth Rock\n|switch|p2b: Staraptor|Staraptor, L82, F|274/274\n|-ability|p2b: Staraptor|Intimidate|boost\n|-unboost|p1a: Toxapex|atk|1\n|-unboost|p1b: Alomomola|atk|1\n|move|p2a: Coalossal|Stone Edge|p1a: Toxapex|[miss]\n|-miss|p2a: Coalossal|p1a: Toxapex\n|move|p1b: Alomomola|Scald|p2b: Staraptor\n|-damage|p2b: Staraptor|189/274\n|\n|-heal|p1a: Toxapex|226/241|[from] item: Leftovers\n|-damage|p2a: Coalossal|144/344 psn|[from] psn\n|upkeep\n|turn|13\n|inactive|yannick69 has 120 seconds left.\n|inactive|marco365 has 90 seconds left.\n|\n|t:|1771228203\n|move|p1a: Toxapex|Baneful Bunker|p1a: Toxapex\n|-singleturn|p1a: Toxapex|move: Protect\n|move|p2b: Staraptor|Final Gambit|p1a: Toxapex\n|-activate|p1a: Toxapex|move: Protect\n|move|p2a: Coalossal|Stone Edge|p1a: Toxapex\n|-activate|p1a: Toxapex|move: Protect\n|move|p1b: Alomomola|Icy Wind|p2a: Coalossal|[spread] p2a,p2b\n|-resisted|p2a: Coalossal\n|-supereffective|p2b: Staraptor\n|-damage|p2a: Coalossal|134/344 psn\n|-damage|p2b: Staraptor|137/274\n|-unboost|p2a: Coalossal|spe|1\n|-unboost|p2b: Staraptor|spe|1\n|\n|-heal|p1a: Toxapex|241/241|[from] item: Leftovers\n|-damage|p2a: Coalossal|91/344 psn|[from] psn\n|upkeep\n|turn|14\n|inactive|yannick69 has 120 seconds left.\n|\n|t:|1771228230\n|move|p2b: Staraptor|Final Gambit|p1a: Toxapex\n|-damage|p1a: Toxapex|104/241\n|faint|p2b: Staraptor\n|move|p1a: Toxapex|Recover|p1a: Toxapex\n|-heal|p1a: Toxapex|225/241\n|move|p1b: Alomomola|Flip Turn|p2a: Coalossal\n|-supereffective|p2a: Coalossal\n|-damage|p2a: Coalossal|0 fnt\n|faint|p2a: Coalossal\n|\n|t:|1771228244\n|switch|p1b: Vespiquen|Vespiquen, F|220/302|[from] Flip Turn\n|-ability|p1b: Vespiquen|Unnerve\n|-damage|p1b: Vespiquen|69/302|[from] Stealth Rock\n|-enditem|p1b: Vespiquen|Sitrus Berry|[eat]\n|-heal|p1b: Vespiquen|144/302|[from] item: Sitrus Berry\n|\n|-heal|p1a: Toxapex|240/241|[from] item: Leftovers\n|upkeep\n|\n|t:|1771228253\n|switch|p2b: Smeargle|Smeargle, F|272/272\n|switch|p2a: Tinkaton|Tinkaton, L82, F|136/274\n|-status|p2b: Smeargle|psn\n|-ability|p2a: Tinkaton|Mold Breaker\n|turn|15\n|inactive|yannick69 has 120 seconds left.\n|inactive|marco365 has 120 seconds left.\n|\n|t:|1771228282\n|move|p2b: Smeargle|No Retreat|p2b: Smeargle\n|-boost|p2b: Smeargle|atk|1\n|-boost|p2b: Smeargle|def|1\n|-boost|p2b: Smeargle|spa|1\n|-boost|p2b: Smeargle|spd|1\n|-boost|p2b: Smeargle|spe|1\n|-start|p2b: Smeargle|move: No Retreat\n|move|p2a: Tinkaton|Encore|p1a: Toxapex\n|-start|p1a: Toxapex|Encore\n|move|p1b: Vespiquen|Pollen Puff|p2b: Smeargle\n|-damage|p2b: Smeargle|158/272 psn\n|move|p1a: Toxapex|Recover|p1a: Toxapex\n|-heal|p1a: Toxapex|241/241\n|\n|-damage|p2b: Smeargle|124/272 psn|[from] psn\n|upkeep\n|turn|16\n|inactive|marco365 has 120 seconds left.\n|inactive|yannick69 has 120 seconds left.\n|\n|t:|1771228318\n|switch|p1a: Alomomola|Alomomola, L96, M|417/472 par\n|-damage|p1a: Alomomola|358/472 par|[from] Stealth Rock\n|move|p2b: Smeargle|Population Bomb|p1b: Vespiquen\n|-damage|p1b: Vespiquen|122/302\n|-damage|p1b: Vespiquen|101/302\n|-damage|p1b: Vespiquen|80/302\n|-damage|p1b: Vespiquen|56/302\n|-damage|p1b: Vespiquen|34/302\n|-damage|p1b: Vespiquen|15/302\n|-damage|p1b: Vespiquen|0 fnt\n|faint|p1b: Vespiquen\n|-hitcount|p1: Vespiquen|7\n|move|p2a: Tinkaton|Gigaton Hammer|p1a: Alomomola\n|-resisted|p1a: Alomomola\n|-damage|p1a: Alomomola|296/472 par\n|\n|-damage|p2b: Smeargle|90/272 psn|[from] psn\n|upkeep\n|inactive|yannick69 has 120 seconds left.\n|\n|t:|1771228329\n|switch|p1b: Toxapex|Toxapex, L92, M|241/241\n|-damage|p1b: Toxapex|211/241|[from] Stealth Rock\n|turn|17\n|inactive|marco365 has 120 seconds left.\n|\n|t:|1771228355\n|switch|p2a: Hydrapple|Hydrapple, L85, M|319/319 psn\n|move|p1b: Toxapex|Baneful Bunker|p1b: Toxapex\n|-singleturn|p1b: Toxapex|move: Protect\n|move|p2b: Smeargle|Population Bomb|p1a: Alomomola\n|-damage|p1a: Alomomola|269/472 par\n|-damage|p1a: Alomomola|244/472 par\n|-damage|p1a: Alomomola|217/472 par\n|-damage|p1a: Alomomola|193/472 par\n|-damage|p1a: Alomomola|166/472 par\n|-damage|p1a: Alomomola|141/472 par\n|-damage|p1a: Alomomola|117/472 par\n|-damage|p1a: Alomomola|92/472 par\n|-damage|p1a: Alomomola|64/472 par\n|-crit|p1a: Alomomola\n|-damage|p1a: Alomomola|25/472 par\n|-hitcount|p1a: Alomomola|10\n|move|p1a: Alomomola|Scald|p2a: Hydrapple\n|-resisted|p2a: Hydrapple\n|-damage|p2a: Hydrapple|303/319 psn\n|\n|-heal|p1b: Toxapex|226/241|[from] item: Leftovers\n|-damage|p2b: Smeargle|56/272 psn|[from] psn\n|-damage|p2a: Hydrapple|264/319 psn|[from] psn\n|upkeep\n|turn|18\n|inactive|marco365 has 120 seconds left.\n|\n|t:|1771228394\n|move|p1a: Alomomola|Helping Hand|p1b: Toxapex\n|-singleturn|p1b: Toxapex|Helping Hand|[of] p1a: Alomomola\n|move|p2b: Smeargle|Population Bomb|p1a: Alomomola\n|-damage|p1a: Alomomola|0 fnt\n|faint|p1a: Alomomola\n|-hitcount|p1: Alomomola|1\n|move|p2a: Hydrapple|Earth Power|p1b: Toxapex\n|-supereffective|p1b: Toxapex\n|-damage|p1b: Toxapex|74/241\n|move|p1b: Toxapex|Infestation|p2a: Hydrapple\n|-supereffective|p2a: Hydrapple\n|-damage|p2a: Hydrapple|230/319 psn\n|-activate|p2a: Hydrapple|move: Infestation|[of] p1b: Toxapex\n|\n|-heal|p1b: Toxapex|89/241|[from] item: Leftovers\n|-damage|p2b: Smeargle|22/272 psn|[from] psn\n|-damage|p2a: Hydrapple|191/319 psn|[from] psn\n|-damage|p2a: Hydrapple|152/319 psn|[from] move: Infestation|[partiallytrapped]\n|upkeep\n|inactive|yannick69 has 120 seconds left.\n|\n|t:|1771228413\n|switch|p1a: Cryogonal|Cryogonal, L88|213/284\n|-damage|p1a: Cryogonal|142/284|[from] Stealth Rock\n|-enditem|p1a: Cryogonal|Sitrus Berry|[eat]\n|-heal|p1a: Cryogonal|213/284|[from] item: Sitrus Berry\n|turn|19\n|inactive|marco365 has 120 seconds left.\n|\n|t:|1771228429\n|move|p2b: Smeargle|Population Bomb|p1a: Cryogonal\n|-damage|p1a: Cryogonal|173/284\n|-damage|p1a: Cryogonal|134/284\n|-damage|p1a: Cryogonal|97/284\n|-damage|p1a: Cryogonal|60/284\n|-damage|p1a: Cryogonal|21/284\n|-damage|p1a: Cryogonal|0 fnt\n|faint|p1a: Cryogonal\n|-hitcount|p1: Cryogonal|6\n|move|p2a: Hydrapple|Earth Power|p1b: Toxapex\n|-supereffective|p1b: Toxapex\n|-damage|p1b: Toxapex|0 fnt\n|faint|p1b: Toxapex\n|\n|win|marco365\n|raw|yannick69's rating: 1718 &rarr; <strong>1701</strong><br />(-17 for losing)\n|raw|marco365's rating: 1775 &rarr; <strong>1792</strong><br />(+17 for winning)\n|l|☆yannick69\n|player|p1|\n", "inputlog": ">version 686819e5e19f8a7fd2345cfc5a08a5085efa2cc3\n>start {\"formatid\":\"gen9randomdoublesbattle\",\"seed\":\"sodium,0e4f3ed505ca20390a3fcafa7e29bcb4\",\"rated\":\"Rated battle\"}\n>player p1 {\"name\":\"yannick69\",\"avatar\":\"hiker-gen4\",\"rating\":1718,\"seed\":\"sodium,b427fdf9f1bd2e7c650f1f38e1f02a26\"}\n>player p2 {\"name\":\"marco365\",\"avatar\":\"lucian\",\"rating\":1775,\"seed\":\"sodium,c6ff8d699c2e7ed6cb93df5f7b93f8ff\"}\n>p1 move poisonjab +1 terastallize, move icywind\n>p2 move gigadrain +2, switch 4\n>p1 move protect, switch 4\n>p2 move gigadrain +2, move fakeout +1\n>p1 move knockoff +2, move toxicspikes\n>p2 switch 6, move encore +2\n>p1 move closecombat +1, switch 4\n>p2 move thunderwave +1, move gigatonhammer +1\n>p1 switch 6, pass\n>p1 move fakeout +2, move scald +1\n>p2 move thunderwave +1, move encore +1\n>p1 move trickroom, move scald +1\n>p2 move thunderwave +1, move playrough +2\n>p2 switch 6, pass\n>p1 move psychic +1, switch 4\n>p2 move leafstorm +1, move gigatonhammer +1\n>p1 move psychic +1, move pollenpuff -1\n>p2 move leafstorm +1, move playrough +2\n>p1 switch 5, pass\n>p1 move infestation +2, move hurricane +1\n>p2 switch 3, move encore +1\n>p1 move infestation +1, switch 4\n>p2 move stealthrock, move gigatonhammer +2\n>p1 switch 3, move scald +1\n>p2 move protect, move playrough +2\n>p1 switch 3, move scald +2\n>p2 move stoneedge +1, switch 4\n>p1 move banefulbunker, move icywind\n>p2 move stoneedge +1, move finalgambit +1\n>p1 move recover, move flipturn +1\n>p2 move stoneedge +1, move finalgambit +1\n>p1 pass, switch 4\n>p2 switch 4, switch 5\n>p1 move infestation +1, move pollenpuff +2\n>p2 move encore +1, move noretreat\n>p1 switch 4, move pollenpuff +2\n>p2 move gigatonhammer +2, move populationbomb +2\n>p1 pass, switch 4\n>p1 move scald +1, move banefulbunker\n>p2 switch 3, move populationbomb +1\n>p1 move helpinghand -2, move infestation +1\n>p2 move earthpower +2, move populationbomb +1\n>p1 switch 3, pass\n>p1 move freezedry +1, move recover\n>p2 move earthpower +2, move populationbomb +1", "uploadtime": 1771228457, "views": 25, "formatid": "gen9randomdoublesbattle", "rating": 1701, "private": 0, "password": null}