{"id": "gen9randomdoublesbattle-2536258756", "format": "[Gen 9] Random Doubles Battle", "players": ["theunluckyspirit", "thebatcaves"], "log": "|j|☆theunluckyspirit\n|j|☆thebatcaves\n|t:|1770668620\n|gametype|doubles\n|player|p1|theunluckyspirit|cynthia-gen4|1746\n|player|p2|thebatcaves|blue|1893\n|gen|9\n|tier|[Gen 9] Random Doubles Battle\n|rated|\n|rule|Species Clause: Limit one of each Pokémon\n|rule|HP Percentage Mod: HP is shown in percentages\n|rule|Illusion Level Mod: Illusion disguises the Pokémon's true level\n|rule|Sleep Clause Mod: Limit one foe put to sleep\n|\n|t:|1770668620\n|teamsize|p1|6\n|teamsize|p2|6\n|start\n|switch|p1a: Bruxish|Bruxish, L86, M|257/257\n|switch|p1b: Regigigas|Regigigas, L86|329/329\n|switch|p2a: Honchkrow|Honchkrow, L85, M|309/309\n|switch|p2b: Zapdos|Zapdos, L77|265/265\n|-start|p1b: Regigigas|ability: Slow Start\n|turn|1\n|\n|t:|1770668633\n|switch|p1a: Qwilfish|Qwilfish, L87, F|255/255\n|-ability|p1a: Qwilfish|Intimidate|boost\n|-unboost|p2a: Honchkrow|atk|1\n|-unboost|p2b: Zapdos|atk|1\n|move|p2b: Zapdos|Thunderbolt|p1a: Qwilfish\n|-supereffective|p1a: Qwilfish\n|-damage|p1a: Qwilfish|7/255\n|-enditem|p1a: Qwilfish|Sitrus Berry|[eat]\n|-heal|p1a: Qwilfish|70/255|[from] item: Sitrus Berry\n|move|p2a: Honchkrow|Brave Bird|p1b: Regigigas\n|-crit|p1b: Regigigas\n|-damage|p1b: Regigigas|91/329\n|-damage|p2a: Honchkrow|230/309|[from] Recoil\n|-damage|p2a: Honchkrow|200/309|[from] item: Life Orb\n|move|p1b: Regigigas|Substitute|p1b: Regigigas\n|-start|p1b: Regigigas|Substitute\n|-damage|p1b: Regigigas|9/329\n|\n|-heal|p1b: Regigigas|29/329|[from] item: Leftovers\n|upkeep\n|turn|2\n|\n|t:|1770668673\n|switch|p1a: Bruxish|Bruxish, L86, M|257/257\n|move|p1b: Regigigas|Protect|p1b: Regigigas\n|-singleturn|p1b: Regigigas|Protect\n|move|p2b: Zapdos|Thunderbolt|p1a: Bruxish\n|-supereffective|p1a: Bruxish\n|-damage|p1a: Bruxish|15/257\n|move|p2a: Honchkrow|Heat Wave|p1a: Bruxish|[spread] p1a\n|-activate|p1b: Regigigas|move: Protect\n|-resisted|p1a: Bruxish\n|-damage|p1a: Bruxish|0 fnt\n|faint|p1a: Bruxish\n|-ability|p2a: Honchkrow|Moxie|boost\n|-boost|p2a: Honchkrow|atk|1\n|-damage|p2a: Honchkrow|170/309|[from] item: Life Orb\n|\n|-heal|p1b: Regigigas|49/329|[from] item: Leftovers\n|upkeep\n|\n|t:|1770668683\n|switch|p1a: Dragapult|Dragapult, L79, M|269/269\n|turn|3\n|\n|t:|1770668703\n|move|p1a: Dragapult|Protect|p1a: Dragapult\n|-singleturn|p1a: Dragapult|Protect\n|move|p2b: Zapdos|Thunderbolt|p1b: Regigigas\n|-end|p1b: Regigigas|Substitute\n|move|p2a: Honchkrow|Brave Bird|p1b: Regigigas\n|-damage|p1b: Regigigas|0 fnt\n|faint|p1b: Regigigas\n|-ability|p2a: Honchkrow|Moxie|boost\n|-boost|p2a: Honchkrow|atk|1\n|-damage|p2a: Honchkrow|154/309|[from] Recoil\n|-damage|p2a: Honchkrow|124/309|[from] item: Life Orb\n|\n|upkeep\n|\n|t:|1770668712\n|switch|p1b: Qwilfish|Qwilfish, L87, F|70/255\n|-ability|p1b: Qwilfish|Intimidate|boost\n|-unboost|p2a: Honchkrow|atk|1\n|-unboost|p2b: Zapdos|atk|1\n|turn|4\n|\n|t:|1770668720\n|switch|p1b: Iron Leaves|Iron Leaves, L81|278/278\n|-enditem|p1b: Iron Leaves|Booster Energy\n|-activate|p1b: Iron Leaves|ability: Quark Drive|[fromitem]\n|-start|p1b: Iron Leaves|quarkdriveatk\n|-terastallize|p1a: Dragapult|Dragon\n|move|p2a: Honchkrow|Sucker Punch|p1a: Dragapult\n|-damage|p1a: Dragapult|109/269\n|-damage|p2a: Honchkrow|94/309|[from] item: Life Orb\n|move|p1a: Dragapult|Dragon Darts|p2a: Honchkrow\n|-damage|p2a: Honchkrow|0 fnt\n|-anim|p1a: Dragapult|Dragon Darts|p2b: Zapdos\n|-damage|p2b: Zapdos|156/265\n|faint|p2a: Honchkrow\n|-damage|p1a: Dragapult|83/269|[from] item: Life Orb\n|move|p2b: Zapdos|Thunderbolt|p1b: Iron Leaves\n|-resisted|p1b: Iron Leaves\n|-damage|p1b: Iron Leaves|233/278\n|\n|upkeep\n|\n|t:|1770668733\n|switch|p2a: Clefable|Clefable, L87, F|307/307\n|turn|5\n|c|☆theunluckyspirit|those two kinda run through my team I'll be honest\n|\n|t:|1770668756\n|move|p2a: Clefable|Follow Me|p2a: Clefable\n|-singleturn|p2a: Clefable|move: Follow Me\n|move|p1a: Dragapult|Shadow Ball|p2a: Clefable\n|-damage|p2a: Clefable|213/307\n|-damage|p1a: Dragapult|57/269|[from] item: Life Orb\n|move|p1b: Iron Leaves|Psyblade|p2a: Clefable\n|-damage|p2a: Clefable|57/307\n|-damage|p1b: Iron Leaves|187/278|[from] item: Rocky Helmet|[of] p2a: Clefable\n|move|p2b: Zapdos|Tailwind|p2b: Zapdos\n|-sidestart|p2: thebatcaves|move: Tailwind\n|\n|upkeep\n|turn|6\n|\n|t:|1770668794\n|move|p2b: Zapdos|Hurricane|p1b: Iron Leaves\n|-supereffective|p1b: Iron Leaves\n|-damage|p1b: Iron Leaves|0 fnt\n|faint|p1b: Iron Leaves\n|-end|p1b: Iron Leaves|Quark Drive|[silent]\n|move|p2a: Clefable|Moonblast|p1a: Dragapult\n|-supereffective|p1a: Dragapult\n|-damage|p1a: Dragapult|0 fnt\n|faint|p1a: Dragapult\n|\n|upkeep\n|\n|t:|1770668797\n|switch|p1a: Cobalion|Cobalion, L79|273/273\n|switch|p1b: Qwilfish|Qwilfish, L87, F|70/255\n|-ability|p1b: Qwilfish|Intimidate|boost\n|-unboost|p2a: Clefable|atk|1\n|-unboost|p2b: Zapdos|atk|1\n|turn|7\n|c|☆theunluckyspirit|singular Pokémon not hit super effectively\n|c|☆theunluckyspirit|thanks randoms\n|c|☆theunluckyspirit|gg\n|\n|t:|1770668820\n|-terastallize|p2a: Clefable|Fire\n|move|p2b: Zapdos|Thunderbolt|p1b: Qwilfish\n|-supereffective|p1b: Qwilfish\n|-damage|p1b: Qwilfish|0 fnt\n|faint|p1b: Qwilfish\n|move|p2a: Clefable|Life Dew|p2a: Clefable|[spread] p2a,p2b\n|-heal|p2a: Clefable|134/307\n|-heal|p2b: Zapdos|222/265\n|move|p1a: Cobalion|Iron Head|p2a: Clefable\n|-resisted|p2a: Clefable\n|-damage|p2a: Clefable|95/307\n|-damage|p1a: Cobalion|228/273|[from] item: Rocky Helmet|[of] p2a: Clefable\n|\n|upkeep\n|turn|8\n|c|☆thebatcaves|gg\n|\n|t:|1770668835\n|move|p2b: Zapdos|Thunderbolt|p1a: Cobalion\n|-damage|p1a: Cobalion|104/273\n|-enditem|p1a: Cobalion|Sitrus Berry|[eat]\n|-heal|p1a: Cobalion|172/273|[from] item: Sitrus Berry\n|move|p2a: Clefable|Life Dew|p2a: Clefable|[spread] p2a,p2b\n|-heal|p2a: Clefable|172/307\n|-heal|p2b: Zapdos|265/265\n|move|p1a: Cobalion|Body Press|p2a: Clefable\n|-damage|p2a: Clefable|64/307\n|-damage|p1a: Cobalion|127/273|[from] item: Rocky Helmet|[of] p2a: Clefable\n|\n|-sideend|p2: thebatcaves|move: Tailwind\n|upkeep\n|turn|9\n|\n|t:|1770668852\n|switch|p2a: Dragalge|Dragalge, L88, F|258/258\n|move|p1a: Cobalion|Body Press|p2a: Dragalge\n|-resisted|p2a: Dragalge\n|-damage|p2a: Dragalge|213/258\n|move|p2b: Zapdos|Thunderbolt|p1a: Cobalion\n|-damage|p1a: Cobalion|12/273\n|\n|upkeep\n|turn|10\n|\n|t:|1770668861\n|move|p1a: Cobalion|Iron Head|p2a: Dragalge\n|-damage|p2a: Dragalge|140/258\n|move|p2b: Zapdos|Thunderbolt|p1a: Cobalion\n|-damage|p1a: Cobalion|0 fnt\n|faint|p1a: Cobalion\n|\n|win|thebatcaves\n|raw|theunluckyspirit's rating: 1746 &rarr; <strong>1734</strong><br />(-12 for losing)\n|raw|thebatcaves's rating: 1893 &rarr; <strong>1905</strong><br />(+12 for winning)\n", "inputlog": ">version ccdc32dd7cde25fd9e4bed64820e885f66e78a4e\n>start {\"formatid\":\"gen9randomdoublesbattle\",\"seed\":\"sodium,204a053b2aa5730388f6a94e217a731a\",\"rated\":\"Rated battle\"}\n>player p1 {\"name\":\"theunluckyspirit\",\"avatar\":\"cynthia-gen4\",\"rating\":1746,\"seed\":\"sodium,e140cde84b2699965369126c1f19f852\"}\n>player p2 {\"name\":\"thebatcaves\",\"avatar\":\"blue\",\"rating\":1893,\"seed\":\"sodium,404f40e80cffcccbd6132951ee3200cc\"}\n>p1 switch 4, move substitute\n>p2 move bravebird +2, move thunderbolt +1\n>p1 switch 4, move protect\n>p2 move heatwave, move thunderbolt +1\n>p1 switch 5, pass\n>p1 move protect, move bodyslam +1\n>p2 move bravebird +2, move thunderbolt +2\n>p1 pass, switch 4\n>p1 move dragondarts +1 terastallize, switch 6\n>p2 move suckerpunch +1, move thunderbolt +2\n>p2 switch 6, pass\n>chat ☆theunluckyspirit|those two kinda run through my team I'll be honest \n>p1 move shadowball +2, move psyblade +2\n>p2 move followme, move tailwind\n>p1 move shadowball +1, move psyblade +2\n>p2 move moonblast +1, move hurricane +2\n>p1 switch 3, switch 6\n>chat ☆theunluckyspirit|singular Pokémon not hit super effectively \n>chat ☆theunluckyspirit|thanks randoms \n>chat ☆theunluckyspirit|gg\n>p1 move ironhead +1, move icywind\n>p2 move lifedew terastallize, move thunderbolt +2\n>chat ☆thebatcaves|gg\n>p1 move bodypress +1, pass\n>p2 move lifedew, move thunderbolt +1\n>p1 move bodypress +1, pass\n>p2 switch 5, move thunderbolt +1\n>p1 move ironhead +1, pass\n>p2 move sludgebomb +1, move thunderbolt +1", "uploadtime": 1770668864, "views": 69, "formatid": "gen9randomdoublesbattle", "rating": 1734, "private": 0, "password": null}