{"id": "gen9randomdoublesbattle-2539933922", "format": "[Gen 9] Random Doubles Battle", "players": ["mexicanjazzlover", "pixel_dragon9"], "log": "|j|☆mexicanjazzlover\n|j|☆pixel_dragon9\n|t:|1771129405\n|gametype|doubles\n|player|p1|mexicanjazzlover|gentleman|1634\n|player|p2|pixel_dragon9|102|1725\n|gen|9\n|tier|[Gen 9] Random Doubles Battle\n|rated|\n|rule|Species Clause: Limit one of each Pokémon\n|rule|HP Percentage Mod: HP is shown in percentages\n|rule|Illusion Level Mod: Illusion disguises the Pokémon's true level\n|rule|Sleep Clause Mod: Limit one foe put to sleep\n|\n|t:|1771129405\n|teamsize|p1|6\n|teamsize|p2|6\n|start\n|switch|p1a: Dudunsparce|Dudunsparce-Three-Segment, L86, M|355/355\n|switch|p1b: Volcanion|Volcanion, L75|244/244\n|switch|p2a: Mamoswine|Mamoswine, L82, M|315/315\n|switch|p2b: Coalossal|Coalossal, L90, M|344/344\n|turn|1\n|inactive|Battle timer is ON: inactive players will automatically lose when time's up. (requested by pixel_dragon9)\n|inactive|mexicanjazzlover also wants the timer to be on.\n|\n|t:|1771129424\n|switch|p2b: Empoleon|Empoleon, L83, F|275/275\n|move|p2a: Mamoswine|High Horsepower|p1b: Volcanion\n|-supereffective|p1b: Volcanion\n|-damage|p1b: Volcanion|0 fnt\n|faint|p1b: Volcanion\n|-damage|p2a: Mamoswine|284/315|[from] item: Life Orb\n|move|p1a: Dudunsparce|Tailwind|p1a: Dudunsparce\n|-sidestart|p1: mexicanjazzlover|move: Tailwind\n|\n|upkeep\n|\n|t:|1771129448\n|switch|p1b: Arboliva|Arboliva, L88, F|281/281\n|turn|2\n|\n|t:|1771129475\n|move|p1a: Dudunsparce|Hyper Drill|p2a: Mamoswine\n|-damage|p2a: Mamoswine|166/315\n|move|p1b: Arboliva|Hyper Voice|p2a: Mamoswine|[spread] p2a,p2b\n|-resisted|p2b: Empoleon\n|-damage|p2a: Mamoswine|1/315\n|-damage|p2b: Empoleon|237/275\n|-damage|p1b: Arboliva|253/281|[from] item: Life Orb\n|move|p2a: Mamoswine|Icicle Crash|p1b: Arboliva\n|-supereffective|p1b: Arboliva\n|-damage|p1b: Arboliva|0 fnt\n|-fieldstart|move: Grassy Terrain|[from] ability: Seed Sower|[of] p1b: Arboliva\n|faint|p1b: Arboliva\n|-damage|p2a: Mamoswine|0 fnt|[from] item: Life Orb\n|faint|p2a: Mamoswine\n|move|p2b: Empoleon|Knock Off|p1a: Dudunsparce\n|-damage|p1a: Dudunsparce|291/355\n|-ability|p1a: Dudunsparce|Rattled|boost\n|-boost|p1a: Dudunsparce|spe|1\n|-enditem|p1a: Dudunsparce|Sitrus Berry|[from] move: Knock Off|[of] p2b: Empoleon\n|\n|-heal|p1a: Dudunsparce|313/355|[from] Grassy Terrain\n|-heal|p2b: Empoleon|254/275|[from] Grassy Terrain\n|upkeep\n|\n|t:|1771129497\n|switch|p2a: Cramorant|Cramorant, L86, F|261/261\n|switch|p1b: Gouging Fire|Gouging Fire, L75|281/281\n|turn|3\n|\n|t:|1771129515\n|move|p1a: Dudunsparce|Hyper Drill|p2a: Cramorant\n|-damage|p2a: Cramorant|99/261\n|-enditem|p2a: Cramorant|Sitrus Berry|[eat]\n|-heal|p2a: Cramorant|164/261|[from] item: Sitrus Berry\n|move|p1b: Gouging Fire|Dragon Claw|p2a: Cramorant\n|-damage|p2a: Cramorant|62/261\n|move|p2a: Cramorant|Surf|p1b: Gouging Fire|[spread] p2b,p1a,p1b\n|-formechange|p2a: Cramorant|Cramorant-Gorging|\n|-resisted|p2b: Empoleon\n|-damage|p2b: Empoleon|235/275\n|-damage|p1a: Dudunsparce|244/355\n|-damage|p1b: Gouging Fire|202/281\n|move|p2b: Empoleon|Knock Off|p1b: Gouging Fire\n|-damage|p1b: Gouging Fire|147/281\n|-enditem|p1b: Gouging Fire|Clear Amulet|[from] move: Knock Off|[of] p2b: Empoleon\n|\n|-heal|p1a: Dudunsparce|266/355|[from] Grassy Terrain\n|-heal|p1b: Gouging Fire|164/281|[from] Grassy Terrain\n|-heal|p2b: Empoleon|252/275|[from] Grassy Terrain\n|upkeep\n|turn|4\n|\n|t:|1771129532\n|move|p1a: Dudunsparce|Protect|p1a: Dudunsparce\n|-singleturn|p1a: Dudunsparce|Protect\n|move|p1b: Gouging Fire|Burning Bulwark|p1b: Gouging Fire\n|-singleturn|p1b: Gouging Fire|move: Protect\n|move|p2a: Cramorant|Protect|p2a: Cramorant\n|-singleturn|p2a: Cramorant|Protect\n|move|p2b: Empoleon|Hydro Pump|p1b: Gouging Fire\n|-activate|p1b: Gouging Fire|move: Protect\n|\n|-heal|p1a: Dudunsparce|288/355|[from] Grassy Terrain\n|-heal|p1b: Gouging Fire|181/281|[from] Grassy Terrain\n|-heal|p2b: Empoleon|269/275|[from] Grassy Terrain\n|-sideend|p1: mexicanjazzlover|move: Tailwind\n|upkeep\n|turn|5\n|\n|t:|1771129553\n|move|p1a: Dudunsparce|Tailwind|p1a: Dudunsparce\n|-sidestart|p1: mexicanjazzlover|move: Tailwind\n|move|p1b: Gouging Fire|Dragon Dance|p1b: Gouging Fire\n|-boost|p1b: Gouging Fire|atk|1\n|-boost|p1b: Gouging Fire|spe|1\n|move|p2a: Cramorant|Tailwind|p2a: Cramorant\n|-sidestart|p2: pixel_dragon9|move: Tailwind\n|move|p2b: Empoleon|Hydro Pump|p1b: Gouging Fire\n|-damage|p1b: Gouging Fire|36/281\n|\n|-heal|p1b: Gouging Fire|53/281|[from] Grassy Terrain\n|-heal|p1a: Dudunsparce|310/355|[from] Grassy Terrain\n|-heal|p2b: Empoleon|275/275|[from] Grassy Terrain\n|upkeep\n|turn|6\n|\n|t:|1771129567\n|move|p1b: Gouging Fire|Heat Crash|p2b: Empoleon\n|-damage|p2b: Empoleon|110/275\n|move|p1a: Dudunsparce|Hyper Drill|p2a: Cramorant\n|-damage|p2a: Cramorant|0 fnt\n|-damage|p1a: Dudunsparce|222/355|[from] ability: Gulp Missile|[of] p2a: Cramorant\n|-status|p1a: Dudunsparce|par\n|-formechange|p2a: Cramorant|Cramorant|\n|faint|p2a: Cramorant\n|move|p2b: Empoleon|Ice Beam|p1b: Gouging Fire\n|-damage|p1b: Gouging Fire|0 fnt\n|faint|p1b: Gouging Fire\n|-end|p1b: Gouging Fire|Protosynthesis|[silent]\n|\n|-heal|p2b: Empoleon|127/275|[from] Grassy Terrain\n|-heal|p1a: Dudunsparce|244/355 par|[from] Grassy Terrain\n|-fieldend|move: Grassy Terrain\n|upkeep\n|\n|t:|1771129577\n|switch|p2a: Pawmot|Pawmot, L80, F|243/243\n|switch|p1b: Hypno|Hypno, L95, F|315/315\n|turn|7\n|\n|t:|1771129588\n|move|p2a: Pawmot|Protect|p2a: Pawmot\n|-singleturn|p2a: Pawmot|Protect\n|move|p1b: Hypno|Psychic|p2a: Pawmot\n|-activate|p2a: Pawmot|move: Protect\n|move|p2b: Empoleon|Knock Off|p1b: Hypno\n|-supereffective|p1b: Hypno\n|-damage|p1b: Hypno|193/315\n|-enditem|p1b: Hypno|Sitrus Berry|[from] move: Knock Off|[of] p2b: Empoleon\n|move|p1a: Dudunsparce|Earth Power|p2a: Pawmot\n|-activate|p2a: Pawmot|move: Protect\n|\n|upkeep\n|turn|8\n|\n|t:|1771129605\n|move|p2a: Pawmot|Close Combat|p1a: Dudunsparce\n|-supereffective|p1a: Dudunsparce\n|-damage|p1a: Dudunsparce|0 fnt\n|-unboost|p2a: Pawmot|def|1\n|-unboost|p2a: Pawmot|spd|1\n|faint|p1a: Dudunsparce\n|-damage|p2a: Pawmot|219/243|[from] item: Life Orb\n|move|p1b: Hypno|Psychic|p2a: Pawmot\n|-supereffective|p2a: Pawmot\n|-damage|p2a: Pawmot|0 fnt\n|faint|p2a: Pawmot\n|move|p2b: Empoleon|Hydro Pump|p1b: Hypno\n|-damage|p1b: Hypno|99/315\n|\n|-sideend|p2: pixel_dragon9|move: Tailwind\n|-sideend|p1: mexicanjazzlover|move: Tailwind\n|upkeep\n|\n|t:|1771129610\n|switch|p2a: Calyrex|Calyrex-Shadow, L63|231/231\n|switch|p1a: Chien-Pao|Chien-Pao, L75|244/244\n|-ability|p2a: Calyrex|As One\n|-ability|p2a: Calyrex|Unnerve\n|-ability|p1a: Chien-Pao|Sword of Ruin\n|turn|9\n|\n|t:|1771129627\n|move|p2a: Calyrex|Protect|p2a: Calyrex\n|-singleturn|p2a: Calyrex|Protect\n|move|p1a: Chien-Pao|Sucker Punch||[still]\n|-fail|p1a: Chien-Pao\n|move|p1b: Hypno|Knock Off|p2b: Empoleon\n|-damage|p2b: Empoleon|30/275\n|-enditem|p2b: Empoleon|Assault Vest|[from] move: Knock Off|[of] p1b: Hypno\n|move|p2b: Empoleon|Flash Cannon|p1a: Chien-Pao\n|-supereffective|p1a: Chien-Pao\n|-damage|p1a: Chien-Pao|0 fnt\n|faint|p1a: Chien-Pao\n|\n|upkeep\n|turn|10\n|-message|mexicanjazzlover forfeited.\n|\n|win|pixel_dragon9\n|raw|mexicanjazzlover's rating: 1634 &rarr; <strong>1619</strong><br />(-15 for losing)\n|raw|pixel_dragon9's rating: 1725 &rarr; <strong>1740</strong><br />(+15 for winning)\n|l|☆mexicanjazzlover\n|player|p1|\n", "inputlog": ">version 686819e5e19f8a7fd2345cfc5a08a5085efa2cc3\n>start {\"formatid\":\"gen9randomdoublesbattle\",\"seed\":\"sodium,0fe5d1a0188d3706b0e3a87d58ff2796\",\"rated\":\"Rated battle\"}\n>player p1 {\"name\":\"mexicanjazzlover\",\"avatar\":\"gentleman\",\"rating\":1634,\"seed\":\"sodium,e12d7aa075fb4def46c418279c3cbb76\"}\n>player p2 {\"name\":\"pixel_dragon9\",\"avatar\":\"102\",\"rating\":1725,\"seed\":\"sodium,e4a96cb633e73512dee9583b83d5df79\"}\n>p1 move tailwind, move steameruption +2\n>p2 move highhorsepower +2, switch 4\n>p1 pass, switch 6\n>p1 move hyperdrill +1, move hypervoice\n>p2 move iciclecrash +2, move knockoff +2\n>p1 pass, switch 4\n>p2 switch 5, pass\n>p1 move hyperdrill +1, move dragonclaw +1\n>p2 move surf, move knockoff +2\n>p1 move protect, move burningbulwark\n>p2 move protect, move hydropump +2\n>p1 move tailwind, move dragondance\n>p2 move tailwind, move hydropump +2\n>p1 move hyperdrill +1, move heatcrash +2\n>p2 move bravebird +1, move icebeam +2\n>p1 pass, switch 5\n>p2 switch 3, pass\n>p1 move earthpower +1, move psychic +1\n>p2 move protect, move knockoff +2\n>p1 move earthpower +1, move psychic +1\n>p2 move closecombat +1, move hydropump +2\n>p1 switch 3, pass\n>p2 switch 6, pass\n>p1 move suckerpunch +1, move knockoff +2\n>p2 move protect, move flashcannon +1\n>forcelose p1", "uploadtime": 1771129634, "views": 65, "formatid": "gen9randomdoublesbattle", "rating": 1619, "private": 0, "password": null}