{"id": "gen9randomdoublesbattle-2539309155", "format": "[Gen 9] Random Doubles Battle", "players": ["r4ndall", "Maltyy"], "log": "|j|☆r4ndall\n|j|☆Maltyy\n|t:|1771036383\n|gametype|doubles\n|player|p1|r4ndall|alder|1522\n|player|p2|Maltyy|170|1606\n|gen|9\n|tier|[Gen 9] Random Doubles Battle\n|rated|\n|rule|Species Clause: Limit one of each Pokémon\n|rule|HP Percentage Mod: HP is shown in percentages\n|rule|Illusion Level Mod: Illusion disguises the Pokémon's true level\n|rule|Sleep Clause Mod: Limit one foe put to sleep\n|\n|t:|1771036383\n|teamsize|p1|6\n|teamsize|p2|6\n|start\n|switch|p1a: Deoxys|Deoxys-Defense, L88|231/231\n|switch|p1b: Zarude|Zarude-Dada, L80|299/299\n|switch|p2a: Munkidori|Munkidori, L80, M|272/272\n|switch|p2b: Appletun|Appletun, L92, F|352/352\n|-ability|p1a: Deoxys|Pressure\n|turn|1\n|inactive|Battle timer is ON: inactive players will automatically lose when time's up. (requested by r4ndall)\n|inactive|Maltyy has 120 seconds left.\n|\n|t:|1771036425\n|move|p2a: Munkidori|Protect|p2a: Munkidori\n|-singleturn|p2a: Munkidori|Protect\n|move|p1b: Zarude|Knock Off|p2a: Munkidori\n|-activate|p2a: Munkidori|move: Protect\n|move|p1a: Deoxys|Knock Off|p2b: Appletun\n|-damage|p2b: Appletun|290/352\n|-enditem|p2b: Appletun|Sitrus Berry|[from] move: Knock Off|[of] p1a: Deoxys\n|move|p2b: Appletun|Dragon Pulse|p1b: Zarude\n|-damage|p1b: Zarude|190/299\n|\n|upkeep\n|turn|2\n|\n|t:|1771036451\n|move|p2a: Munkidori|Sludge Bomb|p1b: Zarude\n|-supereffective|p1b: Zarude\n|-damage|p1b: Zarude|0 fnt\n|faint|p1b: Zarude\n|-damage|p2a: Munkidori|245/272|[from] item: Life Orb\n|move|p1a: Deoxys|Icy Wind|p2a: Munkidori|[spread] p2a,p2b\n|-supereffective|p2b: Appletun\n|-damage|p2a: Munkidori|217/272\n|-damage|p2b: Appletun|242/352\n|-unboost|p2a: Munkidori|spe|1\n|-unboost|p2b: Appletun|spe|1\n|move|p2b: Appletun|Leech Seed|p1a: Deoxys\n|-start|p1a: Deoxys|move: Leech Seed\n|\n|-damage|p1a: Deoxys|203/231|[from] Leech Seed|[of] p2b: Appletun\n|-heal|p2b: Appletun|270/352|[silent]\n|upkeep\n|inactive|r4ndall has 120 seconds left.\n|\n|t:|1771036490\n|switch|p1b: Chimecho|Chimecho, L94, F|293/293\n|turn|3\n|inactive|r4ndall has 120 seconds left.\n|inactive|Maltyy has 120 seconds left.\n|inactive|r4ndall has 90 seconds left.\n|\n|t:|1771036536\n|move|p2a: Munkidori|Protect|p2a: Munkidori\n|-singleturn|p2a: Munkidori|Protect\n|move|p1a: Deoxys|Spikes|p2b: Appletun\n|-sidestart|p2: Maltyy|Spikes\n|move|p1b: Chimecho|Psychic|p2a: Munkidori\n|-activate|p2a: Munkidori|move: Protect\n|move|p2b: Appletun|Leech Seed|p1b: Chimecho\n|-start|p1b: Chimecho|move: Leech Seed\n|\n|-damage|p1a: Deoxys|175/231|[from] Leech Seed|[of] p2b: Appletun\n|-heal|p2b: Appletun|298/352|[silent]\n|-damage|p1b: Chimecho|257/293|[from] Leech Seed|[of] p2b: Appletun\n|-heal|p2b: Appletun|334/352|[silent]\n|upkeep\n|turn|4\n|inactive|Maltyy has 120 seconds left.\n|inactive|r4ndall has 90 seconds left.\n|\n|t:|1771036581\n|switch|p2a: Reshiram|Reshiram, L72|263/263\n|-damage|p2a: Reshiram|231/263|[from] Spikes\n|-ability|p2a: Reshiram|Turboblaze\n|move|p1a: Deoxys|Knock Off|p2a: Reshiram\n|-damage|p2a: Reshiram|172/263\n|-enditem|p2a: Reshiram|Life Orb|[from] move: Knock Off|[of] p1a: Deoxys\n|move|p1b: Chimecho|Psychic|p2a: Reshiram\n|-damage|p2a: Reshiram|70/263\n|move|p2b: Appletun|Apple Acid|p1b: Chimecho\n|-damage|p1b: Chimecho|164/293\n|-unboost|p1b: Chimecho|spd|1\n|\n|-damage|p1a: Deoxys|147/231|[from] Leech Seed|[of] p2b: Appletun\n|-heal|p2b: Appletun|352/352|[silent]\n|-damage|p1b: Chimecho|128/293|[from] Leech Seed|[of] p2b: Appletun\n|upkeep\n|-enditem|p1b: Chimecho|Sitrus Berry|[eat]\n|-heal|p1b: Chimecho|201/293|[from] item: Sitrus Berry\n|turn|5\n|inactive|Maltyy has 90 seconds left.\n|\n|t:|1771036618\n|move|p1a: Deoxys|Spikes|p2a: Reshiram\n|-sidestart|p2: Maltyy|Spikes\n|move|p1b: Chimecho|Psychic|p2a: Reshiram\n|-damage|p2a: Reshiram|0 fnt\n|faint|p2a: Reshiram\n|move|p2b: Appletun|Apple Acid|p1b: Chimecho\n|-damage|p1b: Chimecho|66/293\n|-unboost|p1b: Chimecho|spd|1\n|\n|-damage|p1a: Deoxys|119/231|[from] Leech Seed|[of] p2b: Appletun\n|-damage|p1b: Chimecho|30/293|[from] Leech Seed|[of] p2b: Appletun\n|upkeep\n|\n|t:|1771036634\n|switch|p2a: Munkidori|Munkidori, L80, M|217/272\n|-damage|p2a: Munkidori|172/272|[from] Spikes\n|turn|6\n|inactive|r4ndall has 120 seconds left.\n|\n|t:|1771036650\n|move|p2a: Munkidori|Protect|p2a: Munkidori\n|-singleturn|p2a: Munkidori|Protect\n|move|p1a: Deoxys|Icy Wind|p2a: Munkidori|[spread] p2b\n|-activate|p2a: Munkidori|move: Protect\n|-supereffective|p2b: Appletun\n|-damage|p2b: Appletun|304/352\n|-unboost|p2b: Appletun|spe|1\n|move|p1b: Chimecho|Psychic|p2a: Munkidori\n|-activate|p2a: Munkidori|move: Protect\n|move|p2b: Appletun|Apple Acid|p1a: Deoxys\n|-damage|p1a: Deoxys|53/231\n|-unboost|p1a: Deoxys|spd|1\n|-enditem|p1a: Deoxys|Sitrus Berry|[eat]\n|-heal|p1a: Deoxys|110/231|[from] item: Sitrus Berry\n|\n|-damage|p1a: Deoxys|82/231|[from] Leech Seed|[of] p2b: Appletun\n|-heal|p2b: Appletun|332/352|[silent]\n|-damage|p1b: Chimecho|0 fnt|[from] Leech Seed|[of] p2b: Appletun\n|-heal|p2b: Appletun|352/352|[silent]\n|faint|p1b: Chimecho\n|upkeep\n|\n|t:|1771036657\n|switch|p1b: Trevenant|Trevenant, L88, M|293/293\n|turn|7\n|inactive|Maltyy has 120 seconds left.\n|\n|t:|1771036683\n|switch|p2a: Braviary|Braviary, L82, M|298/298\n|switch|p1a: Scizor|Scizor, L80, M|243/243\n|move|p1b: Trevenant|Poltergeist|p2a: Braviary\n|-immune|p2a: Braviary\n|move|p2b: Appletun|Apple Acid|p1a: Scizor\n|-resisted|p1a: Scizor\n|-damage|p1a: Scizor|212/243\n|-unboost|p1a: Scizor|spd|1\n|\n|upkeep\n|turn|8\n|inactive|Maltyy has 120 seconds left.\n|\n|t:|1771036713\n|switch|p1b: Pincurchin|Pincurchin, L97, F|250/250\n|-fieldstart|move: Electric Terrain|[from] ability: Electric Surge|[of] p1b: Pincurchin\n|switch|p2b: Ninetales|Ninetales-Alola, L75, F|233/233\n|-damage|p2b: Ninetales|195/233|[from] Spikes\n|-weather|Snowscape|[from] ability: Snow Warning|[of] p2b: Ninetales\n|move|p2a: Braviary|Brave Bird|p1a: Scizor\n|-damage|p1a: Scizor|33/243\n|-damage|p2a: Braviary|239/298|[from] Recoil\n|-damage|p2a: Braviary|210/298|[from] item: Life Orb\n|move|p1a: Scizor|Bug Bite|p2b: Ninetales\n|-resisted|p2b: Ninetales\n|-damage|p2b: Ninetales|130/233\n|\n|-weather|Snowscape|[upkeep]\n|upkeep\n|turn|9\n|inactive|Maltyy has 120 seconds left.\n|\n|t:|1771036739\n|switch|p1a: Deoxys|Deoxys-Defense, L88|82/231\n|-ability|p1a: Deoxys|Pressure\n|move|p2b: Ninetales|Protect|p2b: Ninetales\n|-singleturn|p2b: Ninetales|Protect\n|move|p2a: Braviary|Brave Bird|p1a: Deoxys\n|-damage|p1a: Deoxys|0 fnt\n|faint|p1a: Deoxys\n|-damage|p2a: Braviary|183/298|[from] Recoil\n|-damage|p2a: Braviary|154/298|[from] item: Life Orb\n|move|p1b: Pincurchin|Electroweb|p2b: Ninetales|[spread] p2a\n|-activate|p2b: Ninetales|move: Protect\n|-supereffective|p2a: Braviary\n|-damage|p2a: Braviary|2/298\n|-unboost|p2a: Braviary|spe|1\n|-ability|p2a: Braviary|Defiant|boost\n|-boost|p2a: Braviary|atk|2\n|\n|-weather|Snowscape|[upkeep]\n|upkeep\n|inactive|r4ndall has 120 seconds left.\n|\n|t:|1771036758\n|switch|p1a: Scizor|Scizor, L80, M|33/243\n|turn|10\n|\n|t:|1771036771\n|switch|p2b: Tentacruel|Tentacruel, L85, F|275/275\n|-damage|p2b: Tentacruel|230/275|[from] Spikes\n|move|p1a: Scizor|Bullet Punch|p2b: Tentacruel\n|-resisted|p2b: Tentacruel\n|-damage|p2b: Tentacruel|161/275\n|move|p2a: Braviary|Brave Bird|p1a: Scizor\n|-damage|p1a: Scizor|0 fnt\n|faint|p1a: Scizor\n|-damage|p2a: Braviary|0 fnt|[from] Recoil\n|faint|p2a: Braviary\n|move|p1b: Pincurchin|Thunderbolt|p2b: Tentacruel\n|-supereffective|p2b: Tentacruel\n|-damage|p2b: Tentacruel|0 fnt\n|faint|p2b: Tentacruel\n|\n|-weather|Snowscape|[upkeep]\n|upkeep\n|inactive|Maltyy has 120 seconds left.\n|\n|t:|1771036794\n|switch|p2b: Munkidori|Munkidori, L80, M|172/272\n|switch|p2a: Ninetales|Ninetales-Alola, L75, F|130/233\n|switch|p1a: Trevenant|Trevenant, L88, M|293/293\n|-damage|p2b: Munkidori|127/272|[from] Spikes\n|-damage|p2a: Ninetales|92/233|[from] Spikes\n|turn|11\n|\n|t:|1771036820\n|-terastallize|p1a: Trevenant|Water\n|move|p2b: Munkidori|Sludge Bomb|p1a: Trevenant\n|-damage|p1a: Trevenant|157/293\n|-status|p1a: Trevenant|psn\n|-damage|p2b: Munkidori|100/272|[from] item: Life Orb\n|move|p2a: Ninetales|Blizzard|p1b: Pincurchin|[spread] p1a,p1b\n|-resisted|p1a: Trevenant\n|-damage|p1a: Trevenant|124/293 psn\n|-damage|p1b: Pincurchin|193/250\n|-enditem|p1a: Trevenant|Sitrus Berry|[eat]\n|-heal|p1a: Trevenant|197/293 psn|[from] item: Sitrus Berry\n|move|p1a: Trevenant|Poltergeist|p2b: Munkidori\n|-activate|p2b: Munkidori|move: Poltergeist|Life Orb\n|-supereffective|p2b: Munkidori\n|-damage|p2b: Munkidori|0 fnt\n|faint|p2b: Munkidori\n|move|p1b: Pincurchin|Thunderbolt|p2a: Ninetales\n|-damage|p2a: Ninetales|0 fnt\n|faint|p2a: Ninetales\n|\n|-weather|Snowscape|[upkeep]\n|-damage|p1a: Trevenant|161/293 psn|[from] psn\n|-item|p1a: Trevenant|Sitrus Berry|[from] ability: Harvest\n|upkeep\n|\n|t:|1771036836\n|switch|p2a: Appletun|Appletun, L92, F|352/352\n|-damage|p2a: Appletun|294/352|[from] Spikes\n|turn|12\n|\n|t:|1771036859\n|move|p2a: Appletun|Apple Acid|p1b: Pincurchin\n|-damage|p1b: Pincurchin|100/250\n|-unboost|p1b: Pincurchin|spd|1\n|-enditem|p1b: Pincurchin|Sitrus Berry|[eat]\n|-heal|p1b: Pincurchin|162/250|[from] item: Sitrus Berry\n|move|p1b: Pincurchin|Thunderbolt|p2a: Appletun\n|-resisted|p2a: Appletun\n|-damage|p2a: Appletun|254/352\n|move|p1a: Trevenant|Trick Room|p1a: Trevenant\n|-fieldstart|move: Trick Room|[of] p1a: Trevenant\n|\n|-weather|none\n|-damage|p1a: Trevenant|125/293 psn|[from] psn\n|-fieldend|move: Electric Terrain\n|upkeep\n|-enditem|p1a: Trevenant|Sitrus Berry|[eat]\n|-heal|p1a: Trevenant|198/293 psn|[from] item: Sitrus Berry\n|turn|13\n|\n|t:|1771036881\n|move|p1b: Pincurchin|Thunderbolt|p2a: Appletun\n|-resisted|p2a: Appletun\n|-damage|p2a: Appletun|223/352\n|-status|p2a: Appletun|par\n|move|p2a: Appletun|Apple Acid|p1b: Pincurchin\n|-damage|p1b: Pincurchin|18/250\n|-unboost|p1b: Pincurchin|spd|1\n|move|p1a: Trevenant|Wood Hammer|p2a: Appletun\n|-resisted|p2a: Appletun\n|-damage|p2a: Appletun|188/352 par\n|-damage|p1a: Trevenant|186/293 psn|[from] Recoil\n|\n|-damage|p1a: Trevenant|150/293 psn|[from] psn\n|-item|p1a: Trevenant|Sitrus Berry|[from] ability: Harvest\n|upkeep\n|turn|14\n|\n|t:|1771036899\n|move|p2a: Appletun|Apple Acid|p1b: Pincurchin\n|-damage|p1b: Pincurchin|0 fnt\n|faint|p1b: Pincurchin\n|move|p1a: Trevenant|Wood Hammer|p2a: Appletun\n|-resisted|p2a: Appletun\n|-damage|p2a: Appletun|151/352 par\n|-damage|p1a: Trevenant|138/293 psn|[from] Recoil\n|-enditem|p1a: Trevenant|Sitrus Berry|[eat]\n|-heal|p1a: Trevenant|211/293 psn|[from] item: Sitrus Berry\n|\n|-damage|p1a: Trevenant|175/293 psn|[from] psn\n|upkeep\n|turn|15\n|-message|r4ndall forfeited.\n|\n|win|Maltyy\n|raw|r4ndall's rating: 1522 &rarr; <strong>1507</strong><br />(-15 for losing)\n|raw|Maltyy's rating: 1606 &rarr; <strong>1621</strong><br />(+15 for winning)\n|l|☆r4ndall\n|player|p1|\n", "inputlog": ">version ccdc32dd7cde25fd9e4bed64820e885f66e78a4e\n>start {\"formatid\":\"gen9randomdoublesbattle\",\"seed\":\"sodium,4c4e8ebcf580f8692db771e0929250d3\",\"rated\":\"Rated battle\"}\n>player p1 {\"name\":\"r4ndall\",\"avatar\":\"alder\",\"rating\":1522,\"seed\":\"sodium,441b53d10cef7437e0adf757271a32d0\"}\n>player p2 {\"name\":\"Maltyy\",\"avatar\":\"170\",\"rating\":1606,\"seed\":\"sodium,c9e196c77d376070cc5cd2b351847e68\"}\n>p1 move knockoff +2, move knockoff +1\n>p2 move protect, move dragonpulse +2\n>p1 move icywind, move knockoff +1\n>p2 move sludgebomb +2, move leechseed +1\n>p1 pass, switch 4\n>p1 move spikes, move psychic +1\n>p2 move protect, move leechseed +2\n>p1 move knockoff +1, move psychic +1\n>p2 switch 4, move appleacid +2\n>p1 move spikes, move psychic +1\n>p2 move tailwind, move appleacid +2\n>p2 switch 4, pass\n>p1 move icywind, move psychic +1\n>p2 move protect, move appleacid +1\n>p1 pass, switch 5\n>p1 switch 6, move poltergeist +1\n>p2 switch 6, move appleacid +1\n>p1 move bugbite +2, switch 3\n>p2 move bravebird +1, switch 3\n>p1 switch 6, move electroweb\n>p2 move bravebird +1, move protect\n>p1 switch 6, pass\n>p1 move bulletpunch +2, move thunderbolt +1\n>p2 move bravebird +1, switch 5\n>p1 switch 3, pass\n>p2 switch 5, switch 6\n>p1 move poltergeist +2 terastallize, move thunderbolt +1\n>p2 move blizzard, move sludgebomb +1\n>p2 switch 3, pass\n>p1 move trickroom, move thunderbolt +1\n>p2 move appleacid +2, pass\n>p1 move woodhammer +1, move thunderbolt +1\n>p2 move appleacid +2, pass\n>p1 move woodhammer +1, move thunderbolt +1\n>p2 move appleacid +2, pass\n>forcelose p1", "uploadtime": 1771036907, "views": 80, "formatid": "gen9randomdoublesbattle", "rating": 1507, "private": 0, "password": null}