{"id": "gen9randomdoublesbattle-2540832348", "format": "[Gen 9] Random Doubles Battle", "players": ["Secret Drug Dealer", "SilasUnmuth"], "log": "|j|☆Secret Drug Dealer\n|j|☆SilasUnmuth\n|t:|1771258669\n|gametype|doubles\n|player|p1|Secret Drug Dealer|wallace|1756\n|player|p2|SilasUnmuth|acetrainerf-gen4dp|1721\n|gen|9\n|tier|[Gen 9] Random Doubles Battle\n|rated|\n|rule|Species Clause: Limit one of each Pokémon\n|rule|HP Percentage Mod: HP is shown in percentages\n|rule|Illusion Level Mod: Illusion disguises the Pokémon's true level\n|rule|Sleep Clause Mod: Limit one foe put to sleep\n|\n|t:|1771258669\n|teamsize|p1|6\n|teamsize|p2|6\n|start\n|switch|p1a: Charizard|Charizard, L82, M|262/262\n|switch|p1b: Florges|Florges-White, L84, F|268/268\n|switch|p2a: Tauros|Tauros-Paldea-Aqua, L80, M|251/251\n|switch|p2b: Reuniclus|Reuniclus, L84, F|322/322\n|-ability|p2a: Tauros|Intimidate|boost\n|-unboost|p1a: Charizard|atk|1\n|-unboost|p1b: Florges|atk|1\n|turn|1\n|\n|t:|1771258702\n|switch|p2a: Diancie|Diancie, L77|204/204\n|move|p1a: Charizard|Will-O-Wisp|p2a: Diancie\n|-status|p2a: Diancie|brn\n|move|p1b: Florges|Calm Mind|p1b: Florges\n|-boost|p1b: Florges|spa|1\n|-boost|p1b: Florges|spd|1\n|move|p2b: Reuniclus|Trick Room|p2b: Reuniclus\n|-fieldstart|move: Trick Room|[of] p2b: Reuniclus\n|\n|-damage|p2a: Diancie|192/204 brn|[from] brn\n|upkeep\n|turn|2\n|\n|t:|1771258739\n|switch|p1a: Amoonguss|Amoonguss, L86, M|336/336\n|move|p2b: Reuniclus|Psychic|p1a: Amoonguss\n|-supereffective|p1a: Amoonguss\n|-damage|p1a: Amoonguss|8/336\n|move|p2a: Diancie|Diamond Storm|p1b: Florges|[spread] p1a,p1b\n|-damage|p1a: Amoonguss|0 fnt\n|-damage|p1b: Florges|229/268\n|faint|p1a: Amoonguss\n|move|p1b: Florges|Moonblast|p2b: Reuniclus\n|-damage|p2b: Reuniclus|135/322\n|\n|-heal|p1b: Florges|245/268|[from] item: Leftovers\n|-damage|p2a: Diancie|180/204 brn|[from] brn\n|upkeep\n|\n|t:|1771258761\n|switch|p1a: Magcargo|Magcargo, L93, F|262/262\n|turn|3\n|\n|t:|1771258780\n|switch|p2a: Rhyperior|Rhyperior, L82, M|323/323\n|move|p1a: Magcargo|Protect|p1a: Magcargo\n|-singleturn|p1a: Magcargo|Protect\n|move|p2b: Reuniclus|Focus Blast|p1a: Magcargo\n|-activate|p1a: Magcargo|move: Protect\n|move|p1b: Florges|Moonblast|p2b: Reuniclus\n|-damage|p2b: Reuniclus|0 fnt\n|faint|p2b: Reuniclus\n|\n|-heal|p1b: Florges|261/268|[from] item: Leftovers\n|upkeep\n|\n|t:|1771258805\n|switch|p2b: Tauros|Tauros-Paldea-Aqua, L80, M|251/251\n|-ability|p2b: Tauros|Intimidate|boost\n|-unboost|p1a: Magcargo|atk|1\n|-unboost|p1b: Florges|atk|1\n|turn|4\n|\n|t:|1771258824\n|-terastallize|p1a: Magcargo|Grass\n|move|p2b: Tauros|Aqua Jet|p1a: Magcargo\n|-resisted|p1a: Magcargo\n|-damage|p1a: Magcargo|239/262\n|-ability|p1a: Magcargo|Weak Armor|boost\n|-unboost|p1a: Magcargo|def|1\n|-boost|p1a: Magcargo|spe|2\n|move|p2a: Rhyperior|Rock Slide|p1b: Florges|[spread] p1a,p1b\n|-damage|p1a: Magcargo|127/262\n|-damage|p1b: Florges|120/268\n|-ability|p1a: Magcargo|Weak Armor|boost\n|-unboost|p1a: Magcargo|def|1\n|-boost|p1a: Magcargo|spe|2\n|move|p1b: Florges|Moonblast|p2b: Tauros\n|-supereffective|p2b: Tauros\n|-damage|p2b: Tauros|0 fnt\n|faint|p2b: Tauros\n|move|p1a: Magcargo|Shell Smash|p1a: Magcargo\n|-unboost|p1a: Magcargo|def|1\n|-unboost|p1a: Magcargo|spd|1\n|-boost|p1a: Magcargo|atk|2\n|-boost|p1a: Magcargo|spa|2\n|-boost|p1a: Magcargo|spe|2\n|\n|-heal|p1b: Florges|136/268|[from] item: Leftovers\n|upkeep\n|\n|t:|1771258866\n|switch|p2b: Diancie|Diancie, L77|180/204 brn\n|turn|5\n|\n|t:|1771258877\n|move|p1a: Magcargo|Protect|p1a: Magcargo\n|-singleturn|p1a: Magcargo|Protect\n|move|p2b: Diancie|Diamond Storm|p1a: Magcargo|[spread] p1b\n|-activate|p1a: Magcargo|move: Protect\n|-damage|p1b: Florges|98/268\n|-boost|p2b: Diancie|def|2\n|move|p2a: Rhyperior|Rock Slide|p1a: Magcargo|[spread] p1b\n|-activate|p1a: Magcargo|move: Protect\n|-damage|p1b: Florges|0 fnt\n|faint|p1b: Florges\n|\n|-damage|p2b: Diancie|168/204 brn|[from] brn\n|-fieldend|move: Trick Room\n|upkeep\n|\n|t:|1771258889\n|switch|p1b: Breloom|Breloom, L84, F|238/238\n|turn|6\n|\n|t:|1771258910\n|switch|p2a: Okidogi|Okidogi, L78, M|265/265\n|move|p1a: Magcargo|Power Gem|p2b: Diancie\n|-damage|p2b: Diancie|0 fnt\n|faint|p2b: Diancie\n|-damage|p1a: Magcargo|101/262|[from] item: Life Orb\n|move|p1b: Breloom|Spore|p2a: Okidogi\n|-status|p2a: Okidogi|slp|[from] move: Spore\n|\n|upkeep\n|\n|t:|1771258931\n|switch|p2b: Rhyperior|Rhyperior, L82, M|323/323\n|turn|7\n|\n|t:|1771258947\n|switch|p2a: Grumpig|Grumpig, L91, F|293/293\n|move|p1a: Magcargo|Heat Wave|p2a: Grumpig|[spread] p2a,p2b\n|-resisted|p2b: Rhyperior\n|-damage|p2a: Grumpig|210/293\n|-damage|p2b: Rhyperior|168/323\n|-damage|p1a: Magcargo|75/262|[from] item: Life Orb\n|move|p1b: Breloom|Bullet Seed|p2b: Rhyperior\n|-supereffective|p2b: Rhyperior\n|-damage|p2b: Rhyperior|24/323\n|-supereffective|p2b: Rhyperior\n|-damage|p2b: Rhyperior|0 fnt\n|faint|p2b: Rhyperior\n|-hitcount|p2: Rhyperior|2\n|-damage|p1b: Breloom|215/238|[from] item: Life Orb\n|\n|upkeep\n|\n|t:|1771258961\n|switch|p2b: Okidogi|Okidogi, L78, M|265/265 slp\n|turn|8\n|-message|SilasUnmuth forfeited.\n|\n|win|Secret Drug Dealer\n|raw|Secret Drug Dealer's rating: 1756 &rarr; <strong>1774</strong><br />(+18 for winning)\n|raw|SilasUnmuth's rating: 1721 &rarr; <strong>1703</strong><br />(-18 for losing)\n|l|☆SilasUnmuth\n|player|p2|\n", "inputlog": ">version 686819e5e19f8a7fd2345cfc5a08a5085efa2cc3\n>start {\"formatid\":\"gen9randomdoublesbattle\",\"seed\":\"sodium,3739f6d5d6ce78bcc8430dd3696b765b\",\"rated\":\"Rated battle\"}\n>player p1 {\"name\":\"Secret Drug Dealer\",\"avatar\":\"wallace\",\"rating\":1756,\"seed\":\"sodium,1330ebf29a55c31df1229d1767d6d823\"}\n>player p2 {\"name\":\"SilasUnmuth\",\"avatar\":\"acetrainerf-gen4dp\",\"rating\":1721,\"seed\":\"sodium,856b41dd9d51b6a3fda90d570b2ce4f0\"}\n>p1 move willowisp +1, move calmmind\n>p2 switch 6, move trickroom\n>p1 switch 4, move moonblast +2\n>p2 move diamondstorm, move psychic +1\n>p1 switch 3, pass\n>p1 move protect, move moonblast +2\n>p2 switch 5, move focusblast +1\n>p2 pass, switch 6\n>p1 move shellsmash terastallize, move moonblast +2\n>p2 move rockslide, move aquajet +1\n>p2 pass, switch 5\n>p1 move protect, move synthesis\n>p2 move rockslide, move diamondstorm\n>p1 pass, switch 5\n>p1 move powergem +2, move spore +1\n>p2 switch 4, move trickroom\n>p2 pass, switch 4\n>p1 move heatwave, move bulletseed +2\n>p2 switch 3, move highhorsepower +1\n>p2 pass, switch 3\n>forcelose p2", "uploadtime": 1771258968, "views": 15, "formatid": "gen9randomdoublesbattle", "rating": 1703, "private": 0, "password": null}