{"id": "gen9randomdoublesbattle-2534432688", "format": "[Gen 9] Random Doubles Battle", "players": ["chewyjr05", "Dmgigazar123"], "log": "|j|☆chewyjr05\n|j|‽Dmgigazar123\n|t:|1770420371\n|gametype|doubles\n|player|p1|chewyjr05|265|1595\n|player|p2|Dmgigazar123|lance|1570\n|gen|9\n|tier|[Gen 9] Random Doubles Battle\n|rated|\n|rule|Species Clause: Limit one of each Pokémon\n|rule|HP Percentage Mod: HP is shown in percentages\n|rule|Illusion Level Mod: Illusion disguises the Pokémon's true level\n|rule|Sleep Clause Mod: Limit one foe put to sleep\n|\n|t:|1770420371\n|teamsize|p1|6\n|teamsize|p2|6\n|start\n|switch|p1a: Regice|Regice, L84|272/272\n|switch|p1b: Gothitelle|Gothitelle, L90, F|272/272\n|switch|p2a: Vespiquen|Vespiquen, F|302/302\n|switch|p2b: Flapple|Flapple, L95, M|287/287\n|-ability|p2a: Vespiquen|Unnerve\n|turn|1\n|\n|t:|1770420395\n|move|p2b: Flapple|Protect|p2b: Flapple\n|-singleturn|p2b: Flapple|Protect\n|move|p1b: Gothitelle|Fake Out|p2a: Vespiquen\n|-damage|p2a: Vespiquen|285/302\n|cant|p2a: Vespiquen|flinch\n|move|p1a: Regice|Ice Beam|p2b: Flapple\n|-activate|p2b: Flapple|move: Protect\n|\n|-heal|p2a: Vespiquen|302/302|[from] item: Leftovers\n|upkeep\n|turn|2\n|\n|t:|1770420421\n|move|p1b: Gothitelle|Protect|p1b: Gothitelle\n|-singleturn|p1b: Gothitelle|Protect\n|move|p2b: Flapple|Grav Apple|p1a: Regice\n|-damage|p1a: Regice|103/272\n|move|p2a: Vespiquen|Pollen Puff|p1b: Gothitelle\n|-activate|p1b: Gothitelle|move: Protect\n|move|p1a: Regice|Ice Beam|p2b: Flapple\n|-supereffective|p2b: Flapple\n|-damage|p2b: Flapple|0 fnt\n|faint|p2b: Flapple\n|\n|upkeep\n|\n|t:|1770420430\n|switch|p2b: Chi-Yu|Chi-Yu, L75|206/206\n|-ability|p2b: Chi-Yu|Beads of Ruin\n|turn|3\n|inactive|Battle timer is ON: inactive players will automatically lose when time's up. (requested by Dmgigazar123)\n|\n|t:|1770420467\n|switch|p1b: Jolteon|Jolteon, L85, M|249/249\n|move|p2b: Chi-Yu|Nasty Plot|p2b: Chi-Yu\n|-boost|p2b: Chi-Yu|spa|2\n|move|p2a: Vespiquen|Pollen Puff|p1b: Jolteon\n|-damage|p1b: Jolteon|99/249\n|move|p1a: Regice|Icy Wind|p2a: Vespiquen|[spread] p2a,p2b\n|-supereffective|p2a: Vespiquen\n|-resisted|p2b: Chi-Yu\n|-damage|p2a: Vespiquen|216/302\n|-damage|p2b: Chi-Yu|185/206\n|-unboost|p2a: Vespiquen|spe|1\n|-unboost|p2b: Chi-Yu|spe|1\n|\n|-heal|p2a: Vespiquen|234/302|[from] item: Leftovers\n|upkeep\n|turn|4\n|\n|t:|1770420492\n|move|p1b: Jolteon|Thunderbolt|p2b: Chi-Yu\n|-damage|p2b: Chi-Yu|64/206\n|-damage|p1b: Jolteon|75/249|[from] item: Life Orb\n|move|p1a: Regice|Ice Beam|p2a: Vespiquen\n|-supereffective|p2a: Vespiquen\n|-damage|p2a: Vespiquen|52/302\n|move|p2b: Chi-Yu|Heat Wave|p1b: Jolteon|[spread] p1a,p1b\n|-supereffective|p1a: Regice\n|-damage|p1a: Regice|0 fnt\n|-damage|p1b: Jolteon|0 fnt\n|faint|p1a: Regice\n|faint|p1b: Jolteon\n|-damage|p2b: Chi-Yu|44/206|[from] item: Life Orb\n|move|p2a: Vespiquen|Roost|p2a: Vespiquen\n|-heal|p2a: Vespiquen|203/302\n|-singleturn|p2a: Vespiquen|move: Roost\n|\n|-heal|p2a: Vespiquen|221/302|[from] item: Leftovers\n|upkeep\n|inactive|chewyjr05 has 120 seconds left.\n|\n|t:|1770420523\n|switch|p1b: Ceruledge|Ceruledge, L80, M|251/251\n|switch|p1a: Mew|Mew, L84|305/305\n|turn|5\n|inactive|chewyjr05 has 120 seconds left.\n|\n|t:|1770420549\n|switch|p2a: Banette|Banette, L94, M|273/273\n|-item|p1a: Mew|Sitrus Berry|[from] ability: Frisk|[of] p2a: Banette\n|-item|p1b: Ceruledge|Life Orb|[from] ability: Frisk|[of] p2a: Banette\n|move|p1a: Mew|Imprison|p1a: Mew\n|-start|p1a: Mew|move: Imprison\n|move|p1b: Ceruledge|Poltergeist|p2b: Chi-Yu\n|-activate|p2b: Chi-Yu|move: Poltergeist|Life Orb\n|-resisted|p2b: Chi-Yu\n|-damage|p2b: Chi-Yu|0 fnt\n|faint|p2b: Chi-Yu\n|-damage|p1b: Ceruledge|226/251|[from] item: Life Orb\n|\n|upkeep\n|inactive|Dmgigazar123 has 120 seconds left.\n|\n|t:|1770420576\n|switch|p2b: Meloetta|Meloetta, L80|291/291\n|turn|6\n|inactive|chewyjr05 has 120 seconds left.\n|inactive|Dmgigazar123 has 120 seconds left.\n|\n|t:|1770420620\n|move|p2a: Banette|Protect|p2a: Banette\n|-singleturn|p2a: Banette|Protect\n|move|p1a: Mew|Transform|p2b: Meloetta\n|-transform|p1a: Mew|p2b: Meloetta\n|cant|p2b: Meloetta|move: Imprison|Psychic\n|move|p1b: Ceruledge|Swords Dance|p1b: Ceruledge\n|-boost|p1b: Ceruledge|atk|2\n|\n|upkeep\n|turn|7\n|inactive|Dmgigazar123 has 120 seconds left.\n|\n|t:|1770420646\n|move|p1a: Mew|Calm Mind|p1a: Mew\n|-boost|p1a: Mew|spa|1\n|-boost|p1a: Mew|spd|1\n|-activate|p2b: Meloetta|move: Struggle\n|move|p2b: Meloetta|Struggle|p1b: Ceruledge\n|-damage|p1b: Ceruledge|192/251\n|-ability|p1b: Ceruledge|Weak Armor|boost\n|-unboost|p1b: Ceruledge|def|1\n|-boost|p1b: Ceruledge|spe|2\n|-damage|p2b: Meloetta|218/291|[from] recoil\n|-damage|p2b: Meloetta|189/291|[from] item: Life Orb\n|move|p1b: Ceruledge|Poltergeist|p2a: Banette\n|-activate|p2a: Banette|move: Poltergeist|Life Orb\n|-supereffective|p2a: Banette\n|-damage|p2a: Banette|0 fnt\n|faint|p2a: Banette\n|-damage|p1b: Ceruledge|167/251|[from] item: Life Orb\n|\n|upkeep\n|\n|t:|1770420654\n|switch|p2a: Gardevoir|Gardevoir, L83, F|249/249\n|-ability|p2a: Gardevoir|Serene Grace|Trace|[from] ability: Trace|[of] p1a: Mew\n|turn|8\n|inactive|Dmgigazar123 has 120 seconds left.\n|\n|t:|1770420676\n|switch|p2b: Vespiquen|Vespiquen, F|221/302\n|-ability|p2b: Vespiquen|Unnerve\n|-terastallize|p2a: Gardevoir|Fairy\n|move|p1b: Ceruledge|Poltergeist|p2a: Gardevoir\n|-activate|p2a: Gardevoir|move: Poltergeist|Choice Specs\n|-damage|p2a: Gardevoir|0 fnt\n|faint|p2a: Gardevoir\n|-damage|p1b: Ceruledge|142/251|[from] item: Life Orb\n|move|p1a: Mew|Hyper Voice|p2b: Vespiquen\n|-damage|p2b: Vespiquen|101/302\n|\n|-heal|p2b: Vespiquen|119/302|[from] item: Leftovers\n|upkeep\n|\n|t:|1770420696\n|switch|p2a: Meloetta|Meloetta, L80|189/291\n|turn|9\n|-message|Dmgigazar123 forfeited.\n|\n|win|chewyjr05\n|raw|chewyjr05's rating: 1595 &rarr; <strong>1614</strong><br />(+19 for winning)\n|raw|Dmgigazar123's rating: 1570 &rarr; <strong>1551</strong><br />(-19 for losing)\n|l|‽Dmgigazar123\n|player|p2|\n", "inputlog": ">version ccdc32dd7cde25fd9e4bed64820e885f66e78a4e\n>start {\"formatid\":\"gen9randomdoublesbattle\",\"seed\":\"sodium,580e641c35a9578da2153811b33eed98\",\"rated\":\"Rated battle\"}\n>player p1 {\"name\":\"chewyjr05\",\"avatar\":\"265\",\"rating\":1595,\"seed\":\"sodium,f9c6eff8cc02bbc409430a32683af83c\"}\n>player p2 {\"name\":\"Dmgigazar123\",\"avatar\":\"lance\",\"rating\":1570,\"seed\":\"sodium,e6cd450cb7867bd1135594bd52616e77\"}\n>p1 move icebeam +2, move fakeout +1\n>p2 move pollenpuff +2, move protect\n>p1 move icebeam +2, move protect\n>p2 move pollenpuff +2, move gravapple +1\n>p2 pass, switch 3\n>p1 move icywind, switch 3\n>p2 move pollenpuff +2, move nastyplot\n>p1 move icebeam +1, move thunderbolt +2\n>p2 move roost, move heatwave\n>p1 switch 4, switch 6\n>p1 move imprison, move poltergeist +2\n>p2 switch 4, move darkpulse +2\n>p2 pass, switch 6\n>p1 move transform +2, move swordsdance\n>p2 move protect, move psychic +2\n>p1 move calmmind, move poltergeist +1\n>p2 move poltergeist +2, move struggle\n>p2 switch 5, pass\n>p1 move hypervoice, move poltergeist +1\n>p2 move dazzlinggleam terastallize, switch 4\n>p2 switch 4, pass\n>forcelose p2", "uploadtime": 1770420706, "views": 90, "formatid": "gen9randomdoublesbattle", "rating": 1551, "private": 0, "password": null}