{"id": "gen9randomdoublesbattle-2536248862", "format": "[Gen 9] Random Doubles Battle", "players": ["muchiuttobias", "Darkkage24"], "log": "|j|☆muchiuttobias\n|j|☆Darkkage24\n|t:|1770667703\n|gametype|doubles\n|player|p1|muchiuttobias|acetrainer-gen4dp|1544\n|player|p2|Darkkage24|red|1622\n|gen|9\n|tier|[Gen 9] Random Doubles Battle\n|rated|\n|rule|Species Clause: Limit one of each Pokémon\n|rule|HP Percentage Mod: HP is shown in percentages\n|rule|Illusion Level Mod: Illusion disguises the Pokémon's true level\n|rule|Sleep Clause Mod: Limit one foe put to sleep\n|\n|t:|1770667703\n|teamsize|p1|6\n|teamsize|p2|6\n|start\n|switch|p1a: Polteageist|Polteageist, L85|241/241\n|switch|p1b: Dialga|Dialga, L74|270/270\n|switch|p2a: Skuntank|Skuntank, L85, F|314/314\n|switch|p2b: Skarmory|Skarmory, L85, M|249/249\n|turn|1\n|inactive|Battle timer is ON: inactive players will automatically lose when time's up. (requested by Darkkage24)\n|\n|t:|1770667740\n|move|p1a: Polteageist|Protect|p1a: Polteageist\n|-singleturn|p1a: Polteageist|Protect\n|move|p2a: Skuntank|Knock Off|p1b: Dialga\n|-damage|p1b: Dialga|149/270\n|-enditem|p1b: Dialga|Sitrus Berry|[from] move: Knock Off|[of] p2a: Skuntank\n|-damage|p2a: Skuntank|283/314|[from] item: Life Orb\n|move|p1b: Dialga|Fire Blast|p2b: Skarmory\n|-supereffective|p2b: Skarmory\n|-damage|p2b: Skarmory|53/249\n|move|p2b: Skarmory|Tailwind|p2b: Skarmory\n|-sidestart|p2: Darkkage24|move: Tailwind\n|\n|-heal|p2b: Skarmory|68/249|[from] item: Leftovers\n|upkeep\n|turn|2\n|inactive|muchiuttobias has 120 seconds left.\n|\n|t:|1770667789\n|switch|p1a: Houndoom|Houndoom, L86, F|269/269\n|-ability|p1a: Houndoom|Unnerve\n|move|p2a: Skuntank|Knock Off|p1a: Houndoom\n|-resisted|p1a: Houndoom\n|-damage|p1a: Houndoom|177/269\n|-enditem|p1a: Houndoom|Life Orb|[from] move: Knock Off|[of] p2a: Skuntank\n|-damage|p2a: Skuntank|252/314|[from] item: Life Orb\n|move|p2b: Skarmory|Body Press|p1b: Dialga\n|-supereffective|p1b: Dialga\n|-damage|p1b: Dialga|21/270\n|move|p1b: Dialga|Heavy Slam|p2a: Skuntank\n|-damage|p2a: Skuntank|114/314\n|\n|-heal|p2b: Skarmory|83/249|[from] item: Leftovers\n|upkeep\n|turn|3\n|inactive|muchiuttobias has 120 seconds left.\n|\n|t:|1770667813\n|move|p2a: Skuntank|Gunk Shot|p1a: Houndoom\n|-damage|p1a: Houndoom|0 fnt\n|faint|p1a: Houndoom\n|-damage|p2a: Skuntank|83/314|[from] item: Life Orb\n|move|p2b: Skarmory|Body Press|p1b: Dialga\n|-supereffective|p1b: Dialga\n|-damage|p1b: Dialga|0 fnt\n|faint|p1b: Dialga\n|\n|-heal|p2b: Skarmory|98/249|[from] item: Leftovers\n|upkeep\n|\n|t:|1770667831\n|switch|p1a: Altaria|Altaria, L91, M|284/284\n|switch|p1b: Shiftry|Shiftry, L84, F|288/288\n|turn|4\n|inactive|muchiuttobias has 120 seconds left.\n|\n|t:|1770667855\n|move|p1b: Shiftry|Fake Out|p2a: Skuntank\n|-damage|p2a: Skuntank|47/314\n|cant|p2a: Skuntank|flinch\n|move|p2b: Skarmory|Brave Bird|p1b: Shiftry\n|-supereffective|p1b: Shiftry\n|-damage|p1b: Shiftry|0 fnt\n|faint|p1b: Shiftry\n|-damage|p2b: Skarmory|3/249|[from] Recoil\n|move|p1a: Altaria|Tailwind|p1a: Altaria\n|-sidestart|p1: muchiuttobias|move: Tailwind\n|\n|-heal|p2b: Skarmory|18/249|[from] item: Leftovers\n|-sideend|p2: Darkkage24|move: Tailwind\n|upkeep\n|\n|t:|1770667869\n|switch|p1b: Kleavor|Kleavor, L79, F|240/240\n|turn|5\n|inactive|muchiuttobias has 120 seconds left.\n|\n|t:|1770667878\n|move|p2a: Skuntank|Sucker Punch|p1b: Kleavor\n|-damage|p1b: Kleavor|149/240\n|-damage|p2a: Skuntank|16/314|[from] item: Life Orb\n|move|p1a: Altaria|Brave Bird|p2a: Skuntank\n|-damage|p2a: Skuntank|0 fnt\n|-damage|p1a: Altaria|213/284|[from] ability: Aftermath|[of] p2a: Skuntank\n|faint|p2a: Skuntank\n|-damage|p1a: Altaria|208/284|[from] Recoil\n|move|p1b: Kleavor|Stone Axe|p2b: Skarmory\n|-damage|p2b: Skarmory|0 fnt\n|-sidestart|p2: Darkkage24|move: Stealth Rock\n|faint|p2b: Skarmory\n|-damage|p1b: Kleavor|125/240|[from] item: Life Orb\n|\n|upkeep\n|inactive|Darkkage24 has 120 seconds left.\n|\n|t:|1770667912\n|switch|p2a: Zacian|Zacian, L70|245/245\n|switch|p2b: Sylveon|Sylveon, L79, M|280/280\n|-damage|p2a: Zacian|215/245|[from] Stealth Rock\n|-ability|p2a: Zacian|Intrepid Sword|boost\n|-boost|p2a: Zacian|atk|1\n|-damage|p2b: Sylveon|245/280|[from] Stealth Rock\n|turn|6\n|inactive|muchiuttobias has 120 seconds left.\n|\n|t:|1770667959\n|-terastallize|p1a: Altaria|Steel\n|move|p1a: Altaria|Brave Bird|p2a: Zacian\n|-damage|p2a: Zacian|95/245\n|-damage|p1a: Altaria|168/284|[from] Recoil\n|move|p1b: Kleavor|Stone Axe|p2a: Zacian\n|-damage|p2a: Zacian|0 fnt\n|faint|p2a: Zacian\n|-damage|p1b: Kleavor|101/240|[from] item: Life Orb\n|move|p2b: Sylveon|Hyper Voice|p1a: Altaria|[spread] p1a,p1b\n|-resisted|p1a: Altaria\n|-damage|p1a: Altaria|138/284\n|-damage|p1b: Kleavor|5/240\n|-enditem|p1a: Altaria|Sitrus Berry|[eat]\n|-heal|p1a: Altaria|209/284|[from] item: Sitrus Berry\n|\n|-heal|p2b: Sylveon|262/280|[from] item: Leftovers\n|upkeep\n|inactive|Darkkage24 has 120 seconds left.\n|\n|t:|1770667975\n|switch|p2a: Vivillon|Vivillon-Elegant, L88, F|284/284\n|-damage|p2a: Vivillon|142/284|[from] Stealth Rock\n|-enditem|p2a: Vivillon|Sitrus Berry|[eat]\n|-heal|p2a: Vivillon|213/284|[from] item: Sitrus Berry\n|turn|7\n|inactive|muchiuttobias has 120 seconds left.\n|\n|t:|1770667994\n|move|p2a: Vivillon|Protect|p2a: Vivillon\n|-singleturn|p2a: Vivillon|Protect\n|move|p2b: Sylveon|Protect|p2b: Sylveon\n|-singleturn|p2b: Sylveon|Protect\n|move|p1a: Altaria|Brave Bird|p2a: Vivillon\n|-activate|p2a: Vivillon|move: Protect\n|move|p1b: Kleavor|Stone Axe|p2b: Sylveon\n|-activate|p2b: Sylveon|move: Protect\n|\n|-heal|p2b: Sylveon|279/280|[from] item: Leftovers\n|-sideend|p1: muchiuttobias|move: Tailwind\n|upkeep\n|turn|8\n|\n|t:|1770668010\n|-terastallize|p2a: Vivillon|Steel\n|move|p1b: Kleavor|Protect|p1b: Kleavor\n|-singleturn|p1b: Kleavor|Protect\n|move|p2a: Vivillon|Sleep Powder|p1a: Altaria\n|-status|p1a: Altaria|slp|[from] move: Sleep Powder\n|cant|p1a: Altaria|slp\n|move|p2b: Sylveon|Substitute|p2b: Sylveon\n|-start|p2b: Sylveon|Substitute\n|-damage|p2b: Sylveon|209/280\n|\n|-heal|p2b: Sylveon|226/280|[from] item: Leftovers\n|upkeep\n|turn|9\n|\n|t:|1770668037\n|move|p2a: Vivillon|Hurricane|p1b: Kleavor\n|-damage|p1b: Kleavor|0 fnt\n|faint|p1b: Kleavor\n|cant|p1a: Altaria|slp\n|move|p2b: Sylveon|Calm Mind|p2b: Sylveon\n|-boost|p2b: Sylveon|spa|1\n|-boost|p2b: Sylveon|spd|1\n|\n|-heal|p2b: Sylveon|243/280|[from] item: Leftovers\n|upkeep\n|\n|t:|1770668041\n|switch|p1b: Polteageist|Polteageist, L85|241/241\n|turn|10\n|\n|t:|1770668051\n|move|p2a: Vivillon|Hurricane|p1a: Altaria\n|-resisted|p1a: Altaria\n|-damage|p1a: Altaria|161/284 slp\n|-start|p1a: Altaria|confusion\n|cant|p1a: Altaria|slp\n|move|p1b: Polteageist|Shell Smash|p1b: Polteageist\n|-unboost|p1b: Polteageist|def|1\n|-unboost|p1b: Polteageist|spd|1\n|-boost|p1b: Polteageist|atk|2\n|-boost|p1b: Polteageist|spa|2\n|-boost|p1b: Polteageist|spe|2\n|-enditem|p1b: Polteageist|White Herb\n|-clearnegativeboost|p1b: Polteageist|[silent]\n|move|p2b: Sylveon|Hyper Voice|p1a: Altaria|[spread] p1a,p1b\n|-resisted|p1a: Altaria\n|-damage|p1a: Altaria|115/284 slp\n|-damage|p1b: Polteageist|132/241\n|-start|p2b: Sylveon|Disable|Hyper Voice|[from] ability: Cursed Body|[of] p1b: Polteageist\n|\n|-heal|p2b: Sylveon|260/280|[from] item: Leftovers\n|upkeep\n|turn|11\n|\n|t:|1770668076\n|move|p1b: Polteageist|Shadow Ball|p2a: Vivillon\n|-damage|p2a: Vivillon|0 fnt\n|faint|p2a: Vivillon\n|-curestatus|p1a: Altaria|slp|[msg]\n|-activate|p1a: Altaria|confusion\n|move|p1a: Altaria|Brave Bird|p2b: Sylveon\n|-end|p2b: Sylveon|Substitute\n|-damage|p1a: Altaria|92/284|[from] Recoil|[of] p2b: Sylveon\n|move|p2b: Sylveon|Calm Mind|p2b: Sylveon\n|-boost|p2b: Sylveon|spa|1\n|-boost|p2b: Sylveon|spd|1\n|\n|-heal|p2b: Sylveon|277/280|[from] item: Leftovers\n|upkeep\n|\n|t:|1770668080\n|switch|p2a: Volbeat|Volbeat, L82, M|241/241\n|-damage|p2a: Volbeat|181/241|[from] Stealth Rock\n|turn|12\n|\n|t:|1770668099\n|move|p2b: Sylveon|Protect|p2b: Sylveon\n|-singleturn|p2b: Sylveon|Protect\n|move|p2a: Volbeat|Thunder Wave|p1b: Polteageist\n|-status|p1b: Polteageist|par\n|-activate|p1a: Altaria|confusion\n|move|p1a: Altaria|Brave Bird|p2b: Sylveon\n|-activate|p2b: Sylveon|move: Protect\n|move|p1b: Polteageist|Shadow Ball|p2a: Volbeat\n|-damage|p2a: Volbeat|0 fnt\n|faint|p2a: Volbeat\n|\n|-heal|p2b: Sylveon|280/280|[from] item: Leftovers\n|upkeep\n|turn|13\n|\n|t:|1770668121\n|-activate|p1a: Altaria|confusion\n|-damage|p1a: Altaria|66/284|[from] confusion\n|cant|p1b: Polteageist|par\n|move|p2b: Sylveon|Substitute|p2b: Sylveon\n|-start|p2b: Sylveon|Substitute\n|-damage|p2b: Sylveon|210/280\n|\n|-heal|p2b: Sylveon|227/280|[from] item: Leftovers\n|-end|p2b: Sylveon|Disable\n|upkeep\n|turn|14\n|\n|t:|1770668132\n|-activate|p1a: Altaria|confusion\n|move|p1a: Altaria|Brave Bird|p2b: Sylveon\n|-end|p2b: Sylveon|Substitute\n|-damage|p1a: Altaria|43/284|[from] Recoil|[of] p2b: Sylveon\n|cant|p1b: Polteageist|par\n|move|p2b: Sylveon|Hyper Voice|p1b: Polteageist|[spread] p1a,p1b\n|-resisted|p1a: Altaria\n|-damage|p1a: Altaria|0 fnt\n|-damage|p1b: Polteageist|9/241 par\n|faint|p1a: Altaria\n|\n|-heal|p2b: Sylveon|244/280|[from] item: Leftovers\n|upkeep\n|turn|15\n|c|☆Darkkage24|gg wp\n|\n|t:|1770668145\n|cant|p1b: Polteageist|par\n|move|p2b: Sylveon|Hyper Voice|p1b: Polteageist\n|-damage|p1b: Polteageist|0 fnt\n|-start|p2b: Sylveon|Disable|Hyper Voice|[from] ability: Cursed Body|[of] p1b: Polteageist\n|faint|p1b: Polteageist\n|\n|win|Darkkage24\n|raw|muchiuttobias's rating: 1544 &rarr; <strong>1528</strong><br />(-16 for losing)\n|raw|Darkkage24's rating: 1622 &rarr; <strong>1638</strong><br />(+16 for winning)\n|l|☆muchiuttobias\n|player|p1|\n", "inputlog": ">version ccdc32dd7cde25fd9e4bed64820e885f66e78a4e\n>start {\"formatid\":\"gen9randomdoublesbattle\",\"seed\":\"sodium,50bb4d3531754ceada1535a29c1f6c63\",\"rated\":\"Rated battle\"}\n>player p1 {\"name\":\"muchiuttobias\",\"avatar\":\"acetrainer-gen4dp\",\"rating\":1544,\"seed\":\"sodium,22226fe8f4c0e58ecf8737d7f5f48a9c\"}\n>player p2 {\"name\":\"Darkkage24\",\"avatar\":\"red\",\"rating\":1622,\"seed\":\"sodium,877d67f74b9b58dc40157305175c21e7\"}\n>p1 move protect, move fireblast +2\n>p2 move knockoff +2, move tailwind\n>p1 switch 5, move heavyslam +1\n>p2 move knockoff +1, move bodypress +2\n>p1 move heatwave, move heavyslam +1\n>p2 move gunkshot +1, move bodypress +1\n>p1 switch 4, switch 6\n>p1 move tailwind, move fakeout +1\n>p2 move poisongas, move bravebird +2\n>p1 pass, switch 3\n>p1 move bravebird +1, move stoneaxe +2\n>p2 move suckerpunch +2, move tailwind\n>p2 switch 3, switch 6\n>p1 move bravebird +1 terastallize, move stoneaxe +1\n>p2 move closecombat +2, move hypervoice\n>p2 switch 4, pass\n>p1 move bravebird +1, move stoneaxe +2\n>p2 move protect, move protect\n>p1 move bravebird +1, move protect\n>p2 move sleeppowder +1 terastallize, move substitute\n>p1 move tailwind, move xscissor +1\n>p2 move hurricane +2, move calmmind\n>p1 pass, switch 5\n>p1 move tailwind, move shellsmash\n>p2 move hurricane +1, move hypervoice\n>p1 move bravebird +2, move shadowball +1\n>p2 move hurricane +1, move calmmind\n>p2 switch 5, pass\n>p1 move bravebird +2, move shadowball +1\n>p2 move thunderwave +2, move protect\n>p1 move bravebird +2, move shadowball +2\n>p2 pass, move substitute\n>p1 move bravebird +2, move shadowball +2\n>p2 pass, move hypervoice\n>chat ☆Darkkage24|gg wp\n>p1 pass, move shadowball +2\n>p2 pass, move hypervoice", "uploadtime": 1770668153, "views": 71, "formatid": "gen9randomdoublesbattle", "rating": 1528, "private": 0, "password": null}