{"id": "gen9randomdoublesbattle-2538527782", "format": "[Gen 9] Random Doubles Battle", "players": ["joeymimi", "BlackisQueen"], "log": "|j|☆joeymimi\n|j|☆BlackisQueen\n|t:|1770936703\n|gametype|doubles\n|player|p1|joeymimi|red|1524\n|player|p2|BlackisQueen|lenora|1583\n|gen|9\n|tier|[Gen 9] Random Doubles Battle\n|rated|\n|rule|Species Clause: Limit one of each Pokémon\n|rule|HP Percentage Mod: HP is shown in percentages\n|rule|Illusion Level Mod: Illusion disguises the Pokémon's true level\n|rule|Sleep Clause Mod: Limit one foe put to sleep\n|\n|t:|1770936703\n|teamsize|p1|6\n|teamsize|p2|6\n|start\n|switch|p1a: Pachirisu|Pachirisu, L93, F|262/262\n|switch|p1b: Houndoom|Houndoom, L86, M|269/269\n|switch|p2a: Noctowl|Noctowl, L91, F|330/330\n|switch|p2b: Alcremie|Alcremie-Ruby-Swirl, L90, F|263/263\n|-ability|p1b: Houndoom|Unnerve\n|turn|1\n|inactive|Battle timer is ON: inactive players will automatically lose when time's up. (requested by joeymimi)\n|inactive|BlackisQueen has 120 seconds left.\n|l|☆joeymimi\n|inactive|joeymimi disconnected and has a minute to reconnect!\n|player|p1|\n|j|☆joeymimi\n|inactive|joeymimi reconnected.\n|player|p1|joeymimi|red|\n|inactive|BlackisQueen has 90 seconds left.\n|inactive|BlackisQueen has 60 seconds left.\n|\n|t:|1770936861\n|switch|p1b: Palossand|Palossand, L90, M|299/299\n|move|p2a: Noctowl|Protect|p2a: Noctowl\n|-singleturn|p2a: Noctowl|Protect\n|move|p1a: Pachirisu|Nuzzle|p2b: Alcremie\n|-damage|p2b: Alcremie|247/263\n|-status|p2b: Alcremie|par\n|move|p2b: Alcremie|Decorate|p2a: Noctowl\n|-boost|p2a: Noctowl|atk|2\n|-boost|p2a: Noctowl|spa|2\n|\n|upkeep\n|turn|2\n|\n|t:|1770936883\n|move|p1a: Pachirisu|Thunderbolt|p2a: Noctowl\n|-supereffective|p2a: Noctowl\n|-damage|p2a: Noctowl|210/330\n|move|p2a: Noctowl|Hyper Voice|p1a: Pachirisu|[spread] p1a\n|-immune|p1b: Palossand\n|-damage|p1a: Pachirisu|98/262\n|-enditem|p1a: Pachirisu|Sitrus Berry|[eat]\n|-heal|p1a: Pachirisu|163/262|[from] item: Sitrus Berry\n|-damage|p2a: Noctowl|177/330|[from] item: Life Orb\n|move|p1b: Palossand|Earth Power|p2b: Alcremie\n|-damage|p2b: Alcremie|160/263 par\n|move|p2b: Alcremie|Decorate|p2a: Noctowl\n|-boost|p2a: Noctowl|atk|2\n|-boost|p2a: Noctowl|spa|2\n|\n|upkeep\n|turn|3\n|inactive|BlackisQueen has 120 seconds left.\n|inactive|joeymimi has 120 seconds left.\n|\n|t:|1770936919\n|move|p2a: Noctowl|Protect|p2a: Noctowl\n|-singleturn|p2a: Noctowl|Protect\n|move|p1a: Pachirisu|Thunderbolt|p2a: Noctowl\n|-activate|p2a: Noctowl|move: Protect\n|move|p1b: Palossand|Earth Power|p2b: Alcremie\n|-damage|p2b: Alcremie|75/263 par\n|-enditem|p2b: Alcremie|Sitrus Berry|[eat]\n|-heal|p2b: Alcremie|140/263 par|[from] item: Sitrus Berry\n|move|p2b: Alcremie|Dazzling Gleam|p1a: Pachirisu|[spread] p1a,p1b\n|-damage|p1a: Pachirisu|88/262\n|-damage|p1b: Palossand|211/299\n|\n|-heal|p1b: Palossand|229/299|[from] item: Leftovers\n|upkeep\n|turn|4\n|inactive|joeymimi has 120 seconds left.\n|inactive|BlackisQueen has 120 seconds left.\n|\n|t:|1770936946\n|move|p1a: Pachirisu|Nuzzle|p2a: Noctowl\n|-supereffective|p2a: Noctowl\n|-damage|p2a: Noctowl|135/330\n|-status|p2a: Noctowl|par\n|move|p1b: Palossand|Earth Power|p2b: Alcremie\n|-damage|p2b: Alcremie|55/263 par\n|move|p2a: Noctowl|Tailwind|p2a: Noctowl\n|-sidestart|p2: BlackisQueen|move: Tailwind\n|move|p2b: Alcremie|Decorate|p2a: Noctowl\n|-boost|p2a: Noctowl|atk|2\n|-boost|p2a: Noctowl|spa|2\n|\n|-heal|p1b: Palossand|247/299|[from] item: Leftovers\n|upkeep\n|turn|5\n|inactive|joeymimi has 120 seconds left.\n|\n|t:|1770936974\n|switch|p2b: Delibird|Delibird, F|252/252\n|move|p2a: Noctowl|Protect|p2a: Noctowl\n|-singleturn|p2a: Noctowl|Protect\n|move|p1a: Pachirisu|Follow Me|p1a: Pachirisu\n|-singleturn|p1a: Pachirisu|move: Follow Me\n|move|p1b: Palossand|Earth Power|p2b: Delibird\n|-immune|p2b: Delibird\n|\n|-heal|p1b: Palossand|265/299|[from] item: Leftovers\n|upkeep\n|turn|6\n|inactive|joeymimi has 120 seconds left.\n|\n|t:|1770937006\n|switch|p1a: Sandaconda|Sandaconda, L88, F|270/270\n|move|p2b: Delibird|Fake Out|p1a: Sandaconda\n|-damage|p1a: Sandaconda|251/270\n|move|p2a: Noctowl|Hurricane|p1b: Palossand|[miss]\n|-miss|p2a: Noctowl|p1b: Palossand\n|move|p1b: Palossand|Shadow Ball|p2b: Delibird\n|-damage|p2b: Delibird|110/252\n|-unboost|p2b: Delibird|spd|1\n|-enditem|p2b: Delibird|Sitrus Berry|[eat]\n|-heal|p2b: Delibird|173/252|[from] item: Sitrus Berry\n|\n|-heal|p1b: Palossand|283/299|[from] item: Leftovers\n|upkeep\n|turn|7\n|inactive|joeymimi has 120 seconds left.\n|\n|t:|1770937032\n|move|p2b: Delibird|Brave Bird|p1a: Sandaconda\n|-damage|p1a: Sandaconda|161/270\n|-damage|p2b: Delibird|143/252|[from] Recoil\n|cant|p2a: Noctowl|par\n|move|p1a: Sandaconda|Stone Edge|p2a: Noctowl\n|-supereffective|p2a: Noctowl\n|-damage|p2a: Noctowl|0 fnt\n|faint|p2a: Noctowl\n|move|p1b: Palossand|Shadow Ball|p2b: Delibird\n|-damage|p2b: Delibird|0 fnt\n|faint|p2b: Delibird\n|\n|-heal|p1b: Palossand|299/299|[from] item: Leftovers\n|-sideend|p2: BlackisQueen|move: Tailwind\n|upkeep\n|inactive|BlackisQueen has 120 seconds left.\n|-message|BlackisQueen forfeited.\n|\n|win|joeymimi\n|raw|joeymimi's rating: 1524 &rarr; <strong>1547</strong><br />(+23 for winning)\n|raw|BlackisQueen's rating: 1583 &rarr; <strong>1560</strong><br />(-23 for losing)\n|l|☆BlackisQueen\n|player|p2|\n", "inputlog": ">version ccdc32dd7cde25fd9e4bed64820e885f66e78a4e\n>start {\"formatid\":\"gen9randomdoublesbattle\",\"seed\":\"sodium,4c7e81c4c28444af3d6478f50accd46f\",\"rated\":\"Rated battle\"}\n>player p1 {\"name\":\"joeymimi\",\"avatar\":\"red\",\"rating\":1524,\"seed\":\"sodium,f066634d7383fac318fed65cf574429d\"}\n>player p2 {\"name\":\"BlackisQueen\",\"avatar\":\"lenora\",\"rating\":1583,\"seed\":\"sodium,5e3af6a09540e803abbb10041a44db21\"}\n>p1 move nuzzle +2, switch 3\n>p2 move protect, move decorate -1\n>p1 move thunderbolt +1, move earthpower +2\n>p2 move hypervoice, move decorate -1\n>p1 move thunderbolt +1, move earthpower +2\n>p2 move protect, move dazzlinggleam\n>p1 move nuzzle +1, move earthpower +2\n>p2 move tailwind, move decorate -1\n>p1 move followme, move earthpower +2\n>p2 move protect, switch 4\n>p1 switch 4, move shadowball +2\n>p2 move hurricane +2, move fakeout +1\n>p1 move stoneedge +1, move shadowball +2\n>p2 move hurricane +2, move bravebird +1\n>forcelose p2", "uploadtime": 1770937057, "views": 73, "formatid": "gen9randomdoublesbattle", "rating": 1547, "private": 0, "password": null}