{"id": "gen9randomdoublesbattle-2540861010", "format": "[Gen 9] Random Doubles Battle", "players": ["smalls7575", "Niklasmadness"], "log": "|j|☆smalls7575\n|j|☆Niklasmadness\n|t:|1771261509\n|gametype|doubles\n|player|p1|smalls7575|170|1909\n|player|p2|Niklasmadness|cynthia|2024\n|gen|9\n|tier|[Gen 9] Random Doubles Battle\n|rated|\n|rule|Species Clause: Limit one of each Pokémon\n|rule|HP Percentage Mod: HP is shown in percentages\n|rule|Illusion Level Mod: Illusion disguises the Pokémon's true level\n|rule|Sleep Clause Mod: Limit one foe put to sleep\n|\n|t:|1771261509\n|teamsize|p1|6\n|teamsize|p2|6\n|start\n|switch|p1a: Meowstic|Meowstic-F, L89, F|277/277\n|switch|p1b: Dragalge|Dragalge, L88, M|258/258\n|switch|p2a: Registeel|Registeel, L78|253/253\n|switch|p2b: Cobalion|Cobalion, L79|273/273\n|turn|1\n|inactive|Battle timer is ON: inactive players will automatically lose when time's up. (requested by smalls7575)\n|inactive|Niklasmadness also wants the timer to be on.\n|\n|t:|1771261531\n|switch|p2b: Iron Leaves|Iron Leaves, L81|278/278\n|move|p1a: Meowstic|Dark Pulse|p2a: Registeel\n|-damage|p2a: Registeel|197/253\n|-damage|p1a: Meowstic|250/277|[from] item: Life Orb\n|move|p1b: Dragalge|Draco Meteor|p2b: Iron Leaves\n|-damage|p2b: Iron Leaves|47/278\n|-unboost|p1b: Dragalge|spa|2\n|-damage|p1b: Dragalge|233/258|[from] item: Life Orb\n|move|p2a: Registeel|Thunder Wave|p1b: Dragalge|[miss]\n|-miss|p2a: Registeel|p1b: Dragalge\n|\n|-heal|p2a: Registeel|212/253|[from] item: Leftovers\n|upkeep\n|turn|2\n|\n|t:|1771261556\n|-end|p2b: Iron Leaves|Quark Drive|[silent]\n|switch|p2b: Cobalion|Cobalion, L79|273/273\n|switch|p1b: Magcargo|Magcargo, L93, F|262/262\n|move|p1a: Meowstic|Dark Pulse|p2b: Cobalion\n|-resisted|p2b: Cobalion\n|-damage|p2b: Cobalion|229/273\n|-ability|p2b: Cobalion|Justified|boost\n|-boost|p2b: Cobalion|atk|1\n|-damage|p1a: Meowstic|223/277|[from] item: Life Orb\n|move|p2a: Registeel|Thunder Wave|p1a: Meowstic\n|-status|p1a: Meowstic|par\n|\n|-heal|p2b: Cobalion|246/273|[from] item: Leftovers\n|-heal|p2a: Registeel|227/253|[from] item: Leftovers\n|upkeep\n|turn|3\n|\n|t:|1771261586\n|-terastallize|p1b: Magcargo|Fairy\n|move|p2b: Cobalion|Body Press|p1b: Magcargo\n|-resisted|p1b: Magcargo\n|-damage|p1b: Magcargo|228/262\n|-ability|p1b: Magcargo|Weak Armor|boost\n|-unboost|p1b: Magcargo|def|1\n|-boost|p1b: Magcargo|spe|2\n|move|p1b: Magcargo|Shell Smash|p1b: Magcargo\n|-unboost|p1b: Magcargo|def|1\n|-unboost|p1b: Magcargo|spd|1\n|-boost|p1b: Magcargo|atk|2\n|-boost|p1b: Magcargo|spa|2\n|-boost|p1b: Magcargo|spe|2\n|move|p2a: Registeel|Body Press|p1b: Magcargo\n|-resisted|p1b: Magcargo\n|-damage|p1b: Magcargo|177/262\n|-ability|p1b: Magcargo|Weak Armor|boost\n|-unboost|p1b: Magcargo|def|1\n|-boost|p1b: Magcargo|spe|2\n|move|p1a: Meowstic|Psychic|p2b: Cobalion\n|-damage|p2b: Cobalion|106/273\n|-damage|p1a: Meowstic|196/277 par|[from] item: Life Orb\n|\n|-heal|p2b: Cobalion|123/273|[from] item: Leftovers\n|-heal|p2a: Registeel|242/253|[from] item: Leftovers\n|upkeep\n|turn|4\n|\n|t:|1771261597\n|switch|p1a: Donphan|Donphan, L87, M|298/298\n|move|p2b: Cobalion|Protect|p2b: Cobalion\n|-singleturn|p2b: Cobalion|Protect\n|move|p1b: Magcargo|Heat Wave|p2b: Cobalion|[spread] p2a\n|-activate|p2b: Cobalion|move: Protect\n|-supereffective|p2a: Registeel\n|-damage|p2a: Registeel|0 fnt\n|faint|p2a: Registeel\n|-damage|p1b: Magcargo|151/262|[from] item: Life Orb\n|\n|-heal|p2b: Cobalion|140/273|[from] item: Leftovers\n|upkeep\n|\n|t:|1771261619\n|switch|p2a: Clodsire|Clodsire, L87, M|368/368\n|turn|5\n|\n|t:|1771261631\n|move|p1b: Magcargo|Heat Wave|p2a: Clodsire|[spread] p2a\n|-miss|p1b: Magcargo|p2b: Cobalion\n|-damage|p2a: Clodsire|180/368\n|-damage|p1b: Magcargo|125/262|[from] item: Life Orb\n|move|p2b: Cobalion|Heavy Slam|p1b: Magcargo\n|-supereffective|p1b: Magcargo\n|-damage|p1b: Magcargo|0 fnt\n|faint|p1b: Magcargo\n|move|p1a: Donphan|Rapid Spin|p2a: Clodsire\n|-damage|p2a: Clodsire|127/368\n|-boost|p1a: Donphan|spe|1\n|move|p2a: Clodsire|High Horsepower|p1a: Donphan\n|-damage|p1a: Donphan|226/298\n|\n|-heal|p2b: Cobalion|157/273|[from] item: Leftovers\n|-heal|p2a: Clodsire|150/368|[from] item: Leftovers\n|upkeep\n|\n|t:|1771261647\n|switch|p1b: Meowstic|Meowstic-F, L89, F|196/277 par\n|turn|6\n|\n|t:|1771261656\n|move|p2b: Cobalion|Heavy Slam|p1b: Meowstic\n|-damage|p1b: Meowstic|28/277 par\n|move|p1a: Donphan|Rapid Spin|p2b: Cobalion\n|-resisted|p2b: Cobalion\n|-damage|p2b: Cobalion|138/273\n|-boost|p1a: Donphan|spe|1\n|cant|p1b: Meowstic|par\n|move|p2a: Clodsire|Recover|p2a: Clodsire\n|-heal|p2a: Clodsire|334/368\n|\n|-heal|p2b: Cobalion|155/273|[from] item: Leftovers\n|-heal|p2a: Clodsire|357/368|[from] item: Leftovers\n|upkeep\n|turn|7\n|\n|t:|1771261672\n|move|p1a: Donphan|High Horsepower|p2a: Clodsire\n|-supereffective|p2a: Clodsire\n|-damage|p2a: Clodsire|25/368\n|move|p2b: Cobalion|Heavy Slam|p1b: Meowstic\n|-damage|p1b: Meowstic|0 fnt\n|faint|p1b: Meowstic\n|move|p2a: Clodsire|High Horsepower|p1a: Donphan\n|-damage|p1a: Donphan|165/298\n|\n|-heal|p2b: Cobalion|172/273|[from] item: Leftovers\n|-heal|p2a: Clodsire|48/368|[from] item: Leftovers\n|upkeep\n|\n|t:|1771261678\n|switch|p1b: Banette|Banette, L94, F|273/273\n|-item|p2a: Clodsire|Leftovers|[from] ability: Frisk|[of] p1b: Banette\n|-item|p2b: Cobalion|Leftovers|[from] ability: Frisk|[of] p1b: Banette\n|turn|8\n|\n|t:|1771261687\n|move|p1b: Banette|Shadow Sneak|p2a: Clodsire\n|-damage|p2a: Clodsire|0 fnt\n|faint|p2a: Clodsire\n|-damage|p1b: Banette|246/273|[from] item: Life Orb\n|move|p1a: Donphan|High Horsepower|p2b: Cobalion\n|-supereffective|p2b: Cobalion\n|-damage|p2b: Cobalion|0 fnt\n|faint|p2b: Cobalion\n|\n|upkeep\n|\n|t:|1771261698\n|switch|p2b: Scovillain|Scovillain, L90, M|263/263\n|switch|p2a: Quaquaval|Quaquaval, L82, M|274/274\n|turn|9\n|\n|t:|1771261706\n|move|p2b: Scovillain|Rage Powder|p2b: Scovillain\n|-singleturn|p2b: Scovillain|move: Rage Powder\n|move|p1a: Donphan|High Horsepower|p2b: Scovillain\n|-damage|p2b: Scovillain|106/263\n|-enditem|p2b: Scovillain|Sitrus Berry|[eat]\n|-heal|p2b: Scovillain|171/263|[from] item: Sitrus Berry\n|move|p2a: Quaquaval|Aqua Step|p1a: Donphan\n|-supereffective|p1a: Donphan\n|-damage|p1a: Donphan|0 fnt\n|-boost|p2a: Quaquaval|spe|1\n|faint|p1a: Donphan\n|-ability|p2a: Quaquaval|Moxie|boost\n|-boost|p2a: Quaquaval|atk|1\n|-damage|p2a: Quaquaval|247/274|[from] item: Life Orb\n|move|p1b: Banette|Poltergeist||[still]\n|-fail|p1b: Banette\n|\n|upkeep\n|\n|t:|1771261718\n|switch|p1a: Magearna|Magearna-Original, L71|231/231\n|turn|10\n|\n|t:|1771261727\n|move|p1a: Magearna|Protect|p1a: Magearna\n|-singleturn|p1a: Magearna|Protect\n|move|p2a: Quaquaval|Knock Off|p1b: Banette\n|-supereffective|p1b: Banette\n|-damage|p1b: Banette|0 fnt\n|-enditem|p1b: Banette|Life Orb|[from] move: Knock Off|[of] p2a: Quaquaval\n|faint|p1b: Banette\n|-ability|p1a: Magearna|Soul-Heart|boost\n|-boost|p1a: Magearna|spa|1\n|-ability|p2a: Quaquaval|Moxie|boost\n|-boost|p2a: Quaquaval|atk|1\n|-damage|p2a: Quaquaval|220/274|[from] item: Life Orb\n|move|p2b: Scovillain|Fire Blast|p1a: Magearna\n|-activate|p1a: Magearna|move: Protect\n|\n|upkeep\n|\n|t:|1771261731\n|switch|p1b: Dragalge|Dragalge, L88, M|233/258\n|turn|11\n|\n|t:|1771261745\n|move|p2a: Quaquaval|Knock Off|p1b: Dragalge\n|-damage|p1b: Dragalge|47/258\n|-enditem|p1b: Dragalge|Life Orb|[from] move: Knock Off|[of] p2a: Quaquaval\n|-damage|p2a: Quaquaval|193/274|[from] item: Life Orb\n|move|p2b: Scovillain|Fire Blast|p1a: Magearna\n|-supereffective|p1a: Magearna\n|-damage|p1a: Magearna|0 fnt\n|faint|p1a: Magearna\n|move|p1b: Dragalge|Sludge Bomb|p2b: Scovillain\n|-supereffective|p2b: Scovillain\n|-damage|p2b: Scovillain|0 fnt\n|faint|p2b: Scovillain\n|\n|upkeep\n|\n|t:|1771261753\n|switch|p2b: Iron Leaves|Iron Leaves, L81|47/278\n|turn|12\n|\n|t:|1771261756\n|move|p2a: Quaquaval|Aqua Step|p1b: Dragalge\n|-resisted|p1b: Dragalge\n|-damage|p1b: Dragalge|0 fnt\n|-boost|p2a: Quaquaval|spe|1\n|faint|p1b: Dragalge\n|-damage|p2a: Quaquaval|166/274|[from] item: Life Orb\n|\n|win|Niklasmadness\n|raw|smalls7575's rating: 1909 &rarr; <strong>1895</strong><br />(-14 for losing)\n|raw|Niklasmadness's rating: 2024 &rarr; <strong>2038</strong><br />(+14 for winning)\n", "inputlog": ">version 686819e5e19f8a7fd2345cfc5a08a5085efa2cc3\n>start {\"formatid\":\"gen9randomdoublesbattle\",\"seed\":\"sodium,7dad7935de741eda99bd1a34d2e53970\",\"rated\":\"Rated battle\"}\n>player p1 {\"name\":\"smalls7575\",\"avatar\":\"170\",\"rating\":1909,\"seed\":\"sodium,0f6721e7c5d3b428a943c8a3b2667bac\"}\n>player p2 {\"name\":\"Niklasmadness\",\"avatar\":\"cynthia\",\"rating\":2024,\"seed\":\"sodium,ad09db869d7d29d1c965e0fb5ebbc6d2\"}\n>p1 move darkpulse +1, move dracometeor +2\n>p2 move thunderwave +2, switch 6\n>p1 move darkpulse +2, switch 5\n>p2 move thunderwave +1, switch 6\n>p1 move psychic +2, move shellsmash terastallize\n>p2 move bodypress +2, move bodypress +2\n>p1 switch 6, move heatwave\n>p2 move ironhead +2, move protect\n>p2 switch 4, pass\n>p1 move rapidspin +1, move heatwave\n>p2 move highhorsepower +2, move heavyslam +2\n>p1 pass, switch 6\n>p1 move rapidspin +2, move psychic +1\n>p2 move recover, move heavyslam +2\n>p1 move highhorsepower +1, move psychic +1\n>p2 move highhorsepower +1, move heavyslam +2\n>p1 pass, switch 4\n>p1 move highhorsepower +2, move shadowsneak +1\n>p2 move recover, move heavyslam +2\n>p2 switch 5, switch 3\n>p1 move highhorsepower +1, move poltergeist +1\n>p2 move aquastep +1, move ragepowder\n>p1 switch 3, pass\n>p1 move protect, move gunkshot +2\n>p2 move knockoff +2, move fireblast +1\n>p1 pass, switch 5\n>p1 move trickroom, move sludgebomb +2\n>p2 move knockoff +2, move fireblast +1\n>p2 pass, switch 6\n>p1 pass, move sludgebomb +1\n>p2 move aquastep +2, move psyblade +2", "uploadtime": 1771261758, "views": 4, "formatid": "gen9randomdoublesbattle", "rating": 1895, "private": 0, "password": null}