{"id": "gen9randomdoublesbattle-2534610789", "format": "[Gen 9] Random Doubles Battle", "players": ["1st01", "gingerlike"], "log": "|j|☆1st01\n|j|☆gingerlike\n|t:|1770445588\n|gametype|doubles\n|player|p1|1st01|169|1614\n|player|p2|gingerlike|170|1631\n|gen|9\n|tier|[Gen 9] Random Doubles Battle\n|rated|\n|rule|Species Clause: Limit one of each Pokémon\n|rule|HP Percentage Mod: HP is shown in percentages\n|rule|Illusion Level Mod: Illusion disguises the Pokémon's true level\n|rule|Sleep Clause Mod: Limit one foe put to sleep\n|\n|t:|1770445588\n|teamsize|p1|6\n|teamsize|p2|6\n|start\n|switch|p1a: Braviary|Braviary-Hisui, L84, M|322/322\n|switch|p1b: Dachsbun|Dachsbun, L90, M|249/249\n|switch|p2a: Iron Leaves|Iron Leaves, L81|278/278\n|switch|p2b: Zebstrika|Zebstrika, L87, F|272/272\n|turn|1\n|inactive|Battle timer is ON: inactive players will automatically lose when time's up. (requested by gingerlike)\n|inactive|1st01 also wants the timer to be on.\n|j| kyubif\n|\n|t:|1770445607\n|-end|p2a: Iron Leaves|Quark Drive|[silent]\n|switch|p2a: Heatran|Heatran, L78, M|270/270\n|-terastallize|p1a: Braviary|Steel\n|move|p2b: Zebstrika|Thunderbolt|p1a: Braviary\n|-damage|p1a: Braviary|188/322\n|-damage|p2b: Zebstrika|245/272|[from] item: Life Orb\n|move|p1b: Dachsbun|Yawn|p2b: Zebstrika\n|-start|p2b: Zebstrika|move: Yawn|[of] p1b: Dachsbun\n|move|p1a: Braviary|Esper Wing|p2a: Heatran\n|-resisted|p2a: Heatran\n|-damage|p2a: Heatran|174/270\n|-boost|p1a: Braviary|spe|1\n|\n|-heal|p1a: Braviary|208/322|[from] item: Leftovers\n|upkeep\n|turn|2\n|inactive|gingerlike has 120 seconds left.\n|\n|t:|1770445641\n|move|p1a: Braviary|Protect|p1a: Braviary\n|-singleturn|p1a: Braviary|Protect\n|move|p2b: Zebstrika|Overheat|p1a: Braviary\n|-activate|p1a: Braviary|move: Protect\n|move|p1b: Dachsbun|Yawn|p2a: Heatran\n|-start|p2a: Heatran|move: Yawn|[of] p1b: Dachsbun\n|move|p2a: Heatran|Flash Cannon|p1b: Dachsbun\n|-supereffective|p1b: Dachsbun\n|-damage|p1b: Dachsbun|15/249\n|-enditem|p1b: Dachsbun|Sitrus Berry|[eat]\n|-heal|p1b: Dachsbun|77/249|[from] item: Sitrus Berry\n|-damage|p2a: Heatran|147/270|[from] item: Life Orb\n|\n|-heal|p1a: Braviary|228/322|[from] item: Leftovers\n|-end|p2b: Zebstrika|move: Yawn|[silent]\n|-status|p2b: Zebstrika|slp\n|upkeep\n|turn|3\n|inactive|gingerlike has 120 seconds left.\n|\n|t:|1770445677\n|cant|p2b: Zebstrika|slp\n|move|p1a: Braviary|Esper Wing|p2a: Heatran\n|-resisted|p2a: Heatran\n|-damage|p2a: Heatran|55/270\n|-boost|p1a: Braviary|spe|1\n|move|p1b: Dachsbun|Body Press|p2a: Heatran\n|-supereffective|p2a: Heatran\n|-damage|p2a: Heatran|0 fnt\n|faint|p2a: Heatran\n|\n|-heal|p1a: Braviary|248/322|[from] item: Leftovers\n|upkeep\n|\n|t:|1770445699\n|switch|p2a: Dialga|Dialga-Origin, L74|270/270\n|turn|4\n|\n|t:|1770445713\n|move|p1a: Braviary|Calm Mind|p1a: Braviary\n|-boost|p1a: Braviary|spa|1\n|-boost|p1a: Braviary|spd|1\n|-curestatus|p2b: Zebstrika|slp|[msg]\n|move|p2b: Zebstrika|Overheat|p1a: Braviary\n|-supereffective|p1a: Braviary\n|-damage|p1a: Braviary|63/322\n|-unboost|p2b: Zebstrika|spa|2\n|-damage|p2b: Zebstrika|218/272|[from] item: Life Orb\n|move|p1b: Dachsbun|Body Press|p2a: Dialga\n|-supereffective|p2a: Dialga\n|-damage|p2a: Dialga|138/270\n|move|p2a: Dialga|Flash Cannon|p1b: Dachsbun\n|-supereffective|p1b: Dachsbun\n|-damage|p1b: Dachsbun|0 fnt\n|faint|p1b: Dachsbun\n|\n|-heal|p1a: Braviary|83/322|[from] item: Leftovers\n|upkeep\n|\n|t:|1770445736\n|switch|p1b: Mesprit|Mesprit, L86|278/278\n|turn|5\n|inactive|gingerlike has 120 seconds left.\n|\n|t:|1770445759\n|move|p1a: Braviary|Protect|p1a: Braviary\n|-singleturn|p1a: Braviary|Protect\n|move|p2a: Dialga|Protect|p2a: Dialga\n|-singleturn|p2a: Dialga|Protect\n|move|p2b: Zebstrika|High Horsepower|p1a: Braviary\n|-activate|p1a: Braviary|move: Protect\n|move|p1b: Mesprit|Nasty Plot|p1b: Mesprit\n|-boost|p1b: Mesprit|spa|2\n|\n|-heal|p1a: Braviary|103/322|[from] item: Leftovers\n|upkeep\n|turn|6\n|\n|t:|1770445774\n|move|p1a: Braviary|Esper Wing|p2b: Zebstrika\n|-damage|p2b: Zebstrika|46/272\n|-boost|p1a: Braviary|spe|1\n|move|p2b: Zebstrika|High Horsepower|p1a: Braviary\n|-supereffective|p1a: Braviary\n|-damage|p1a: Braviary|0 fnt\n|faint|p1a: Braviary\n|-damage|p2b: Zebstrika|19/272|[from] item: Life Orb\n|move|p1b: Mesprit|Dazzling Gleam|p2a: Dialga|[spread] p2a,p2b\n|-damage|p2a: Dialga|30/270\n|-damage|p2b: Zebstrika|0 fnt\n|faint|p2b: Zebstrika\n|-damage|p1b: Mesprit|251/278|[from] item: Life Orb\n|move|p2a: Dialga|Fire Blast|p1b: Mesprit\n|-damage|p1b: Mesprit|172/278\n|\n|upkeep\n|l| kyubif\n|inactive|1st01 has 120 seconds left.\n|\n|t:|1770445802\n|switch|p2b: Mabosstiff|Mabosstiff, L84, F|272/272\n|switch|p1a: Magearna|Magearna, L71|231/231\n|-ability|p2b: Mabosstiff|Intimidate|boost\n|-unboost|p1a: Magearna|atk|1\n|-unboost|p1b: Mesprit|atk|1\n|turn|7\n|\n|t:|1770445822\n|move|p2b: Mabosstiff|Crunch|p1b: Mesprit\n|-supereffective|p1b: Mesprit\n|-damage|p1b: Mesprit|0 fnt\n|faint|p1b: Mesprit\n|-ability|p1a: Magearna|Soul-Heart|boost\n|-boost|p1a: Magearna|spa|1\n|move|p2a: Dialga|Fire Blast|p1a: Magearna\n|-supereffective|p1a: Magearna\n|-crit|p1a: Magearna\n|-damage|p1a: Magearna|0 fnt\n|faint|p1a: Magearna\n|\n|upkeep\n|\n|t:|1770445834\n|switch|p1b: Crawdaunt|Crawdaunt, L87, F|251/251\n|switch|p1a: Charizard|Charizard, L82, F|262/262\n|turn|8\n|\n|t:|1770445851\n|move|p1a: Charizard|Heat Wave|p2b: Mabosstiff|[spread] p2a,p2b\n|-damage|p2a: Dialga|0 fnt\n|-damage|p2b: Mabosstiff|151/272\n|faint|p2a: Dialga\n|-damage|p1a: Charizard|236/262|[from] item: Life Orb\n|move|p2b: Mabosstiff|Crunch|p1a: Charizard\n|-damage|p1a: Charizard|76/262\n|move|p1b: Crawdaunt|Knock Off|p2b: Mabosstiff\n|-resisted|p2b: Mabosstiff\n|-damage|p2b: Mabosstiff|29/272\n|-enditem|p2b: Mabosstiff|Choice Band|[from] move: Knock Off|[of] p1b: Crawdaunt\n|\n|upkeep\n|\n|t:|1770445857\n|switch|p2a: Kingdra|Kingdra, L85, F|266/266\n|turn|9\n|\n|t:|1770445874\n|move|p1a: Charizard|Heat Wave|p2b: Mabosstiff|[spread] p2a\n|-miss|p1a: Charizard|p2b: Mabosstiff\n|-resisted|p2a: Kingdra\n|-damage|p2a: Kingdra|230/266\n|-status|p2a: Kingdra|brn\n|-damage|p1a: Charizard|50/262|[from] item: Life Orb\n|move|p2a: Kingdra|Rain Dance|p2a: Kingdra\n|-weather|RainDance\n|move|p2b: Mabosstiff|Play Rough|p1b: Crawdaunt\n|-supereffective|p1b: Crawdaunt\n|-damage|p1b: Crawdaunt|107/251\n|move|p1b: Crawdaunt|Knock Off|p2a: Kingdra\n|-damage|p2a: Kingdra|0 fnt\n|-enditem|p2a: Kingdra|Life Orb|[from] move: Knock Off|[of] p1b: Crawdaunt\n|faint|p2a: Kingdra\n|\n|-weather|RainDance|[upkeep]\n|upkeep\n|-message|1st01 forfeited.\n|\n|win|gingerlike\n|raw|1st01's rating: 1614 &rarr; <strong>1595</strong><br />(-19 for losing)\n|raw|gingerlike's rating: 1631 &rarr; <strong>1650</strong><br />(+19 for winning)\n", "inputlog": ">version ccdc32dd7cde25fd9e4bed64820e885f66e78a4e\n>start {\"formatid\":\"gen9randomdoublesbattle\",\"seed\":\"sodium,38102f82ba262385663c1b5019396182\",\"rated\":\"Rated battle\"}\n>player p1 {\"name\":\"1st01\",\"avatar\":\"169\",\"rating\":1614,\"seed\":\"sodium,299efeef0a0cf010fe330e88df4ff4e1\"}\n>player p2 {\"name\":\"gingerlike\",\"avatar\":\"170\",\"rating\":1631,\"seed\":\"sodium,335036312f089f85d0414b68bca3341c\"}\n>p1 move esperwing +1 terastallize, move yawn +2\n>p2 switch 4, move thunderbolt +1\n>p1 move protect, move yawn +1\n>p2 move flashcannon +2, move overheat +1\n>p1 move esperwing +1, move bodypress +1\n>p2 move flashcannon +2, move overheat +1\n>p2 switch 3, pass\n>p1 move calmmind, move bodypress +1\n>p2 move flashcannon +2, move overheat +1\n>p1 pass, switch 3\n>p1 move protect, move nastyplot\n>p2 move protect, move highhorsepower +1\n>p1 move esperwing +2, move dazzlinggleam\n>p2 move fireblast +1, move highhorsepower +1\n>p1 switch 4, pass\n>p2 pass, switch 5\n>p1 move trickroom, move dazzlinggleam\n>p2 move fireblast +1, move crunch +2\n>p1 switch 5, switch 6\n>p1 move heatwave, move knockoff +2\n>p2 move dracometeor +2, move crunch +1\n>p2 switch 6, pass\n>p1 move heatwave, move knockoff +1\n>p2 move raindance, move playrough +2\n>forcelose p1", "uploadtime": 1770445886, "views": 92, "formatid": "gen9randomdoublesbattle", "rating": 1595, "private": 0, "password": null}