{"id": "gen9randomdoublesbattle-2536862313", "format": "[Gen 9] Random Doubles Battle", "players": ["SuperPeachGuy", "crustytoejam"], "log": "|j|☆SuperPeachGuy\n|j|☆crustytoejam\n|t:|1770743553\n|gametype|doubles\n|player|p1|SuperPeachGuy|rancher|1828\n|player|p2|crustytoejam|clown|1727\n|gen|9\n|tier|[Gen 9] Random Doubles Battle\n|rated|\n|rule|Species Clause: Limit one of each Pokémon\n|rule|HP Percentage Mod: HP is shown in percentages\n|rule|Illusion Level Mod: Illusion disguises the Pokémon's true level\n|rule|Sleep Clause Mod: Limit one foe put to sleep\n|\n|t:|1770743553\n|teamsize|p1|6\n|teamsize|p2|6\n|start\n|switch|p1a: Glaceon|Glaceon, L86, F|252/252\n|switch|p1b: Raichu|Raichu, L87, M|246/246\n|switch|p2a: Chandelure|Chandelure, L81, F|230/230\n|switch|p2b: Floatzel|Floatzel, L86, F|286/286\n|turn|1\n|inactive|Battle timer is ON: inactive players will automatically lose when time's up. (requested by crustytoejam)\n|inactive|SuperPeachGuy has 120 seconds left.\n|\n|t:|1770743584\n|switch|p2b: Koraidon|Koraidon, L66|242/242\n|-weather|SunnyDay|[from] ability: Orichalcum Pulse|[of] p2b: Koraidon\n|-activate|p2b: Koraidon|Orichalcum Pulse|[source]\n|switch|p1a: Noivern|Noivern, L84, M|280/280\n|-item|p2a: Chandelure|Choice Scarf|[from] ability: Frisk|[of] p1a: Noivern\n|-item|p2b: Koraidon|Choice Band|[from] ability: Frisk|[of] p1a: Noivern\n|-terastallize|p2a: Chandelure|Fire\n|move|p2a: Chandelure|Heat Wave|p1b: Raichu|[spread] p1a,p1b\n|-resisted|p1a: Noivern\n|-damage|p1a: Noivern|178/280\n|-damage|p1b: Raichu|58/246\n|move|p1b: Raichu|Thunderbolt|p2b: Koraidon\n|-resisted|p2b: Koraidon\n|-damage|p2b: Koraidon|171/242\n|-status|p2b: Koraidon|par\n|-damage|p1b: Raichu|34/246|[from] item: Life Orb\n|\n|-weather|SunnyDay|[upkeep]\n|upkeep\n|turn|2\n|\n|t:|1770743608\n|move|p2a: Chandelure|Heat Wave|p1b: Raichu|[spread] p1a,p1b\n|-resisted|p1a: Noivern\n|-damage|p1a: Noivern|67/280\n|-damage|p1b: Raichu|0 fnt\n|-status|p1a: Noivern|brn\n|-enditem|p1a: Noivern|Sitrus Berry|[eat]\n|-heal|p1a: Noivern|137/280 brn|[from] item: Sitrus Berry\n|faint|p1b: Raichu\n|move|p1a: Noivern|Draco Meteor|p2b: Koraidon\n|-supereffective|p2b: Koraidon\n|-damage|p2b: Koraidon|0 fnt\n|-unboost|p1a: Noivern|spa|2\n|faint|p2b: Koraidon\n|\n|-weather|SunnyDay|[upkeep]\n|-damage|p1a: Noivern|120/280 brn|[from] brn\n|upkeep\n|\n|t:|1770743618\n|switch|p1b: Indeedee|Indeedee, L79, M|224/224\n|switch|p2b: Munkidori|Munkidori, L80, M|272/272\n|-fieldstart|move: Psychic Terrain|[from] ability: Psychic Surge|[of] p1b: Indeedee\n|turn|3\n|\n|t:|1770743635\n|move|p2a: Chandelure|Heat Wave|p1b: Indeedee|[spread] p1a,p1b\n|-resisted|p1a: Noivern\n|-damage|p1a: Noivern|10/280 brn\n|-damage|p1b: Indeedee|30/224\n|move|p1a: Noivern|Tailwind|p1a: Noivern\n|-sidestart|p1: SuperPeachGuy|move: Tailwind\n|move|p1b: Indeedee|Expanding Force|p2b: Munkidori|[spread] p2a,p2b\n|-damage|p2a: Chandelure|47/230\n|-damage|p2b: Munkidori|149/272\n|move|p2b: Munkidori|Psychic|p1a: Noivern\n|-damage|p1a: Noivern|0 fnt\n|faint|p1a: Noivern\n|\n|-weather|SunnyDay|[upkeep]\n|upkeep\n|\n|t:|1770743648\n|switch|p1a: Gogoat|Gogoat, L90, M|368/368\n|turn|4\n|\n|t:|1770743655\n|switch|p2a: Floatzel|Floatzel, L86, F|286/286\n|move|p1b: Indeedee|Expanding Force|p2a: Floatzel|[spread] p2a,p2b\n|-damage|p2a: Floatzel|36/286\n|-damage|p2b: Munkidori|35/272\n|move|p1a: Gogoat|High Horsepower|p2b: Munkidori\n|-supereffective|p2b: Munkidori\n|-damage|p2b: Munkidori|0 fnt\n|faint|p2b: Munkidori\n|\n|-weather|SunnyDay|[upkeep]\n|upkeep\n|\n|t:|1770743659\n|switch|p2b: Iron Jugulis|Iron Jugulis, L79|278/278\n|-enditem|p2b: Iron Jugulis|Booster Energy\n|-activate|p2b: Iron Jugulis|ability: Quark Drive|[fromitem]\n|-start|p2b: Iron Jugulis|quarkdrivespa\n|turn|5\n|inactive|SuperPeachGuy has 120 seconds left.\n|\n|t:|1770743692\n|move|p2a: Floatzel|Protect|p2a: Floatzel\n|-singleturn|p2a: Floatzel|Protect\n|move|p1b: Indeedee|Expanding Force|p2a: Floatzel|[spread] \n|-activate|p2a: Floatzel|move: Protect\n|-immune|p2b: Iron Jugulis\n|move|p1a: Gogoat|Double-Edge|p2b: Iron Jugulis\n|-damage|p2b: Iron Jugulis|160/278\n|-damage|p1a: Gogoat|329/368|[from] Recoil\n|move|p2b: Iron Jugulis|Tailwind|p2b: Iron Jugulis\n|-sidestart|p2: crustytoejam|move: Tailwind\n|\n|-weather|none\n|upkeep\n|turn|6\n|\n|t:|1770743707\n|move|p2a: Floatzel|Wave Crash|p1b: Indeedee\n|-damage|p1b: Indeedee|0 fnt\n|faint|p1b: Indeedee\n|-damage|p2a: Floatzel|26/286|[from] Recoil\n|-damage|p2a: Floatzel|0 fnt|[from] item: Life Orb\n|faint|p2a: Floatzel\n|move|p2b: Iron Jugulis|Hurricane|p1a: Gogoat\n|-supereffective|p1a: Gogoat\n|-damage|p1a: Gogoat|99/368\n|-start|p1a: Gogoat|confusion\n|-activate|p1a: Gogoat|confusion\n|move|p1a: Gogoat|Horn Leech|p2b: Iron Jugulis\n|-resisted|p2b: Iron Jugulis\n|-damage|p2b: Iron Jugulis|107/278\n|-heal|p1a: Gogoat|126/368|[from] drain|[of] p2b: Iron Jugulis\n|\n|-sideend|p1: SuperPeachGuy|move: Tailwind\n|upkeep\n|\n|t:|1770743718\n|switch|p2a: Chandelure|Chandelure, L81, F, tera:Fire|47/230\n|switch|p1b: Glaceon|Glaceon, L86, F|252/252\n|turn|7\n|\n|t:|1770743729\n|-terastallize|p1b: Glaceon|Ground\n|move|p2a: Chandelure|Heat Wave|p1a: Gogoat|[spread] p1a,p1b\n|-supereffective|p1a: Gogoat\n|-damage|p1a: Gogoat|0 fnt\n|-damage|p1b: Glaceon|134/252\n|faint|p1a: Gogoat\n|move|p2b: Iron Jugulis|Dark Pulse|p1b: Glaceon\n|-damage|p1b: Glaceon|26/252\n|move|p1b: Glaceon|Mud Shot|p2a: Chandelure\n|-supereffective|p2a: Chandelure\n|-damage|p2a: Chandelure|0 fnt\n|faint|p2a: Chandelure\n|\n|-fieldend|move: Psychic Terrain\n|upkeep\n|\n|t:|1770743739\n|switch|p2a: Mienshao|Mienshao, L84, M|246/246\n|switch|p1a: Leavanny|Leavanny, L91, F|284/284\n|turn|8\n|\n|t:|1770743745\n|move|p1a: Leavanny|Protect|p1a: Leavanny\n|-singleturn|p1a: Leavanny|Protect\n|move|p2a: Mienshao|Fake Out|p1a: Leavanny\n|-activate|p1a: Leavanny|move: Protect\n|move|p2b: Iron Jugulis|Dark Pulse|p1b: Glaceon\n|-damage|p1b: Glaceon|0 fnt\n|faint|p1b: Glaceon\n|\n|-sideend|p2: crustytoejam|move: Tailwind\n|upkeep\n|turn|9\n|\n|t:|1770743754\n|move|p2a: Mienshao|Triple Axel|p1a: Leavanny\n|-supereffective|p1a: Leavanny\n|-damage|p1a: Leavanny|246/284\n|-supereffective|p1a: Leavanny\n|-damage|p1a: Leavanny|174/284\n|-supereffective|p1a: Leavanny\n|-damage|p1a: Leavanny|74/284\n|-hitcount|p1a: Leavanny|3\n|move|p1a: Leavanny|Lunge|p2b: Iron Jugulis\n|-damage|p2b: Iron Jugulis|0 fnt\n|faint|p2b: Iron Jugulis\n|-end|p2b: Iron Jugulis|Quark Drive|[silent]\n|-damage|p1a: Leavanny|46/284|[from] item: Life Orb\n|\n|upkeep\n|turn|10\n|\n|t:|1770743760\n|move|p2a: Mienshao|Triple Axel|p1a: Leavanny\n|-supereffective|p1a: Leavanny\n|-damage|p1a: Leavanny|12/284\n|-supereffective|p1a: Leavanny\n|-damage|p1a: Leavanny|0 fnt\n|faint|p1a: Leavanny\n|-hitcount|p1: Leavanny|2\n|\n|win|crustytoejam\n|raw|SuperPeachGuy's rating: 1828 &rarr; <strong>1802</strong><br />(-26 for losing)\n|raw|crustytoejam's rating: 1727 &rarr; <strong>1753</strong><br />(+26 for winning)\n|l|☆SuperPeachGuy\n|player|p1|\n", "inputlog": ">version ccdc32dd7cde25fd9e4bed64820e885f66e78a4e\n>start {\"formatid\":\"gen9randomdoublesbattle\",\"seed\":\"sodium,98ad5bbc32359e7319fdd46f99b27dca\",\"rated\":\"Rated battle\"}\n>player p1 {\"name\":\"SuperPeachGuy\",\"avatar\":\"rancher\",\"rating\":1828,\"seed\":\"sodium,d132342bb7194628c8078ef57878e446\"}\n>player p2 {\"name\":\"crustytoejam\",\"avatar\":\"clown\",\"rating\":1727,\"seed\":\"sodium,b8fe8ad91debc180d805d6a1bb5757f7\"}\n>p1 switch 5, move thunderbolt +2\n>p2 move heatwave terastallize, switch 6\n>p1 move dracometeor +2, move thunderbolt +1\n>p2 move heatwave, move dragonclaw +1\n>p1 pass, switch 6\n>p2 pass, switch 5\n>p1 move tailwind, move expandingforce +1\n>p2 move heatwave, move psychic +1\n>p1 switch 3, pass\n>p1 move highhorsepower +2, move expandingforce +1\n>p2 switch 6, move sludgebomb +1\n>p2 pass, switch 4\n>p1 move doubleedge +2, move expandingforce +1\n>p2 move protect, move tailwind\n>p1 move hornleech +1, move expandingforce +1\n>p2 move wavecrash +2, move hurricane +1\n>p1 pass, switch 5\n>p2 switch 6, pass\n>p1 move doubleedge +2, move mudshot +1 terastallize\n>p2 move heatwave, move darkpulse +2\n>p1 switch 4, pass\n>p2 switch 3, pass\n>p1 move protect, move blizzard\n>p2 move fakeout +1, move darkpulse +2\n>p1 move lunge +2, pass\n>p2 move tripleaxel +1, move tailwind\n>p1 move leafblade +1, pass\n>p2 move tripleaxel +1, pass", "uploadtime": 1770743766, "views": 67, "formatid": "gen9randomdoublesbattle", "rating": 1753, "private": 0, "password": null}