{"id": "gen9randomdoublesbattle-2536227675", "format": "[Gen 9] Random Doubles Battle", "players": ["staraptor854", "shigeshigetokugawa"], "log": "|j|☆staraptor854\n|j|☆shigeshigetokugawa\n|t:|1770665757\n|gametype|doubles\n|player|p1|staraptor854|riley|2015\n|player|p2|shigeshigetokugawa|ghetsis-gen5bw|2000\n|gen|9\n|tier|[Gen 9] Random Doubles Battle\n|rated|\n|rule|Species Clause: Limit one of each Pokémon\n|rule|HP Percentage Mod: HP is shown in percentages\n|rule|Illusion Level Mod: Illusion disguises the Pokémon's true level\n|rule|Sleep Clause Mod: Limit one foe put to sleep\n|\n|t:|1770665757\n|teamsize|p1|6\n|teamsize|p2|6\n|start\n|switch|p1a: Rampardos|Rampardos, L87, F|311/311\n|switch|p1b: Fezandipiti|Fezandipiti, L81, M|275/275\n|switch|p2a: Lurantis|Lurantis, L85, M|258/258\n|switch|p2b: Floatzel|Floatzel, L86, F|286/286\n|turn|1\n|inactive|Battle timer is ON: inactive players will automatically lose when time's up. (requested by staraptor854)\n|\n|t:|1770665783\n|switch|p1a: Sinistcha|Sinistcha, L81|248/248\n|switch|p2a: Goodra|Goodra-Hisui, L81, F|262/262\n|move|p2b: Floatzel|Wave Crash|p1b: Fezandipiti\n|-damage|p1b: Fezandipiti|63/275\n|-enditem|p1b: Fezandipiti|Sitrus Berry|[eat]\n|-heal|p1b: Fezandipiti|131/275|[from] item: Sitrus Berry\n|-damage|p2b: Floatzel|216/286|[from] Recoil\n|-damage|p2b: Floatzel|188/286|[from] item: Life Orb\n|move|p1b: Fezandipiti|Gunk Shot|p2a: Goodra\n|-immune|p2a: Goodra\n|\n|upkeep\n|turn|2\n|\n|t:|1770665812\n|switch|p2b: Tropius|Tropius, L94, F|339/339\n|move|p1b: Fezandipiti|Roost|p1b: Fezandipiti\n|-heal|p1b: Fezandipiti|269/275\n|-singleturn|p1b: Fezandipiti|move: Roost\n|move|p1a: Sinistcha|Calm Mind|p1a: Sinistcha\n|-boost|p1a: Sinistcha|spa|1\n|-boost|p1a: Sinistcha|spd|1\n|move|p2a: Goodra|Heavy Slam|p1b: Fezandipiti\n|-supereffective|p1b: Fezandipiti\n|-damage|p1b: Fezandipiti|17/275\n|\n|upkeep\n|turn|3\n|\n|t:|1770665836\n|move|p1b: Fezandipiti|Icy Wind|p2b: Tropius|[spread] p2a,p2b\n|-supereffective|p2b: Tropius\n|-damage|p2a: Goodra|252/262\n|-damage|p2b: Tropius|255/339\n|-unboost|p2a: Goodra|spe|1\n|-unboost|p2b: Tropius|spe|1\n|move|p1a: Sinistcha|Shadow Ball|p2b: Tropius\n|-crit|p2b: Tropius\n|-damage|p2b: Tropius|71/339\n|-enditem|p2b: Tropius|Sitrus Berry|[eat]\n|-heal|p2b: Tropius|155/339|[from] item: Sitrus Berry\n|move|p2b: Tropius|Hurricane|p1a: Sinistcha\n|-supereffective|p1a: Sinistcha\n|-damage|p1a: Sinistcha|66/248\n|move|p2a: Goodra|Heavy Slam|p1b: Fezandipiti\n|-supereffective|p1b: Fezandipiti\n|-damage|p1b: Fezandipiti|0 fnt\n|faint|p1b: Fezandipiti\n|\n|-heal|p1a: Sinistcha|81/248|[from] item: Leftovers\n|upkeep\n|inactive|staraptor854 has 120 seconds left.\n|\n|t:|1770665868\n|switch|p1b: Blaziken|Blaziken, L79, M|256/256\n|turn|4\n|inactive|staraptor854 has 120 seconds left.\n|\n|t:|1770665885\n|move|p1b: Blaziken|Close Combat|p2a: Goodra\n|-supereffective|p2a: Goodra\n|-damage|p2a: Goodra|0 fnt\n|-unboost|p1b: Blaziken|def|1\n|-unboost|p1b: Blaziken|spd|1\n|faint|p2a: Goodra\n|-damage|p1b: Blaziken|231/256|[from] item: Life Orb\n|move|p1a: Sinistcha|Calm Mind|p1a: Sinistcha\n|-boost|p1a: Sinistcha|spa|1\n|-boost|p1a: Sinistcha|spd|1\n|move|p2b: Tropius|Tailwind|p2b: Tropius\n|-sidestart|p2: shigeshigetokugawa|move: Tailwind\n|\n|-heal|p1a: Sinistcha|96/248|[from] item: Leftovers\n|-item|p2b: Tropius|Sitrus Berry|[from] ability: Harvest\n|-ability|p1b: Blaziken|Speed Boost|boost\n|-boost|p1b: Blaziken|spe|1\n|upkeep\n|-enditem|p2b: Tropius|Sitrus Berry|[eat]\n|-heal|p2b: Tropius|239/339|[from] item: Sitrus Berry\n|\n|t:|1770665889\n|switch|p2a: Flareon|Flareon, L90, M|263/263\n|turn|5\n|inactive|staraptor854 has 120 seconds left.\n|\n|t:|1770665926\n|move|p1b: Blaziken|Protect|p1b: Blaziken\n|-singleturn|p1b: Blaziken|Protect\n|move|p1a: Sinistcha|Protect|p1a: Sinistcha\n|-singleturn|p1a: Sinistcha|Protect\n|move|p2a: Flareon|Flare Blitz|p1a: Sinistcha\n|-activate|p1a: Sinistcha|move: Protect\n|move|p2b: Tropius|Hurricane|p1b: Blaziken\n|-activate|p1b: Blaziken|move: Protect\n|\n|-heal|p1a: Sinistcha|111/248|[from] item: Leftovers\n|-status|p2a: Flareon|tox|[from] item: Toxic Orb\n|-ability|p1b: Blaziken|Speed Boost|boost\n|-boost|p1b: Blaziken|spe|1\n|-item|p2b: Tropius|Sitrus Berry|[from] ability: Harvest\n|upkeep\n|turn|6\n|inactive|staraptor854 has 120 seconds left.\n|\n|t:|1770665961\n|move|p2b: Tropius|Protect|p2b: Tropius\n|-singleturn|p2b: Tropius|Protect\n|move|p1a: Sinistcha|Protect|p1a: Sinistcha\n|-singleturn|p1a: Sinistcha|Protect\n|move|p1b: Blaziken|Close Combat|p2a: Flareon\n|-damage|p2a: Flareon|51/263 tox\n|-unboost|p1b: Blaziken|def|1\n|-unboost|p1b: Blaziken|spd|1\n|-damage|p1b: Blaziken|206/256|[from] item: Life Orb\n|move|p2a: Flareon|Facade|p1b: Blaziken\n|-damage|p1b: Blaziken|0 fnt\n|faint|p1b: Blaziken\n|\n|-heal|p1a: Sinistcha|126/248|[from] item: Leftovers\n|-damage|p2a: Flareon|35/263 tox|[from] psn\n|upkeep\n|inactive|staraptor854 has 90 seconds left.\n|\n|t:|1770665999\n|switch|p1b: Noivern|Noivern, L84, F|280/280\n|-item|p2a: Flareon|Toxic Orb|[from] ability: Frisk|[of] p1b: Noivern\n|-item|p2b: Tropius|Sitrus Berry|[from] ability: Frisk|[of] p1b: Noivern\n|turn|7\n|\n|t:|1770666015\n|-terastallize|p2a: Flareon|Normal\n|move|p2a: Flareon|Facade|p1b: Noivern\n|-damage|p1b: Noivern|0 fnt\n|faint|p1b: Noivern\n|move|p2b: Tropius|Hurricane|p1a: Sinistcha\n|-supereffective|p1a: Sinistcha\n|-damage|p1a: Sinistcha|0 fnt\n|faint|p1a: Sinistcha\n|\n|-damage|p2a: Flareon|3/263 tox|[from] psn\n|-sideend|p2: shigeshigetokugawa|move: Tailwind\n|upkeep\n|inactive|staraptor854 has 90 seconds left.\n|\n|t:|1770666032\n|switch|p1b: Crabominable|Crabominable, L89, F|317/317\n|switch|p1a: Rampardos|Rampardos, L87, F|311/311\n|turn|8\n|\n|t:|1770666050\n|-terastallize|p1a: Rampardos|Rock\n|move|p2a: Flareon|Quick Attack|p1b: Crabominable\n|-damage|p1b: Crabominable|211/317\n|move|p1a: Rampardos|Rock Slide|p2b: Tropius|[spread] p2a,p2b\n|-supereffective|p2b: Tropius\n|-damage|p2a: Flareon|0 fnt\n|-damage|p2b: Tropius|0 fnt\n|faint|p2a: Flareon\n|faint|p2b: Tropius\n|move|p1b: Crabominable|Ice Hammer|p2: Flareon|[notarget]\n|-fail|p1b: Crabominable\n|\n|upkeep\n|\n|t:|1770666061\n|switch|p2a: Floatzel|Floatzel, L86, F|188/286\n|switch|p2b: Rampardos|Rampardos, L87, M|311/311\n|turn|9\n|inactive|shigeshigetokugawa has 120 seconds left.\n|c|☆shigeshigetokugawa|Gl in rbel\n|\n|t:|1770666096\n|move|p2a: Floatzel|Wave Crash|p1a: Rampardos\n|-supereffective|p1a: Rampardos\n|-damage|p1a: Rampardos|0 fnt\n|faint|p1a: Rampardos\n|-damage|p2a: Floatzel|85/286|[from] Recoil\n|-damage|p2a: Floatzel|57/286|[from] item: Life Orb\n|move|p2b: Rampardos|Fire Punch|p1b: Crabominable\n|-supereffective|p1b: Crabominable\n|-damage|p1b: Crabominable|0 fnt\n|faint|p1b: Crabominable\n|\n|win|shigeshigetokugawa\n|raw|staraptor854's rating: 2015 &rarr; <strong>1994</strong><br />(-21 for losing)\n|raw|shigeshigetokugawa's rating: 2000 &rarr; <strong>2021</strong><br />(+21 for winning)\n|c|☆staraptor854|thx\n|c|☆staraptor854|gg\n|c|☆shigeshigetokugawa|Gg\n|l|☆staraptor854\n|player|p1|\n|c|☆shigeshigetokugawa|I'm dinis from rbtt btw\n", "inputlog": ">version ccdc32dd7cde25fd9e4bed64820e885f66e78a4e\n>start {\"formatid\":\"gen9randomdoublesbattle\",\"seed\":\"sodium,8cc805e580b457e6ffdbec21d3a1b292\",\"rated\":\"Rated battle\"}\n>player p1 {\"name\":\"staraptor854\",\"avatar\":\"riley\",\"rating\":2015,\"seed\":\"sodium,825f6617ebe094d5613bd3711f91739e\"}\n>player p2 {\"name\":\"shigeshigetokugawa\",\"avatar\":\"ghetsis-gen5bw\",\"rating\":2000,\"seed\":\"sodium,34bf98f14a06c062a78a79c132c08ffa\"}\n>p1 switch 3, move gunkshot +1\n>p2 switch 5, move wavecrash +2\n>p1 move calmmind, move roost\n>p2 move heavyslam +2, switch 3\n>p1 move shadowball +2, move icywind\n>p2 move heavyslam +2, move hurricane +1\n>p1 pass, switch 5\n>p1 move calmmind, move closecombat +1\n>p2 move heavyslam +1, move tailwind\n>p2 switch 6, pass\n>p1 move protect, move protect\n>p2 move flareblitz +1, move hurricane +2\n>p1 move protect, move closecombat +1\n>p2 move facade +2, move protect\n>p1 pass, switch 6\n>p1 move calmmind, move tailwind\n>p2 move facade +2 terastallize, move hurricane +1\n>p1 switch 3, switch 4\n>p1 move rockslide terastallize, move icehammer +2\n>p2 move quickattack +2, move tailwind\n>p2 switch 3, switch 4\n>chat ☆shigeshigetokugawa|Gl in rbel\n>p1 move rockslide, move drainpunch +2\n>p2 move wavecrash +1, move firepunch +2", "uploadtime": 1770666127, "views": 79, "formatid": "gen9randomdoublesbattle", "rating": 1994, "private": 0, "password": null}