{"id": "gen9randomdoublesbattle-2536888645", "format": "[Gen 9] Random Doubles Battle", "players": ["Salhab2000", "hongbin1"], "log": "|j|☆Salhab2000\n|j|☆hongbin1\n|t:|1770745827\n|gametype|doubles\n|player|p1|Salhab2000|beauty|1890\n|player|p2|hongbin1|265|1949\n|gen|9\n|tier|[Gen 9] Random Doubles Battle\n|rated|\n|rule|Species Clause: Limit one of each Pokémon\n|rule|HP Percentage Mod: HP is shown in percentages\n|rule|Illusion Level Mod: Illusion disguises the Pokémon's true level\n|rule|Sleep Clause Mod: Limit one foe put to sleep\n|\n|t:|1770745827\n|teamsize|p1|6\n|teamsize|p2|6\n|start\n|switch|p1a: Cetitan|Cetitan, L83, M|418/418\n|switch|p1b: Skarmory|Skarmory, L85, M|249/249\n|switch|p2a: Smeargle|Smeargle, M|272/272\n|switch|p2b: Incineroar|Incineroar, L78, M|276/276\n|-ability|p2b: Incineroar|Intimidate|boost\n|-unboost|p1a: Cetitan|atk|1\n|-unboost|p1b: Skarmory|atk|1\n|turn|1\n|inactive|Battle timer is ON: inactive players will automatically lose when time's up. (requested by Salhab2000)\n|\n|t:|1770745847\n|switch|p1a: Dipplin|Dipplin, L92, F|297/297\n|move|p2b: Incineroar|Fake Out|p1b: Skarmory\n|-resisted|p1b: Skarmory\n|-damage|p1b: Skarmory|240/249\n|move|p2a: Smeargle|No Retreat|p2a: Smeargle\n|-boost|p2a: Smeargle|atk|1\n|-boost|p2a: Smeargle|def|1\n|-boost|p2a: Smeargle|spa|1\n|-boost|p2a: Smeargle|spd|1\n|-boost|p2a: Smeargle|spe|1\n|-start|p2a: Smeargle|move: No Retreat\n|cant|p1b: Skarmory|flinch\n|\n|-heal|p1b: Skarmory|249/249|[from] item: Leftovers\n|upkeep\n|turn|2\n|\n|t:|1770745860\n|move|p2a: Smeargle|Baton Pass|p2a: Smeargle\n|\n|t:|1770745862\n|switch|p2a: Articuno|Articuno-Galar, L82|282/282|[from] Baton Pass\n|move|p1b: Skarmory|Tailwind|p1b: Skarmory\n|-sidestart|p1: Salhab2000|move: Tailwind\n|move|p1a: Dipplin|Syrup Bomb|p2a: Articuno\n|-resisted|p2a: Articuno\n|-damage|p2a: Articuno|259/282\n|-start|p2a: Articuno|Syrup Bomb\n|move|p2b: Incineroar|Flare Blitz|p1b: Skarmory\n|-supereffective|p1b: Skarmory\n|-damage|p1b: Skarmory|85/249\n|-status|p1b: Skarmory|brn\n|-damage|p2b: Incineroar|222/276|[from] Recoil\n|\n|-heal|p1b: Skarmory|100/249 brn|[from] item: Leftovers\n|-damage|p1b: Skarmory|85/249 brn|[from] brn\n|-unboost|p2a: Articuno|spe|1\n|-ability|p2a: Articuno|Competitive|boost\n|-boost|p2a: Articuno|spa|2\n|upkeep\n|turn|3\n|\n|t:|1770745887\n|move|p1b: Skarmory|Body Press|p2b: Incineroar\n|-supereffective|p2b: Incineroar\n|-damage|p2b: Incineroar|137/276\n|move|p1a: Dipplin|Dragon Pulse|p2a: Articuno\n|-damage|p2a: Articuno|189/282\n|move|p2a: Articuno|Tailwind|p2a: Articuno\n|-sidestart|p2: hongbin1|move: Tailwind\n|move|p2b: Incineroar|Parting Shot|p1a: Dipplin\n|-unboost|p1a: Dipplin|atk|1\n|-unboost|p1a: Dipplin|spa|1\n|\n|t:|1770745894\n|switch|p2b: Overqwil|Overqwil, L82, F|274/274|[from] Parting Shot\n|-ability|p2b: Overqwil|Intimidate|boost\n|-unboost|p1a: Dipplin|atk|1\n|-unboost|p1b: Skarmory|atk|1\n|\n|-heal|p1b: Skarmory|100/249 brn|[from] item: Leftovers\n|-damage|p1b: Skarmory|85/249 brn|[from] brn\n|-unboost|p2a: Articuno|spe|1\n|-ability|p2a: Articuno|Competitive|boost\n|-boost|p2a: Articuno|spa|2\n|upkeep\n|turn|4\n|\n|t:|1770745917\n|move|p2b: Overqwil|Gunk Shot|p1a: Dipplin|[miss]\n|-miss|p2b: Overqwil|p1a: Dipplin\n|move|p1b: Skarmory|Brave Bird|p2a: Articuno\n|-damage|p2a: Articuno|169/282\n|-damage|p1b: Skarmory|78/249 brn|[from] Recoil\n|move|p2a: Articuno|Freezing Glare|p1a: Dipplin\n|-damage|p1a: Dipplin|0 fnt\n|faint|p1a: Dipplin\n|-end|p2a: Articuno|Syrup Bomb|[silent]\n|-damage|p2a: Articuno|141/282|[from] item: Life Orb\n|\n|-heal|p1b: Skarmory|93/249 brn|[from] item: Leftovers\n|-damage|p1b: Skarmory|78/249 brn|[from] brn\n|upkeep\n|inactive|Salhab2000 has 120 seconds left.\n|\n|t:|1770745946\n|switch|p1a: Cetitan|Cetitan, L83, M|418/418\n|turn|5\n|\n|t:|1770745953\n|-terastallize|p2a: Articuno|Steel\n|move|p2b: Overqwil|Swords Dance|p2b: Overqwil\n|-boost|p2b: Overqwil|atk|2\n|move|p1a: Cetitan|Icicle Crash|p2a: Articuno\n|-resisted|p2a: Articuno\n|-damage|p2a: Articuno|85/282\n|move|p1b: Skarmory|Body Press|p2a: Articuno\n|-supereffective|p2a: Articuno\n|-damage|p2a: Articuno|29/282\n|move|p2a: Articuno|Freezing Glare|p1a: Cetitan\n|-crit|p1a: Cetitan\n|-damage|p1a: Cetitan|0 fnt\n|faint|p1a: Cetitan\n|-damage|p2a: Articuno|1/282|[from] item: Life Orb\n|\n|-heal|p1b: Skarmory|93/249 brn|[from] item: Leftovers\n|-damage|p1b: Skarmory|78/249 brn|[from] brn\n|-sideend|p1: Salhab2000|move: Tailwind\n|upkeep\n|inactive|Salhab2000 has 120 seconds left.\n|\n|t:|1770745977\n|switch|p1a: Porygon2|Porygon2, L82|274/274\n|-ability|p1a: Porygon2|Download|boost\n|-boost|p1a: Porygon2|spa|1\n|turn|6\n|\n|t:|1770745988\n|move|p2b: Overqwil|Throat Chop|p1b: Skarmory\n|-damage|p1b: Skarmory|0 fnt\n|faint|p1b: Skarmory\n|-damage|p2b: Overqwil|247/274|[from] item: Life Orb\n|move|p2a: Articuno|Freezing Glare|p1a: Porygon2\n|-damage|p1a: Porygon2|0 fnt\n|faint|p1a: Porygon2\n|-damage|p2a: Articuno|0 fnt|[from] item: Life Orb\n|faint|p2a: Articuno\n|\n|-sideend|p2: hongbin1|move: Tailwind\n|upkeep\n|\n|t:|1770745999\n|switch|p2a: Incineroar|Incineroar, L78, M|137/276\n|switch|p1b: Hawlucha|Hawlucha, L84, F|268/268\n|switch|p1a: Dugtrio|Dugtrio, L91, F|212/212\n|-ability|p2a: Incineroar|Intimidate|boost\n|-unboost|p1a: Dugtrio|atk|1\n|-unboost|p1b: Hawlucha|atk|1\n|-enditem|p1b: Hawlucha|White Herb\n|-clearnegativeboost|p1b: Hawlucha|[silent]\n|turn|7\n|\n|t:|1770746012\n|move|p1b: Hawlucha|Protect|p1b: Hawlucha\n|-singleturn|p1b: Hawlucha|Protect\n|move|p1a: Dugtrio|Protect|p1a: Dugtrio\n|-singleturn|p1a: Dugtrio|Protect\n|move|p2b: Overqwil|Liquidation|p1a: Dugtrio\n|-activate|p1a: Dugtrio|move: Protect\n|move|p2a: Incineroar|Flare Blitz|p1a: Dugtrio\n|-activate|p1a: Dugtrio|move: Protect\n|\n|upkeep\n|turn|8\n|\n|t:|1770746031\n|move|p1b: Hawlucha|Brave Bird|p2b: Overqwil\n|-damage|p2b: Overqwil|120/274\n|-damage|p1b: Hawlucha|226/268|[from] Recoil\n|move|p1a: Dugtrio|Stomping Tantrum|p2b: Overqwil\n|-supereffective|p2b: Overqwil\n|-damage|p2b: Overqwil|0 fnt\n|faint|p2b: Overqwil\n|-damage|p1a: Dugtrio|191/212|[from] item: Life Orb\n|move|p2a: Incineroar|Flare Blitz|p1a: Dugtrio\n|-damage|p1a: Dugtrio|22/212\n|-status|p1a: Dugtrio|brn\n|-damage|p2a: Incineroar|81/276|[from] Recoil\n|\n|-damage|p1a: Dugtrio|9/212 brn|[from] brn\n|upkeep\n|\n|t:|1770746038\n|switch|p2b: Palossand|Palossand, L90, M|299/299\n|turn|9\n|\n|t:|1770746051\n|move|p1b: Hawlucha|Swords Dance|p1b: Hawlucha\n|-boost|p1b: Hawlucha|atk|2\n|move|p1a: Dugtrio|Stomping Tantrum|p2a: Incineroar\n|-supereffective|p2a: Incineroar\n|-damage|p2a: Incineroar|0 fnt\n|faint|p2a: Incineroar\n|-damage|p1a: Dugtrio|0 fnt|[from] item: Life Orb\n|faint|p1a: Dugtrio\n|move|p2b: Palossand|Shadow Ball|p1b: Hawlucha\n|-damage|p1b: Hawlucha|103/268\n|\n|upkeep\n|\n|t:|1770746056\n|switch|p2a: Walking Wake|Walking Wake, L78|283/283\n|turn|10\n|c|☆hongbin1|gg wp\n|\n|t:|1770746067\n|move|p1b: Hawlucha|Brave Bird|p2a: Walking Wake\n|-damage|p2a: Walking Wake|22/283\n|-damage|p1b: Hawlucha|17/268|[from] Recoil\n|move|p2a: Walking Wake|Flamethrower|p1b: Hawlucha\n|-damage|p1b: Hawlucha|0 fnt\n|faint|p1b: Hawlucha\n|-damage|p2a: Walking Wake|0 fnt|[from] item: Life Orb\n|faint|p2a: Walking Wake\n|-end|p2a: Walking Wake|Protosynthesis|[silent]\n|\n|win|hongbin1\n|raw|Salhab2000's rating: 1890 &rarr; <strong>1873</strong><br />(-17 for losing)\n|raw|hongbin1's rating: 1949 &rarr; <strong>1966</strong><br />(+17 for winning)\n|l|☆Salhab2000\n|player|p1|\n", "inputlog": ">version ccdc32dd7cde25fd9e4bed64820e885f66e78a4e\n>start {\"formatid\":\"gen9randomdoublesbattle\",\"seed\":\"sodium,e000c539cdf0931492c3300a3865a0d1\",\"rated\":\"Rated battle\"}\n>player p1 {\"name\":\"Salhab2000\",\"avatar\":\"beauty\",\"rating\":1890,\"seed\":\"sodium,e8fc22737bcbe47c7e77bb46697a417f\"}\n>player p2 {\"name\":\"hongbin1\",\"avatar\":\"265\",\"rating\":1949,\"seed\":\"sodium,76fcf98761d36fdaa1fc3a926fd6d6ac\"}\n>p1 switch 5, move tailwind\n>p2 move noretreat, move fakeout +2\n>p1 move syrupbomb +1, move tailwind\n>p2 move batonpass, move flareblitz +2\n>p2 switch 4, pass\n>p1 move dragonpulse +1, move bodypress +2\n>p2 move tailwind, move partingshot +1\n>p2 pass, switch 5\n>p1 move dragonpulse +1, move bravebird +1\n>p2 move freezingglare +1, move gunkshot +1\n>p1 switch 5, pass\n>p1 move iciclecrash +1, move bodypress +1\n>p2 move freezingglare +1 terastallize, move swordsdance\n>p1 switch 3, pass\n>p1 move icywind, move tailwind\n>p2 move freezingglare +1, move throatchop +2\n>p1 switch 6, switch 4\n>p2 switch 5, pass\n>p1 move protect, move protect\n>p2 move flareblitz +1, move liquidation +1\n>p1 move stompingtantrum +2, move bravebird +2\n>p2 move flareblitz +1, move liquidation +1\n>p2 pass, switch 3\n>p1 move stompingtantrum +1, move swordsdance\n>p2 move partingshot +2, move shadowball +2\n>p2 switch 6, pass\n>chat ☆hongbin1|gg wp\n>p1 pass, move bravebird +1\n>p2 move flamethrower +2, move shadowball +2", "uploadtime": 1770746075, "views": 67, "formatid": "gen9randomdoublesbattle", "rating": 1873, "private": 0, "password": null}