{"id": "gen9randomdoublesbattle-2539836262", "format": "[Gen 9] Random Doubles Battle", "players": ["ChrisSGZ", "massicool"], "log": "|j|☆ChrisSGZ\n|j|☆massicool\n|t:|1771115396\n|gametype|doubles\n|player|p1|ChrisSGZ|266|1580\n|player|p2|massicool|102|1561\n|gen|9\n|tier|[Gen 9] Random Doubles Battle\n|rated|\n|rule|Species Clause: Limit one of each Pokémon\n|rule|HP Percentage Mod: HP is shown in percentages\n|rule|Illusion Level Mod: Illusion disguises the Pokémon's true level\n|rule|Sleep Clause Mod: Limit one foe put to sleep\n|\n|t:|1771115396\n|teamsize|p1|6\n|teamsize|p2|6\n|start\n|switch|p1a: Quagsire|Quagsire, L91, F|321/321\n|switch|p1b: Emboar|Emboar, L85, M|326/326\n|switch|p2a: Tentacruel|Tentacruel, L85, M|275/275\n|switch|p2b: Terapagos|Terapagos, L73, M|252/252\n|-activate|p2b: Terapagos|ability: Tera Shift\n|detailschange|p2b: Terapagos|Terapagos-Terastal, L73, M\n|-heal|p2b: Terapagos|259/259|[silent]\n|turn|1\n|\n|t:|1771115414\n|switch|p2b: Hypno|Hypno, L95, M|315/315\n|move|p2a: Tentacruel|Hydro Pump|p1b: Emboar\n|-supereffective|p1b: Emboar\n|-damage|p1b: Emboar|56/326\n|move|p1b: Emboar|Close Combat|p2b: Hypno\n|-resisted|p2b: Hypno\n|-damage|p2b: Hypno|180/315\n|-unboost|p1b: Emboar|def|1\n|-unboost|p1b: Emboar|spd|1\n|move|p1a: Quagsire|High Horsepower|p2a: Tentacruel\n|-supereffective|p2a: Tentacruel\n|-damage|p2a: Tentacruel|15/275\n|-enditem|p2a: Tentacruel|Sitrus Berry|[eat]\n|-heal|p2a: Tentacruel|83/275|[from] item: Sitrus Berry\n|\n|upkeep\n|turn|2\n|\n|t:|1771115436\n|switch|p1b: Barraskewda|Barraskewda, L85, F|242/242\n|move|p2a: Tentacruel|Toxic Spikes|p1a: Quagsire\n|-sidestart|p1: ChrisSGZ|move: Toxic Spikes\n|move|p2b: Hypno|Psychic|p1b: Barraskewda\n|-damage|p1b: Barraskewda|85/242\n|move|p1a: Quagsire|High Horsepower|p2a: Tentacruel\n|-supereffective|p2a: Tentacruel\n|-damage|p2a: Tentacruel|0 fnt\n|faint|p2a: Tentacruel\n|\n|upkeep\n|\n|t:|1771115458\n|switch|p2a: Avalugg|Avalugg, L92, F|324/324\n|turn|3\n|\n|t:|1771115478\n|move|p1b: Barraskewda|Waterfall|p2b: Hypno\n|-damage|p2b: Hypno|5/315\n|-enditem|p2b: Hypno|Sitrus Berry|[eat]\n|-heal|p2b: Hypno|83/315|[from] item: Sitrus Berry\n|move|p2b: Hypno|Poison Gas|p1b: Barraskewda|[spread] p1a,p1b\n|-status|p1a: Quagsire|psn\n|-status|p1b: Barraskewda|psn\n|move|p1a: Quagsire|Liquidation|p2b: Hypno\n|-damage|p2b: Hypno|0 fnt\n|faint|p2b: Hypno\n|move|p2a: Avalugg|Body Press|p1b: Barraskewda\n|-damage|p1b: Barraskewda|0 fnt\n|faint|p1b: Barraskewda\n|\n|-damage|p1a: Quagsire|281/321 psn|[from] psn\n|upkeep\n|\n|t:|1771115504\n|switch|p1b: Flareon|Flareon, L90, M|263/263\n|switch|p2b: Galvantula|Galvantula, L85, M|258/258\n|-status|p1b: Flareon|psn\n|turn|4\n|inactive|Battle timer is ON: inactive players will automatically lose when time's up. (requested by ChrisSGZ)\n|\n|t:|1771115530\n|move|p1a: Quagsire|Helping Hand|p1b: Flareon\n|-singleturn|p1b: Flareon|Helping Hand|[of] p1a: Quagsire\n|move|p2b: Galvantula|Thunder|p1b: Flareon\n|-damage|p1b: Flareon|163/263 psn\n|move|p1b: Flareon|Flare Blitz|p2a: Avalugg\n|-supereffective|p2a: Avalugg\n|-ability|p2a: Avalugg|Sturdy\n|-damage|p2a: Avalugg|1/324\n|-damage|p1b: Flareon|56/263 psn|[from] Recoil\n|move|p2a: Avalugg|Body Press|p1b: Flareon\n|-damage|p1b: Flareon|0 fnt\n|faint|p1b: Flareon\n|\n|-heal|p1a: Quagsire|301/321 psn|[from] item: Leftovers\n|-heal|p2a: Avalugg|21/324|[from] item: Leftovers\n|-damage|p1a: Quagsire|261/321 psn|[from] psn\n|upkeep\n|\n|t:|1771115543\n|switch|p1b: Slither Wing|Slither Wing, L83|277/277\n|-status|p1b: Slither Wing|psn\n|turn|5\n|\n|t:|1771115557\n|move|p2a: Avalugg|Protect|p2a: Avalugg\n|-singleturn|p2a: Avalugg|Protect\n|move|p1b: Slither Wing|First Impression|p2a: Avalugg\n|-activate|p2a: Avalugg|move: Protect\n|move|p2b: Galvantula|Thunder|p1b: Slither Wing\n|-damage|p1b: Slither Wing|160/277 psn\n|move|p1a: Quagsire|High Horsepower|p2b: Galvantula\n|-damage|p2b: Galvantula|126/258\n|-enditem|p2b: Galvantula|Sitrus Berry|[eat]\n|-heal|p2b: Galvantula|190/258|[from] item: Sitrus Berry\n|\n|-heal|p1a: Quagsire|281/321 psn|[from] item: Leftovers\n|-heal|p2a: Avalugg|41/324|[from] item: Leftovers\n|-damage|p1b: Slither Wing|126/277 psn|[from] psn\n|-damage|p1a: Quagsire|241/321 psn|[from] psn\n|upkeep\n|turn|6\n|\n|t:|1771115576\n|move|p2b: Galvantula|Thunder|p1b: Slither Wing\n|-damage|p1b: Slither Wing|24/277 psn\n|move|p1b: Slither Wing|Flare Blitz|p2b: Galvantula\n|-supereffective|p2b: Galvantula\n|-damage|p2b: Galvantula|0 fnt\n|faint|p2b: Galvantula\n|-damage|p1b: Slither Wing|0 fnt|[from] Recoil\n|faint|p1b: Slither Wing\n|-end|p1b: Slither Wing|Protosynthesis|[silent]\n|move|p1a: Quagsire|Liquidation|p2a: Avalugg\n|-damage|p2a: Avalugg|0 fnt\n|faint|p2a: Avalugg\n|\n|-heal|p1a: Quagsire|261/321 psn|[from] item: Leftovers\n|-damage|p1a: Quagsire|221/321 psn|[from] psn\n|upkeep\n|\n|t:|1771115604\n|switch|p2b: Terapagos|Terapagos-Terastal, L73, M|259/259\n|switch|p1b: Emboar|Emboar, L85, M|56/326\n|switch|p2a: Raichu|Raichu-Alola, L89, F|252/252\n|-status|p1b: Emboar|psn\n|turn|7\n|\n|t:|1771115619\n|move|p2a: Raichu|Psychic|p1b: Emboar\n|-supereffective|p1b: Emboar\n|-damage|p1b: Emboar|0 fnt\n|faint|p1b: Emboar\n|-damage|p2a: Raichu|227/252|[from] item: Life Orb\n|move|p2b: Terapagos|Calm Mind|p2b: Terapagos\n|-boost|p2b: Terapagos|spa|1\n|-boost|p2b: Terapagos|spd|1\n|move|p1a: Quagsire|High Horsepower|p2a: Raichu\n|-supereffective|p2a: Raichu\n|-damage|p2a: Raichu|0 fnt\n|faint|p2a: Raichu\n|\n|-heal|p1a: Quagsire|241/321 psn|[from] item: Leftovers\n|-damage|p1a: Quagsire|201/321 psn|[from] psn\n|upkeep\n|\n|t:|1771115632\n|switch|p1b: Sudowoodo|Sudowoodo, L94, M|284/284\n|-status|p1b: Sudowoodo|psn\n|turn|8\n|\n|t:|1771115646\n|move|p2b: Terapagos|Earth Power|p1b: Sudowoodo\n|-supereffective|p1b: Sudowoodo\n|-crit|p1b: Sudowoodo\n|-damage|p1b: Sudowoodo|32/284 psn\n|move|p1a: Quagsire|Recover|p1a: Quagsire\n|-heal|p1a: Quagsire|321/321 psn\n|move|p1b: Sudowoodo|Head Smash|p2b: Terapagos\n|-activate|p2b: Terapagos|ability: Tera Shell\n|-resisted|p2b: Terapagos\n|-damage|p2b: Terapagos|137/259\n|-damage|p1b: Sudowoodo|4/284 psn|[from] item: Life Orb\n|\n|-damage|p1a: Quagsire|281/321 psn|[from] psn\n|-damage|p1b: Sudowoodo|0 fnt|[from] psn\n|faint|p1b: Sudowoodo\n|upkeep\n|turn|9\n|inactive|massicool has 120 seconds left.\n|\n|t:|1771115679\n|move|p2b: Terapagos|Protect|p2b: Terapagos\n|-singleturn|p2b: Terapagos|Protect\n|move|p1a: Quagsire|Liquidation|p2b: Terapagos\n|-activate|p2b: Terapagos|move: Protect\n|\n|-heal|p1a: Quagsire|301/321 psn|[from] item: Leftovers\n|-damage|p1a: Quagsire|261/321 psn|[from] psn\n|upkeep\n|turn|10\n|\n|t:|1771115691\n|-terastallize|p2b: Terapagos|Stellar\n|detailschange|p2b: Terapagos|Terapagos-Stellar, L73, M, tera:Stellar\n|-heal|p2b: Terapagos|232/354|[silent]\n|move|p2b: Terapagos|Tera Starstorm|p1a: Quagsire\n|-damage|p1a: Quagsire|103/321 psn\n|move|p1a: Quagsire|Liquidation|p2b: Terapagos\n|-damage|p2b: Terapagos|136/354\n|-enditem|p2b: Terapagos|Sitrus Berry|[eat]\n|-heal|p2b: Terapagos|224/354|[from] item: Sitrus Berry\n|\n|-heal|p1a: Quagsire|123/321 psn|[from] item: Leftovers\n|-damage|p1a: Quagsire|83/321 psn|[from] psn\n|upkeep\n|turn|11\n|-message|ChrisSGZ forfeited.\n|\n|win|massicool\n|raw|ChrisSGZ's rating: 1580 &rarr; <strong>1559</strong><br />(-21 for losing)\n|raw|massicool's rating: 1561 &rarr; <strong>1582</strong><br />(+21 for winning)\n|l|☆ChrisSGZ\n|player|p1|\n", "inputlog": ">version ccdc32dd7cde25fd9e4bed64820e885f66e78a4e\n>start {\"formatid\":\"gen9randomdoublesbattle\",\"seed\":\"sodium,1c6abc6fd2df2480ea76bc96ffc7a063\",\"rated\":\"Rated battle\"}\n>player p1 {\"name\":\"ChrisSGZ\",\"avatar\":\"266\",\"rating\":1580,\"seed\":\"sodium,31a4b48dca82305e84e5b2461bb66ead\"}\n>player p2 {\"name\":\"massicool\",\"avatar\":\"102\",\"rating\":1561,\"seed\":\"sodium,fdb29c6f5856fae565dc40511e74ad8f\"}\n>p1 move highhorsepower +1, move closecombat +2\n>p2 move hydropump +2, switch 6\n>p1 move highhorsepower +1, switch 3\n>p2 move toxicspikes, move psychic +2\n>p2 switch 5, pass\n>p1 move liquidation +2, move waterfall +2\n>p2 move bodypress +2, move poisongas\n>p1 pass, switch 4\n>p2 pass, switch 3\n>p1 move helpinghand -2, move flareblitz +1\n>p2 move bodypress +2, move thunder +2\n>p1 pass, switch 6\n>p1 move highhorsepower +2, move firstimpression +1\n>p2 move protect, move thunder +2\n>p1 move liquidation +1, move flareblitz +2\n>p2 move bodypress +1, move thunder +2\n>p1 pass, switch 3\n>p2 switch 4, switch 6\n>p1 move highhorsepower +1, move closecombat +2\n>p2 move psychic +2, move calmmind\n>p1 pass, switch 5\n>p1 move recover, move headsmash +2\n>p2 pass, move earthpower +2\n>p1 move liquidation +2, pass\n>p2 pass, move protect\n>p1 move liquidation +2, pass\n>p2 pass, move terastarstorm +1 terastallize\n>forcelose p1", "uploadtime": 1771115706, "views": 65, "formatid": "gen9randomdoublesbattle", "rating": 1559, "private": 0, "password": null}