{"id": "gen9randomdoublesbattle-2537075319", "format": "[Gen 9] Random Doubles Battle", "players": ["caoscontrol", "Jrodie"], "log": "|j|☆caoscontrol\n|j|☆Jrodie\n|t:|1770763066\n|gametype|doubles\n|player|p1|caoscontrol|169|1698\n|player|p2|Jrodie|backersf|1614\n|gen|9\n|tier|[Gen 9] Random Doubles Battle\n|rated|\n|rule|Species Clause: Limit one of each Pokémon\n|rule|HP Percentage Mod: HP is shown in percentages\n|rule|Illusion Level Mod: Illusion disguises the Pokémon's true level\n|rule|Sleep Clause Mod: Limit one foe put to sleep\n|\n|t:|1770763066\n|teamsize|p1|6\n|teamsize|p2|6\n|start\n|switch|p1a: Polteageist|Polteageist, L85|241/241\n|switch|p1b: Pelipper|Pelipper, L83, F|235/235\n|switch|p2a: Ogerpon|Ogerpon-Wellspring, L77, F|250/250\n|switch|p2b: Falinks|Falinks, L87|255/255\n|-weather|RainDance|[from] ability: Drizzle|[of] p1b: Pelipper\n|turn|1\n|inactive|Battle timer is ON: inactive players will automatically lose when time's up. (requested by Jrodie)\n|inactive|caoscontrol also wants the timer to be on.\n|\n|t:|1770763084\n|switch|p2b: Cresselia|Cresselia, L80, F|323/323\n|-terastallize|p2a: Ogerpon|Water\n|detailschange|p2a: Ogerpon|Ogerpon-Wellspring-Tera, L77, F, tera:Water\n|-ability|p2a: Ogerpon|Embody Aspect (Wellspring)|boost\n|-boost|p2a: Ogerpon|spd|1\n|move|p2a: Ogerpon|Ivy Cudgel|p1a: Polteageist|[anim] Ivy Cudgel Water\n|-damage|p1a: Polteageist|0 fnt\n|faint|p1a: Polteageist\n|move|p1b: Pelipper|Tailwind|p1b: Pelipper\n|-sidestart|p1: caoscontrol|move: Tailwind\n|\n|-weather|RainDance|[upkeep]\n|upkeep\n|\n|t:|1770763097\n|switch|p1a: Skarmory|Skarmory, L85, F|249/249\n|turn|2\n|\n|t:|1770763107\n|move|p1a: Skarmory|Iron Defense|p1a: Skarmory\n|-boost|p1a: Skarmory|def|2\n|move|p1b: Pelipper|Hurricane|p2a: Ogerpon\n|-damage|p2a: Ogerpon|171/250\n|move|p2a: Ogerpon|Ivy Cudgel|p1a: Skarmory|[anim] Ivy Cudgel Water\n|-damage|p1a: Skarmory|163/249\n|move|p2b: Cresselia|Thunder Wave|p1a: Skarmory\n|-status|p1a: Skarmory|par\n|\n|-weather|RainDance|[upkeep]\n|-heal|p1a: Skarmory|178/249 par|[from] item: Leftovers\n|upkeep\n|turn|3\n|\n|t:|1770763125\n|move|p1b: Pelipper|Muddy Water|p2a: Ogerpon|[spread] p2a,p2b\n|-resisted|p2a: Ogerpon\n|-damage|p2a: Ogerpon|135/250\n|-damage|p2b: Cresselia|232/323\n|-unboost|p2a: Ogerpon|accuracy|1\n|-unboost|p2b: Cresselia|accuracy|1\n|move|p2a: Ogerpon|Ivy Cudgel|p1a: Skarmory|[anim] Ivy Cudgel Water\n|-damage|p1a: Skarmory|84/249 par\n|move|p2b: Cresselia|Thunder Wave|p1b: Pelipper\n|-status|p1b: Pelipper|par\n|cant|p1a: Skarmory|par\n|\n|-weather|RainDance|[upkeep]\n|-heal|p1a: Skarmory|99/249 par|[from] item: Leftovers\n|upkeep\n|turn|4\n|\n|t:|1770763140\n|move|p2a: Ogerpon|Ivy Cudgel|p1a: Skarmory|[anim] Ivy Cudgel Water\n|-damage|p1a: Skarmory|5/249 par\n|move|p2b: Cresselia|Lunar Blessing|p2b: Cresselia|[spread] p2a,p2b\n|-heal|p2a: Ogerpon|197/250\n|-heal|p2b: Cresselia|313/323\n|move|p1a: Skarmory|Roost|p1a: Skarmory\n|-heal|p1a: Skarmory|130/249 par\n|-singleturn|p1a: Skarmory|move: Roost\n|move|p1b: Pelipper|Muddy Water|p2b: Cresselia|[spread] p2a,p2b\n|-resisted|p2a: Ogerpon\n|-damage|p2a: Ogerpon|165/250\n|-damage|p2b: Cresselia|229/323\n|-unboost|p2a: Ogerpon|accuracy|1\n|-unboost|p2b: Cresselia|accuracy|1\n|\n|-weather|RainDance|[upkeep]\n|-heal|p1a: Skarmory|145/249 par|[from] item: Leftovers\n|-sideend|p1: caoscontrol|move: Tailwind\n|upkeep\n|turn|5\n|\n|t:|1770763162\n|switch|p2b: Zebstrika|Zebstrika, L87, M|272/272\n|move|p2a: Ogerpon|Horn Leech|p1b: Pelipper\n|-damage|p1b: Pelipper|154/235 par\n|-heal|p2a: Ogerpon|206/250|[from] drain|[of] p1b: Pelipper\n|move|p1a: Skarmory|Roost|p1a: Skarmory\n|-heal|p1a: Skarmory|249/249 par\n|-singleturn|p1a: Skarmory|move: Roost\n|move|p1b: Pelipper|Muddy Water|p2a: Ogerpon|[spread] p2a\n|-miss|p1b: Pelipper|p2b: Zebstrika\n|-resisted|p2a: Ogerpon\n|-damage|p2a: Ogerpon|171/250\n|\n|-weather|none\n|upkeep\n|turn|6\n|inactive|caoscontrol has 120 seconds left.\n|\n|t:|1770763201\n|switch|p1b: Eternatus|Eternatus, L70|312/312\n|-ability|p1b: Eternatus|Pressure\n|-terastallize|p1a: Skarmory|Fighting\n|move|p2b: Zebstrika|Thunderbolt|p1b: Eternatus\n|-resisted|p1b: Eternatus\n|-damage|p1b: Eternatus|248/312\n|-damage|p2b: Zebstrika|245/272|[from] item: Life Orb\n|move|p2a: Ogerpon|Ivy Cudgel|p1a: Skarmory|[anim] Ivy Cudgel Water\n|-damage|p1a: Skarmory|185/249 par\n|move|p1a: Skarmory|Body Press|p2b: Zebstrika\n|-damage|p2b: Zebstrika|0 fnt\n|faint|p2b: Zebstrika\n|\n|-heal|p1b: Eternatus|267/312|[from] item: Leftovers\n|-heal|p1a: Skarmory|200/249 par|[from] item: Leftovers\n|upkeep\n|\n|t:|1770763207\n|switch|p2b: Quagsire|Quagsire, L91, M|321/321\n|turn|7\n|\n|t:|1770763231\n|switch|p1b: Dachsbun|Dachsbun, L90, M|249/249\n|move|p2a: Ogerpon|Spiky Shield|p2a: Ogerpon\n|-singleturn|p2a: Ogerpon|move: Protect\n|move|p2b: Quagsire|Yawn|p1b: Dachsbun\n|-start|p1b: Dachsbun|move: Yawn|[of] p2b: Quagsire\n|move|p1a: Skarmory|Body Press|p2a: Ogerpon\n|-activate|p2a: Ogerpon|move: Protect\n|-damage|p1a: Skarmory|169/249 par|[from] Spiky Shield|[of] p2a: Ogerpon\n|\n|-heal|p1a: Skarmory|184/249 par|[from] item: Leftovers\n|upkeep\n|turn|8\n|\n|t:|1770763249\n|move|p1b: Dachsbun|Yawn|p2b: Quagsire\n|-start|p2b: Quagsire|move: Yawn|[of] p1b: Dachsbun\n|move|p2a: Ogerpon|Ivy Cudgel|p1a: Skarmory|[anim] Ivy Cudgel Water|[miss]\n|-miss|p2a: Ogerpon|p1a: Skarmory\n|move|p2b: Quagsire|Liquidation|p1a: Skarmory\n|-damage|p1a: Skarmory|124/249 par\n|move|p1a: Skarmory|Body Press|p2a: Ogerpon\n|-damage|p2a: Ogerpon|0 fnt\n|faint|p2a: Ogerpon\n|detailschange|p2: Ogerpon|Ogerpon-Wellspring, L77, F|[silent]\n|\n|-heal|p1a: Skarmory|139/249 par|[from] item: Leftovers\n|-end|p1b: Dachsbun|move: Yawn|[silent]\n|-status|p1b: Dachsbun|slp\n|upkeep\n|\n|t:|1770763261\n|switch|p2a: Necrozma|Necrozma, L80|286/286\n|turn|9\n|\n|t:|1770763285\n|switch|p2b: Cresselia|Cresselia, L80, F|229/323\n|switch|p1a: Roaring Moon|Roaring Moon, L76|285/285\n|cant|p1b: Dachsbun|slp\n|move|p2a: Necrozma|Dragon Dance|p2a: Necrozma\n|-boost|p2a: Necrozma|atk|1\n|-boost|p2a: Necrozma|spe|1\n|\n|upkeep\n|turn|10\n|\n|t:|1770763301\n|move|p2b: Cresselia|Helping Hand|p2a: Necrozma\n|-singleturn|p2a: Necrozma|Helping Hand|[of] p2b: Cresselia\n|move|p1a: Roaring Moon|Protect|p1a: Roaring Moon\n|-singleturn|p1a: Roaring Moon|Protect\n|move|p2a: Necrozma|Brick Break|p1a: Roaring Moon\n|-activate|p1a: Roaring Moon|move: Protect\n|cant|p1b: Dachsbun|slp\n|\n|upkeep\n|turn|11\n|\n|t:|1770763326\n|move|p2a: Necrozma|Knock Off|p1a: Roaring Moon\n|-resisted|p1a: Roaring Moon\n|-damage|p1a: Roaring Moon|215/285\n|-enditem|p1a: Roaring Moon|Clear Amulet|[from] move: Knock Off|[of] p2a: Necrozma\n|move|p1a: Roaring Moon|Dragon Dance|p1a: Roaring Moon\n|-boost|p1a: Roaring Moon|atk|1\n|-boost|p1a: Roaring Moon|spe|1\n|-curestatus|p1b: Dachsbun|slp|[msg]\n|move|p1b: Dachsbun|Yawn|p2a: Necrozma\n|-start|p2a: Necrozma|move: Yawn|[of] p1b: Dachsbun\n|move|p2b: Cresselia|Thunder Wave|p1a: Roaring Moon\n|-status|p1a: Roaring Moon|par\n|\n|upkeep\n|turn|12\n|\n|t:|1770763349\n|move|p1a: Roaring Moon|Protect|p1a: Roaring Moon\n|-singleturn|p1a: Roaring Moon|Protect\n|move|p2a: Necrozma|Photon Geyser|p1b: Dachsbun\n|-damage|p1b: Dachsbun|120/249\n|-enditem|p1b: Dachsbun|Sitrus Berry|[eat]\n|-heal|p1b: Dachsbun|182/249|[from] item: Sitrus Berry\n|move|p1b: Dachsbun|Yawn||[still]\n|-fail|p1b: Dachsbun\n|move|p2b: Cresselia|Psychic|p1b: Dachsbun\n|-damage|p1b: Dachsbun|101/249\n|\n|-end|p2a: Necrozma|move: Yawn|[silent]\n|-status|p2a: Necrozma|slp\n|upkeep\n|turn|13\n|\n|t:|1770763361\n|move|p1b: Dachsbun|Helping Hand|p1a: Roaring Moon\n|-singleturn|p1a: Roaring Moon|Helping Hand|[of] p1b: Dachsbun\n|cant|p2a: Necrozma|slp\n|move|p2b: Cresselia|Lunar Blessing|p2b: Cresselia|[spread] p2a,p2b\n|-curestatus|p2a: Necrozma|slp|[msg]\n|-heal|p2b: Cresselia|310/323\n|move|p1a: Roaring Moon|Knock Off|p2a: Necrozma\n|-supereffective|p2a: Necrozma\n|-damage|p2a: Necrozma|0 fnt\n|-enditem|p2a: Necrozma|Clear Amulet|[from] move: Knock Off|[of] p1a: Roaring Moon\n|faint|p2a: Necrozma\n|\n|upkeep\n|-message|Jrodie forfeited.\n|\n|win|caoscontrol\n|raw|caoscontrol's rating: 1698 &rarr; <strong>1713</strong><br />(+15 for winning)\n|raw|Jrodie's rating: 1614 &rarr; <strong>1599</strong><br />(-15 for losing)\n|l|☆Jrodie\n|player|p2|\n", "inputlog": ">version ccdc32dd7cde25fd9e4bed64820e885f66e78a4e\n>start {\"formatid\":\"gen9randomdoublesbattle\",\"seed\":\"sodium,e67920302258f6203bd0595545e87df1\",\"rated\":\"Rated battle\"}\n>player p1 {\"name\":\"caoscontrol\",\"avatar\":\"169\",\"rating\":1698,\"seed\":\"sodium,3df1d8e3656d8b09a58a2711358ec762\"}\n>player p2 {\"name\":\"Jrodie\",\"avatar\":\"backersf\",\"rating\":1614,\"seed\":\"sodium,b13b74e5232a323caf54a75fef86360c\"}\n>p1 move shellsmash, move tailwind\n>p2 move ivycudgel +1 terastallize, switch 5\n>p1 switch 5, pass\n>p1 move irondefense, move hurricane +1\n>p2 move ivycudgel +1, move thunderwave +1\n>p1 move irondefense, move muddywater\n>p2 move ivycudgel +1, move thunderwave +2\n>p1 move roost, move muddywater\n>p2 move ivycudgel +1, move lunarblessing\n>p1 move roost, move muddywater\n>p2 move hornleech +2, switch 4\n>p1 move bodypress +2 terastallize, switch 3\n>p2 move ivycudgel +1, move thunderbolt +2\n>p2 pass, switch 6\n>p1 move bodypress +1, switch 4\n>p2 move spikyshield, move yawn +2\n>p1 move bodypress +1, move yawn +2\n>p2 move ivycudgel +1, move liquidation +1\n>p2 switch 3, pass\n>p1 switch 6, move yawn +1\n>p2 move dragondance, switch 4\n>p1 move protect, move yawn +1\n>p2 move brickbreak +1, move helpinghand -1\n>p1 move dragondance, move yawn +1\n>p2 move knockoff +1, move thunderwave +1\n>p1 move protect, move yawn +1\n>p2 move photongeyser +2, move psychic +2\n>p1 move knockoff +1, move helpinghand -1\n>p2 move brickbreak +1, move lunarblessing\n>forcelose p2", "uploadtime": 1770763375, "views": 72, "formatid": "gen9randomdoublesbattle", "rating": 1599, "private": 0, "password": null}