{"id": "gen9randomdoublesbattle-2536994035", "format": "[Gen 9] Random Doubles Battle", "players": ["Apoapsis", "GetLostGaming"], "log": "|j|☆Apoapsis\n|j|☆GetLostGaming\n|t:|1770755065\n|gametype|doubles\n|player|p1|Apoapsis|pokemonbreeder-gen4|1753\n|player|p2|GetLostGaming|dawn|1678\n|gen|9\n|tier|[Gen 9] Random Doubles Battle\n|rated|\n|rule|Species Clause: Limit one of each Pokémon\n|rule|HP Percentage Mod: HP is shown in percentages\n|rule|Illusion Level Mod: Illusion disguises the Pokémon's true level\n|rule|Sleep Clause Mod: Limit one foe put to sleep\n|\n|t:|1770755065\n|teamsize|p1|6\n|teamsize|p2|6\n|start\n|switch|p1a: Golduck|Golduck, L91, F|293/293\n|switch|p1b: Thundurus|Thundurus, L79, M|254/254\n|switch|p2a: Malamar|Malamar, L80, F|269/269\n|switch|p2b: Dewgong|Dewgong, L91, M|312/312\n|-ability|p1a: Golduck|Cloud Nine\n|turn|1\n|\n|t:|1770755091\n|move|p2b: Dewgong|Fake Out|p1a: Golduck\n|-damage|p1a: Golduck|267/293\n|move|p1b: Thundurus|Wildbolt Storm|p2b: Dewgong|[spread] p2a,p2b\n|-supereffective|p2b: Dewgong\n|-damage|p2a: Malamar|160/269\n|-damage|p2b: Dewgong|162/312\n|cant|p1a: Golduck|flinch\n|move|p2a: Malamar|Trick Room|p2a: Malamar\n|-fieldstart|move: Trick Room|[of] p2a: Malamar\n|\n|upkeep\n|turn|2\n|\n|t:|1770755107\n|move|p1a: Golduck|Protect|p1a: Golduck\n|-singleturn|p1a: Golduck|Protect\n|move|p2a: Malamar|Superpower|p1a: Golduck\n|-activate|p1a: Golduck|move: Protect\n|move|p2b: Dewgong|Hydro Pump|p1b: Thundurus|[miss]\n|-miss|p2b: Dewgong|p1b: Thundurus\n|move|p1b: Thundurus|Wildbolt Storm|p2b: Dewgong|[spread] p2b\n|-miss|p1b: Thundurus|p2a: Malamar\n|-supereffective|p2b: Dewgong\n|-damage|p2b: Dewgong|16/312\n|-enditem|p2b: Dewgong|Sitrus Berry|[eat]\n|-heal|p2b: Dewgong|94/312|[from] item: Sitrus Berry\n|\n|upkeep\n|turn|3\n|\n|t:|1770755132\n|move|p2a: Malamar|Superpower|p1a: Golduck\n|-damage|p1a: Golduck|195/293\n|-boost|p2a: Malamar|atk|1\n|-boost|p2a: Malamar|def|1\n|move|p2b: Dewgong|Hydro Pump|p1b: Thundurus\n|-damage|p1b: Thundurus|128/254\n|move|p1a: Golduck|Icy Wind|p2a: Malamar|[spread] p2a,p2b\n|-resisted|p2b: Dewgong\n|-damage|p2a: Malamar|120/269\n|-damage|p2b: Dewgong|91/312\n|-boost|p2a: Malamar|spe|1\n|-unboost|p2b: Dewgong|spe|1\n|-enditem|p2a: Malamar|Sitrus Berry|[eat]\n|-heal|p2a: Malamar|187/269|[from] item: Sitrus Berry\n|move|p1b: Thundurus|Wildbolt Storm|p2b: Dewgong|[spread] p2a,p2b\n|-supereffective|p2b: Dewgong\n|-damage|p2a: Malamar|88/269\n|-damage|p2b: Dewgong|0 fnt\n|faint|p2b: Dewgong\n|\n|upkeep\n|\n|t:|1770755151\n|switch|p2b: Rillaboom|Rillaboom, L81, M|295/295\n|-fieldstart|move: Grassy Terrain|[from] ability: Grassy Surge|[of] p2b: Rillaboom\n|turn|4\n|\n|t:|1770755167\n|move|p2b: Rillaboom|Fake Out|p1b: Thundurus\n|-damage|p1b: Thundurus|88/254\n|move|p2a: Malamar|Knock Off|p1b: Thundurus\n|-crit|p1b: Thundurus\n|-damage|p1b: Thundurus|0 fnt\n|faint|p1b: Thundurus\n|move|p1a: Golduck|Icy Wind|p2b: Rillaboom|[spread] p2a,p2b\n|-supereffective|p2b: Rillaboom\n|-damage|p2a: Malamar|47/269\n|-damage|p2b: Rillaboom|237/295\n|-boost|p2a: Malamar|spe|1\n|-unboost|p2b: Rillaboom|spe|1\n|\n|-heal|p2b: Rillaboom|255/295|[from] Grassy Terrain\n|-heal|p1a: Golduck|213/293|[from] Grassy Terrain\n|-heal|p2a: Malamar|63/269|[from] Grassy Terrain\n|upkeep\n|\n|t:|1770755179\n|switch|p1b: Quagsire|Quagsire, L91, F|321/321\n|turn|5\n|\n|t:|1770755194\n|move|p2a: Malamar|Protect|p2a: Malamar\n|-singleturn|p2a: Malamar|Protect\n|move|p1b: Quagsire|High Horsepower|p2a: Malamar\n|-activate|p2a: Malamar|move: Protect\n|move|p2b: Rillaboom|Wood Hammer|p1a: Golduck\n|-supereffective|p1a: Golduck\n|-damage|p1a: Golduck|0 fnt\n|faint|p1a: Golduck\n|-damage|p2b: Rillaboom|185/295|[from] Recoil\n|\n|-heal|p2b: Rillaboom|203/295|[from] Grassy Terrain\n|-heal|p2a: Malamar|79/269|[from] Grassy Terrain\n|-fieldend|move: Trick Room\n|upkeep\n|\n|t:|1770755203\n|switch|p1a: Florges|Florges-Blue, L84, F|268/268\n|turn|6\n|\n|t:|1770755220\n|move|p2a: Malamar|Protect|p2a: Malamar\n|-singleturn|p2a: Malamar|Protect\n|move|p1a: Florges|Dazzling Gleam|p2b: Rillaboom|[spread] p2b\n|-activate|p2a: Malamar|move: Protect\n|-damage|p2b: Rillaboom|145/295\n|move|p2b: Rillaboom|Wood Hammer|p1b: Quagsire\n|-supereffective|p1b: Quagsire\n|-damage|p1b: Quagsire|0 fnt\n|faint|p1b: Quagsire\n|-damage|p2b: Rillaboom|39/295|[from] Recoil\n|\n|-heal|p2a: Malamar|95/269|[from] Grassy Terrain\n|-heal|p2b: Rillaboom|57/295|[from] Grassy Terrain\n|upkeep\n|\n|t:|1770755235\n|switch|p1b: Terrakion|Terrakion, L78|270/270\n|turn|7\n|\n|t:|1770755243\n|move|p1b: Terrakion|Protect|p1b: Terrakion\n|-singleturn|p1b: Terrakion|Protect\n|move|p2b: Rillaboom|Grassy Glide|p1a: Florges\n|-damage|p1a: Florges|171/268\n|move|p2a: Malamar|Superpower|p1b: Terrakion\n|-activate|p1b: Terrakion|move: Protect\n|move|p1a: Florges|Dazzling Gleam|p2b: Rillaboom|[spread] p2a,p2b\n|-supereffective|p2a: Malamar\n|-crit|p2b: Rillaboom\n|-damage|p2a: Malamar|0 fnt\n|-damage|p2b: Rillaboom|0 fnt\n|faint|p2a: Malamar\n|faint|p2b: Rillaboom\n|\n|-heal|p1a: Florges|187/268|[from] Grassy Terrain\n|-heal|p1a: Florges|203/268|[from] item: Leftovers\n|upkeep\n|\n|t:|1770755264\n|switch|p2b: Dragapult|Dragapult, L79, F|269/269\n|switch|p2a: Tentacruel|Tentacruel, L85, F|275/275\n|turn|8\n|\n|t:|1770755295\n|move|p1a: Florges|Protect|p1a: Florges\n|-singleturn|p1a: Florges|Protect\n|move|p2b: Dragapult|Shadow Ball|p1b: Terrakion\n|-damage|p1b: Terrakion|167/270\n|-damage|p2b: Dragapult|243/269|[from] item: Life Orb\n|move|p2a: Tentacruel|Sludge Bomb|p1a: Florges\n|-activate|p1a: Florges|move: Protect\n|move|p1b: Terrakion|Stone Edge|p2a: Tentacruel|[miss]\n|-miss|p1b: Terrakion|p2a: Tentacruel\n|\n|-heal|p2b: Dragapult|259/269|[from] Grassy Terrain\n|-heal|p1b: Terrakion|183/270|[from] Grassy Terrain\n|-heal|p1a: Florges|219/268|[from] Grassy Terrain\n|-heal|p1a: Florges|235/268|[from] item: Leftovers\n|-fieldend|move: Grassy Terrain\n|upkeep\n|turn|9\n|\n|t:|1770755322\n|-terastallize|p1a: Florges|Steel\n|move|p2b: Dragapult|Protect|p2b: Dragapult\n|-singleturn|p2b: Dragapult|Protect\n|move|p2a: Tentacruel|Sludge Bomb|p1a: Florges\n|-immune|p1a: Florges\n|move|p1b: Terrakion|Stone Edge|p2a: Tentacruel|[miss]\n|-miss|p1b: Terrakion|p2a: Tentacruel\n|move|p1a: Florges|Calm Mind|p1a: Florges\n|-boost|p1a: Florges|spa|1\n|-boost|p1a: Florges|spd|1\n|\n|-heal|p1a: Florges|251/268|[from] item: Leftovers\n|upkeep\n|turn|10\n|\n|t:|1770755338\n|-terastallize|p2b: Dragapult|Dragon\n|move|p2b: Dragapult|Dragon Darts|p1b: Terrakion\n|-damage|p1b: Terrakion|82/270\n|-anim|p2b: Dragapult|Dragon Darts|p1a: Florges\n|-resisted|p1a: Florges\n|-damage|p1a: Florges|193/268\n|-damage|p2b: Dragapult|233/269|[from] item: Life Orb\n|move|p2a: Tentacruel|Muddy Water|p1b: Terrakion|[spread] p1b\n|-miss|p2a: Tentacruel|p1a: Florges\n|-supereffective|p1b: Terrakion\n|-damage|p1b: Terrakion|0 fnt\n|faint|p1b: Terrakion\n|move|p1a: Florges|Calm Mind|p1a: Florges\n|-boost|p1a: Florges|spa|1\n|-boost|p1a: Florges|spd|1\n|\n|-heal|p1a: Florges|209/268|[from] item: Leftovers\n|upkeep\n|\n|t:|1770755347\n|switch|p1b: Orthworm|Orthworm, L88, F|266/266\n|turn|11\n|\n|t:|1770755360\n|move|p1a: Florges|Protect|p1a: Florges\n|-singleturn|p1a: Florges|Protect\n|move|p2b: Dragapult|Fire Blast|p1b: Orthworm\n|-supereffective|p1b: Orthworm\n|-damage|p1b: Orthworm|16/266\n|-damage|p2b: Dragapult|207/269|[from] item: Life Orb\n|move|p2a: Tentacruel|Muddy Water|p1b: Orthworm|[spread] p1b\n|-activate|p1a: Florges|move: Protect\n|-damage|p1b: Orthworm|0 fnt\n|faint|p1b: Orthworm\n|\n|-heal|p1a: Florges|225/268|[from] item: Leftovers\n|upkeep\n|turn|12\n|\n|t:|1770755376\n|move|p2b: Dragapult|Fire Blast|p1a: Florges\n|-supereffective|p1a: Florges\n|-damage|p1a: Florges|160/268\n|-damage|p2b: Dragapult|181/269|[from] item: Life Orb\n|move|p2a: Tentacruel|Muddy Water|p1a: Florges\n|-damage|p1a: Florges|130/268\n|-unboost|p1a: Florges|accuracy|1\n|move|p1a: Florges|Dazzling Gleam|p2b: Dragapult|[spread] p2a,p2b\n|-resisted|p2a: Tentacruel\n|-supereffective|p2b: Dragapult\n|-damage|p2a: Tentacruel|238/275\n|-damage|p2b: Dragapult|0 fnt\n|faint|p2b: Dragapult\n|\n|-heal|p1a: Florges|146/268|[from] item: Leftovers\n|upkeep\n|\n|t:|1770755389\n|switch|p2b: Frosmoth|Frosmoth, L86, F|261/261\n|turn|13\n|\n|t:|1770755409\n|move|p2a: Tentacruel|Muddy Water|p1a: Florges\n|-damage|p1a: Florges|118/268\n|move|p1a: Florges|Calm Mind|p1a: Florges\n|-boost|p1a: Florges|spa|1\n|-boost|p1a: Florges|spd|1\n|move|p2b: Frosmoth|Quiver Dance|p2b: Frosmoth\n|-boost|p2b: Frosmoth|spa|1\n|-boost|p2b: Frosmoth|spd|1\n|-boost|p2b: Frosmoth|spe|1\n|\n|-heal|p1a: Florges|134/268|[from] item: Leftovers\n|upkeep\n|turn|14\n|\n|t:|1770755420\n|move|p2b: Frosmoth|Quiver Dance|p2b: Frosmoth\n|-boost|p2b: Frosmoth|spa|1\n|-boost|p2b: Frosmoth|spd|1\n|-boost|p2b: Frosmoth|spe|1\n|move|p2a: Tentacruel|Muddy Water|p1a: Florges\n|-crit|p1a: Florges\n|-damage|p1a: Florges|50/268\n|move|p1a: Florges|Calm Mind|p1a: Florges\n|-boost|p1a: Florges|spa|1\n|-boost|p1a: Florges|spd|1\n|\n|-heal|p1a: Florges|66/268|[from] item: Leftovers\n|upkeep\n|turn|15\n|\n|t:|1770755434\n|move|p1a: Florges|Protect|p1a: Florges\n|-singleturn|p1a: Florges|Protect\n|move|p2b: Frosmoth|Quiver Dance|p2b: Frosmoth\n|-boost|p2b: Frosmoth|spa|1\n|-boost|p2b: Frosmoth|spd|1\n|-boost|p2b: Frosmoth|spe|1\n|move|p2a: Tentacruel|Muddy Water|p1a: Florges\n|-activate|p1a: Florges|move: Protect\n|\n|-heal|p1a: Florges|82/268|[from] item: Leftovers\n|upkeep\n|turn|16\n|\n|t:|1770755444\n|move|p2b: Frosmoth|Quiver Dance|p2b: Frosmoth\n|-boost|p2b: Frosmoth|spa|1\n|-boost|p2b: Frosmoth|spd|1\n|-boost|p2b: Frosmoth|spe|1\n|move|p2a: Tentacruel|Muddy Water|p1a: Florges\n|-damage|p1a: Florges|64/268\n|-unboost|p1a: Florges|accuracy|1\n|move|p1a: Florges|Synthesis|p1a: Florges\n|-heal|p1a: Florges|198/268\n|\n|-heal|p1a: Florges|214/268|[from] item: Leftovers\n|upkeep\n|turn|17\n|\n|t:|1770755459\n|move|p2b: Frosmoth|Quiver Dance|p2b: Frosmoth\n|-boost|p2b: Frosmoth|spa|1\n|-boost|p2b: Frosmoth|spd|1\n|-boost|p2b: Frosmoth|spe|1\n|move|p2a: Tentacruel|Muddy Water|p1a: Florges\n|-damage|p1a: Florges|193/268\n|move|p1a: Florges|Calm Mind|p1a: Florges\n|-boost|p1a: Florges|spa|1\n|-boost|p1a: Florges|spd|1\n|\n|-heal|p1a: Florges|209/268|[from] item: Leftovers\n|upkeep\n|turn|18\n|\n|t:|1770755479\n|move|p2b: Frosmoth|Quiver Dance|p2b: Frosmoth\n|-boost|p2b: Frosmoth|spa|1\n|-boost|p2b: Frosmoth|spd|1\n|-boost|p2b: Frosmoth|spe|1\n|move|p2a: Tentacruel|Muddy Water|p1a: Florges\n|-damage|p1a: Florges|191/268\n|move|p1a: Florges|Calm Mind|p1a: Florges\n|-boost|p1a: Florges|spa|1\n|-boost|p1a: Florges|spd|1\n|\n|-heal|p1a: Florges|207/268|[from] item: Leftovers\n|upkeep\n|turn|19\n|\n|t:|1770755493\n|move|p1a: Florges|Protect|p1a: Florges\n|-singleturn|p1a: Florges|Protect\n|move|p2b: Frosmoth|Ice Beam|p1a: Florges\n|-activate|p1a: Florges|move: Protect\n|move|p2a: Tentacruel|Muddy Water|p1a: Florges\n|-activate|p1a: Florges|move: Protect\n|\n|-heal|p1a: Florges|223/268|[from] item: Leftovers\n|upkeep\n|turn|20\n|\n|t:|1770755503\n|move|p2b: Frosmoth|Ice Beam|p1a: Florges\n|-resisted|p1a: Florges\n|-damage|p1a: Florges|184/268\n|move|p2a: Tentacruel|Muddy Water|p1a: Florges\n|-crit|p1a: Florges\n|-damage|p1a: Florges|99/268\n|move|p1a: Florges|Dazzling Gleam|p2b: Frosmoth|[spread] p2a,p2b\n|-resisted|p2a: Tentacruel\n|-damage|p2a: Tentacruel|162/275\n|-damage|p2b: Frosmoth|229/261\n|\n|-heal|p1a: Florges|115/268|[from] item: Leftovers\n|upkeep\n|turn|21\n|\n|t:|1770755534\n|move|p2b: Frosmoth|Tera Blast|p1a: Florges\n|-resisted|p1a: Florges\n|-damage|p1a: Florges|93/268\n|move|p2a: Tentacruel|Acid Spray|p1a: Florges\n|-immune|p1a: Florges\n|move|p1a: Florges|Synthesis|p1a: Florges\n|-heal|p1a: Florges|227/268\n|\n|-heal|p1a: Florges|243/268|[from] item: Leftovers\n|upkeep\n|turn|22\n|\n|t:|1770755547\n|move|p2b: Frosmoth|Ice Beam|p1a: Florges\n|-resisted|p1a: Florges\n|-damage|p1a: Florges|205/268\n|move|p2a: Tentacruel|Muddy Water|p1a: Florges\n|-damage|p1a: Florges|192/268\n|-unboost|p1a: Florges|accuracy|1\n|move|p1a: Florges|Dazzling Gleam|p2b: Frosmoth|[spread] p2b\n|-miss|p1a: Florges|p2a: Tentacruel\n|-damage|p2b: Frosmoth|196/261\n|\n|-heal|p1a: Florges|208/268|[from] item: Leftovers\n|upkeep\n|turn|23\n|\n|t:|1770755559\n|move|p1a: Florges|Protect|p1a: Florges\n|-singleturn|p1a: Florges|Protect\n|move|p2b: Frosmoth|Ice Beam|p1a: Florges\n|-activate|p1a: Florges|move: Protect\n|move|p2a: Tentacruel|Muddy Water|p1a: Florges\n|-activate|p1a: Florges|move: Protect\n|\n|-heal|p1a: Florges|224/268|[from] item: Leftovers\n|upkeep\n|turn|24\n|\n|t:|1770755573\n|move|p2b: Frosmoth|Ice Beam|p1a: Florges\n|-resisted|p1a: Florges\n|-damage|p1a: Florges|187/268\n|-status|p1a: Florges|frz\n|move|p2a: Tentacruel|Muddy Water|p1a: Florges\n|-damage|p1a: Florges|172/268 frz\n|cant|p1a: Florges|frz\n|\n|-heal|p1a: Florges|188/268 frz|[from] item: Leftovers\n|upkeep\n|turn|25\n|\n|t:|1770755583\n|-curestatus|p1a: Florges|frz|[msg]\n|move|p1a: Florges|Protect|p1a: Florges\n|-singleturn|p1a: Florges|Protect\n|move|p2b: Frosmoth|Ice Beam|p1a: Florges\n|-activate|p1a: Florges|move: Protect\n|move|p2a: Tentacruel|Muddy Water|p1a: Florges\n|-activate|p1a: Florges|move: Protect\n|\n|-heal|p1a: Florges|204/268|[from] item: Leftovers\n|upkeep\n|turn|26\n|\n|t:|1770755597\n|move|p2b: Frosmoth|Ice Beam|p1a: Florges\n|-resisted|p1a: Florges\n|-damage|p1a: Florges|163/268\n|move|p2a: Tentacruel|Muddy Water|p1a: Florges\n|-damage|p1a: Florges|148/268\n|-unboost|p1a: Florges|accuracy|1\n|move|p1a: Florges|Dazzling Gleam|p2a: Tentacruel|[spread] \n|-miss|p1a: Florges|p2a: Tentacruel\n|-miss|p1a: Florges|p2b: Frosmoth\n|\n|-heal|p1a: Florges|164/268|[from] item: Leftovers\n|upkeep\n|turn|27\n|\n|t:|1770755611\n|move|p1a: Florges|Protect|p1a: Florges\n|-singleturn|p1a: Florges|Protect\n|move|p2b: Frosmoth|Ice Beam|p1a: Florges\n|-activate|p1a: Florges|move: Protect\n|move|p2a: Tentacruel|Icy Wind|p1a: Florges\n|-activate|p1a: Florges|move: Protect\n|\n|-heal|p1a: Florges|180/268|[from] item: Leftovers\n|upkeep\n|turn|28\n|\n|t:|1770755623\n|move|p2b: Frosmoth|Ice Beam|p1a: Florges\n|-resisted|p1a: Florges\n|-damage|p1a: Florges|144/268\n|move|p2a: Tentacruel|Icy Wind|p1a: Florges\n|-resisted|p1a: Florges\n|-damage|p1a: Florges|141/268\n|-unboost|p1a: Florges|spe|1\n|move|p1a: Florges|Dazzling Gleam|p2b: Frosmoth|[spread] p2a\n|-miss|p1a: Florges|p2b: Frosmoth\n|-resisted|p2a: Tentacruel\n|-damage|p2a: Tentacruel|91/275\n|\n|-heal|p1a: Florges|157/268|[from] item: Leftovers\n|upkeep\n|turn|29\n|\n|t:|1770755639\n|move|p1a: Florges|Protect|p1a: Florges\n|-singleturn|p1a: Florges|Protect\n|move|p2b: Frosmoth|Quiver Dance|p2b: Frosmoth\n|-boost|p2b: Frosmoth|spa|0\n|-boost|p2b: Frosmoth|spd|0\n|-boost|p2b: Frosmoth|spe|0\n|move|p2a: Tentacruel|Acid Spray|p1a: Florges\n|-activate|p1a: Florges|move: Protect\n|\n|-heal|p1a: Florges|173/268|[from] item: Leftovers\n|upkeep\n|turn|30\n|\n|t:|1770755652\n|move|p2b: Frosmoth|Ice Beam|p1a: Florges\n|-resisted|p1a: Florges\n|-damage|p1a: Florges|137/268\n|move|p2a: Tentacruel|Icy Wind|p1a: Florges\n|-resisted|p1a: Florges\n|-damage|p1a: Florges|134/268\n|-unboost|p1a: Florges|spe|1\n|move|p1a: Florges|Dazzling Gleam|p2b: Frosmoth|[spread] p2a\n|-miss|p1a: Florges|p2b: Frosmoth\n|-resisted|p2a: Tentacruel\n|-damage|p2a: Tentacruel|14/275\n|\n|-heal|p1a: Florges|150/268|[from] item: Leftovers\n|upkeep\n|turn|31\n|\n|t:|1770755670\n|move|p1a: Florges|Protect|p1a: Florges\n|-singleturn|p1a: Florges|Protect\n|move|p2b: Frosmoth|Ice Beam|p1a: Florges\n|-activate|p1a: Florges|move: Protect\n|move|p2a: Tentacruel|Icy Wind|p1a: Florges\n|-activate|p1a: Florges|move: Protect\n|\n|-heal|p1a: Florges|166/268|[from] item: Leftovers\n|upkeep\n|turn|32\n|\n|t:|1770755687\n|move|p2b: Frosmoth|Ice Beam|p1a: Florges\n|-resisted|p1a: Florges\n|-damage|p1a: Florges|130/268\n|-status|p1a: Florges|frz\n|move|p2a: Tentacruel|Icy Wind|p1a: Florges\n|-resisted|p1a: Florges\n|-damage|p1a: Florges|127/268 frz\n|-unboost|p1a: Florges|spe|1\n|-curestatus|p1a: Florges|frz|[msg]\n|move|p1a: Florges|Dazzling Gleam|p2b: Frosmoth|[spread] p2a\n|-miss|p1a: Florges|p2b: Frosmoth\n|-resisted|p2a: Tentacruel\n|-damage|p2a: Tentacruel|0 fnt\n|faint|p2a: Tentacruel\n|\n|-heal|p1a: Florges|143/268|[from] item: Leftovers\n|upkeep\n|turn|33\n|\n|t:|1770755704\n|move|p2b: Frosmoth|Quiver Dance|p2b: Frosmoth\n|-boost|p2b: Frosmoth|spa|0\n|-boost|p2b: Frosmoth|spd|0\n|-boost|p2b: Frosmoth|spe|0\n|move|p1a: Florges|Calm Mind|p1a: Florges\n|-boost|p1a: Florges|spa|0\n|-boost|p1a: Florges|spd|0\n|\n|-heal|p1a: Florges|159/268|[from] item: Leftovers\n|upkeep\n|turn|34\n|\n|t:|1770755712\n|move|p2b: Frosmoth|Quiver Dance|p2b: Frosmoth\n|-boost|p2b: Frosmoth|spa|0\n|-boost|p2b: Frosmoth|spd|0\n|-boost|p2b: Frosmoth|spe|0\n|move|p1a: Florges|Calm Mind|p1a: Florges\n|-boost|p1a: Florges|spa|0\n|-boost|p1a: Florges|spd|0\n|\n|-heal|p1a: Florges|175/268|[from] item: Leftovers\n|upkeep\n|turn|35\n|\n|t:|1770755720\n|move|p2b: Frosmoth|Ice Beam|p1a: Florges\n|-resisted|p1a: Florges\n|-damage|p1a: Florges|135/268\n|move|p1a: Florges|Calm Mind|p1a: Florges\n|-boost|p1a: Florges|spa|0\n|-boost|p1a: Florges|spd|0\n|\n|-heal|p1a: Florges|151/268|[from] item: Leftovers\n|upkeep\n|turn|36\n|\n|t:|1770755728\n|move|p2b: Frosmoth|Ice Beam|p1a: Florges\n|-resisted|p1a: Florges\n|-damage|p1a: Florges|114/268\n|move|p1a: Florges|Dazzling Gleam|p2b: Frosmoth\n|-damage|p2b: Frosmoth|150/261\n|\n|-heal|p1a: Florges|130/268|[from] item: Leftovers\n|upkeep\n|turn|37\n|\n|t:|1770755738\n|move|p1a: Florges|Protect|p1a: Florges\n|-singleturn|p1a: Florges|Protect\n|move|p2b: Frosmoth|Quiver Dance|p2b: Frosmoth\n|-boost|p2b: Frosmoth|spa|0\n|-boost|p2b: Frosmoth|spd|0\n|-boost|p2b: Frosmoth|spe|0\n|\n|-heal|p1a: Florges|146/268|[from] item: Leftovers\n|upkeep\n|turn|38\n|\n|t:|1770755745\n|move|p2b: Frosmoth|Ice Beam|p1a: Florges\n|-resisted|p1a: Florges\n|-damage|p1a: Florges|104/268\n|move|p1a: Florges|Dazzling Gleam|p2b: Frosmoth|[miss]\n|-miss|p1a: Florges|p2b: Frosmoth\n|\n|-heal|p1a: Florges|120/268|[from] item: Leftovers\n|upkeep\n|turn|39\n|\n|t:|1770755753\n|move|p2b: Frosmoth|Ice Beam|p1a: Florges\n|-resisted|p1a: Florges\n|-damage|p1a: Florges|83/268\n|move|p1a: Florges|Synthesis|p1a: Florges\n|-heal|p1a: Florges|217/268\n|\n|-heal|p1a: Florges|233/268|[from] item: Leftovers\n|upkeep\n|turn|40\n|\n|t:|1770755763\n|move|p2b: Frosmoth|Protect|p2b: Frosmoth\n|-singleturn|p2b: Frosmoth|Protect\n|move|p1a: Florges|Dazzling Gleam|p2b: Frosmoth\n|-activate|p2b: Frosmoth|move: Protect\n|\n|-heal|p1a: Florges|249/268|[from] item: Leftovers\n|upkeep\n|turn|41\n|\n|t:|1770755769\n|move|p2b: Frosmoth|Quiver Dance|p2b: Frosmoth\n|-boost|p2b: Frosmoth|spa|0\n|-boost|p2b: Frosmoth|spd|0\n|-boost|p2b: Frosmoth|spe|0\n|move|p1a: Florges|Dazzling Gleam|p2b: Frosmoth\n|-damage|p2b: Frosmoth|108/261\n|\n|-heal|p1a: Florges|265/268|[from] item: Leftovers\n|upkeep\n|turn|42\n|\n|t:|1770755777\n|move|p2b: Frosmoth|Protect|p2b: Frosmoth\n|-singleturn|p2b: Frosmoth|Protect\n|move|p1a: Florges|Calm Mind|p1a: Florges\n|-boost|p1a: Florges|spa|0\n|-boost|p1a: Florges|spd|0\n|\n|-heal|p1a: Florges|268/268|[from] item: Leftovers\n|upkeep\n|turn|43\n|\n|t:|1770755784\n|move|p2b: Frosmoth|Quiver Dance|p2b: Frosmoth\n|-boost|p2b: Frosmoth|spa|0\n|-boost|p2b: Frosmoth|spd|0\n|-boost|p2b: Frosmoth|spe|0\n|move|p1a: Florges|Dazzling Gleam|p2b: Frosmoth\n|-damage|p2b: Frosmoth|64/261\n|\n|upkeep\n|turn|44\n|\n|t:|1770755790\n|move|p2b: Frosmoth|Quiver Dance|p2b: Frosmoth\n|-boost|p2b: Frosmoth|spa|0\n|-boost|p2b: Frosmoth|spd|0\n|-boost|p2b: Frosmoth|spe|0\n|move|p1a: Florges|Dazzling Gleam|p2b: Frosmoth|[miss]\n|-miss|p1a: Florges|p2b: Frosmoth\n|\n|upkeep\n|turn|45\n|\n|t:|1770755797\n|move|p2b: Frosmoth|Quiver Dance|p2b: Frosmoth\n|-boost|p2b: Frosmoth|spa|0\n|-boost|p2b: Frosmoth|spd|0\n|-boost|p2b: Frosmoth|spe|0\n|move|p1a: Florges|Calm Mind|p1a: Florges\n|-boost|p1a: Florges|spa|0\n|-boost|p1a: Florges|spd|0\n|\n|upkeep\n|turn|46\n|\n|t:|1770755803\n|move|p2b: Frosmoth|Protect|p2b: Frosmoth\n|-singleturn|p2b: Frosmoth|Protect\n|move|p1a: Florges|Calm Mind|p1a: Florges\n|-boost|p1a: Florges|spa|0\n|-boost|p1a: Florges|spd|0\n|\n|upkeep\n|turn|47\n|\n|t:|1770755809\n|move|p2b: Frosmoth|Protect||[still]\n|-fail|p2b: Frosmoth\n|move|p1a: Florges|Dazzling Gleam|p2b: Frosmoth|[miss]\n|-miss|p1a: Florges|p2b: Frosmoth\n|\n|upkeep\n|turn|48\n|\n|t:|1770755814\n|move|p2b: Frosmoth|Quiver Dance|p2b: Frosmoth\n|-boost|p2b: Frosmoth|spa|0\n|-boost|p2b: Frosmoth|spd|0\n|-boost|p2b: Frosmoth|spe|0\n|move|p1a: Florges|Calm Mind|p1a: Florges\n|-boost|p1a: Florges|spa|0\n|-boost|p1a: Florges|spd|0\n|\n|upkeep\n|turn|49\n|\n|t:|1770755821\n|move|p2b: Frosmoth|Quiver Dance|p2b: Frosmoth\n|-boost|p2b: Frosmoth|spa|0\n|-boost|p2b: Frosmoth|spd|0\n|-boost|p2b: Frosmoth|spe|0\n|move|p1a: Florges|Calm Mind|p1a: Florges\n|-boost|p1a: Florges|spa|0\n|-boost|p1a: Florges|spd|0\n|\n|upkeep\n|turn|50\n|\n|t:|1770755829\n|move|p2b: Frosmoth|Quiver Dance|p2b: Frosmoth\n|-boost|p2b: Frosmoth|spa|0\n|-boost|p2b: Frosmoth|spd|0\n|-boost|p2b: Frosmoth|spe|0\n|move|p1a: Florges|Calm Mind|p1a: Florges\n|-boost|p1a: Florges|spa|0\n|-boost|p1a: Florges|spd|0\n|\n|upkeep\n|turn|51\n|\n|t:|1770755836\n|move|p2b: Frosmoth|Quiver Dance|p2b: Frosmoth\n|-boost|p2b: Frosmoth|spa|0\n|-boost|p2b: Frosmoth|spd|0\n|-boost|p2b: Frosmoth|spe|0\n|move|p1a: Florges|Calm Mind|p1a: Florges\n|-boost|p1a: Florges|spa|0\n|-boost|p1a: Florges|spd|0\n|\n|upkeep\n|turn|52\n|\n|t:|1770755843\n|move|p2b: Frosmoth|Quiver Dance|p2b: Frosmoth\n|-boost|p2b: Frosmoth|spa|0\n|-boost|p2b: Frosmoth|spd|0\n|-boost|p2b: Frosmoth|spe|0\n|move|p1a: Florges|Calm Mind|p1a: Florges\n|-boost|p1a: Florges|spa|0\n|-boost|p1a: Florges|spd|0\n|\n|upkeep\n|turn|53\n|\n|t:|1770755854\n|move|p2b: Frosmoth|Quiver Dance|p2b: Frosmoth\n|-boost|p2b: Frosmoth|spa|0\n|-boost|p2b: Frosmoth|spd|0\n|-boost|p2b: Frosmoth|spe|0\n|move|p1a: Florges|Calm Mind|p1a: Florges\n|-boost|p1a: Florges|spa|0\n|-boost|p1a: Florges|spd|0\n|\n|upkeep\n|turn|54\n|\n|t:|1770755860\n|move|p2b: Frosmoth|Quiver Dance|p2b: Frosmoth\n|-boost|p2b: Frosmoth|spa|0\n|-boost|p2b: Frosmoth|spd|0\n|-boost|p2b: Frosmoth|spe|0\n|move|p1a: Florges|Calm Mind|p1a: Florges\n|-boost|p1a: Florges|spa|0\n|-boost|p1a: Florges|spd|0\n|\n|upkeep\n|turn|55\n|\n|t:|1770755867\n|move|p2b: Frosmoth|Quiver Dance|p2b: Frosmoth\n|-boost|p2b: Frosmoth|spa|0\n|-boost|p2b: Frosmoth|spd|0\n|-boost|p2b: Frosmoth|spe|0\n|move|p1a: Florges|Calm Mind|p1a: Florges\n|-boost|p1a: Florges|spa|0\n|-boost|p1a: Florges|spd|0\n|\n|upkeep\n|turn|56\n|\n|t:|1770755873\n|move|p2b: Frosmoth|Protect|p2b: Frosmoth\n|-singleturn|p2b: Frosmoth|Protect\n|move|p1a: Florges|Calm Mind|p1a: Florges\n|-boost|p1a: Florges|spa|0\n|-boost|p1a: Florges|spd|0\n|\n|upkeep\n|turn|57\n|\n|t:|1770755879\n|move|p2b: Frosmoth|Quiver Dance|p2b: Frosmoth\n|-boost|p2b: Frosmoth|spa|0\n|-boost|p2b: Frosmoth|spd|0\n|-boost|p2b: Frosmoth|spe|0\n|move|p1a: Florges|Calm Mind|p1a: Florges\n|-boost|p1a: Florges|spa|0\n|-boost|p1a: Florges|spd|0\n|\n|upkeep\n|turn|58\n|\n|t:|1770755886\n|move|p2b: Frosmoth|Quiver Dance|p2b: Frosmoth\n|-boost|p2b: Frosmoth|spa|0\n|-boost|p2b: Frosmoth|spd|0\n|-boost|p2b: Frosmoth|spe|0\n|move|p1a: Florges|Calm Mind|p1a: Florges\n|-boost|p1a: Florges|spa|0\n|-boost|p1a: Florges|spd|0\n|\n|upkeep\n|turn|59\n|\n|t:|1770755892\n|move|p2b: Frosmoth|Protect|p2b: Frosmoth\n|-singleturn|p2b: Frosmoth|Protect\n|move|p1a: Florges|Calm Mind|p1a: Florges\n|-boost|p1a: Florges|spa|0\n|-boost|p1a: Florges|spd|0\n|\n|upkeep\n|turn|60\n|\n|t:|1770755898\n|move|p2b: Frosmoth|Quiver Dance|p2b: Frosmoth\n|-boost|p2b: Frosmoth|spa|0\n|-boost|p2b: Frosmoth|spd|0\n|-boost|p2b: Frosmoth|spe|0\n|move|p1a: Florges|Calm Mind|p1a: Florges\n|-boost|p1a: Florges|spa|0\n|-boost|p1a: Florges|spd|0\n|\n|upkeep\n|turn|61\n|\n|t:|1770755904\n|move|p2b: Frosmoth|Protect|p2b: Frosmoth\n|-singleturn|p2b: Frosmoth|Protect\n|move|p1a: Florges|Calm Mind|p1a: Florges\n|-boost|p1a: Florges|spa|0\n|-boost|p1a: Florges|spd|0\n|\n|upkeep\n|turn|62\n|\n|t:|1770755910\n|move|p2b: Frosmoth|Quiver Dance|p2b: Frosmoth\n|-boost|p2b: Frosmoth|spa|0\n|-boost|p2b: Frosmoth|spd|0\n|-boost|p2b: Frosmoth|spe|0\n|move|p1a: Florges|Calm Mind|p1a: Florges\n|-boost|p1a: Florges|spa|0\n|-boost|p1a: Florges|spd|0\n|\n|upkeep\n|turn|63\n|\n|t:|1770755917\n|move|p2b: Frosmoth|Quiver Dance|p2b: Frosmoth\n|-boost|p2b: Frosmoth|spa|0\n|-boost|p2b: Frosmoth|spd|0\n|-boost|p2b: Frosmoth|spe|0\n|move|p1a: Florges|Calm Mind|p1a: Florges\n|-boost|p1a: Florges|spa|0\n|-boost|p1a: Florges|spd|0\n|\n|upkeep\n|turn|64\n|\n|t:|1770755924\n|move|p2b: Frosmoth|Protect|p2b: Frosmoth\n|-singleturn|p2b: Frosmoth|Protect\n|move|p1a: Florges|Calm Mind|p1a: Florges\n|-boost|p1a: Florges|spa|0\n|-boost|p1a: Florges|spd|0\n|\n|upkeep\n|turn|65\n|\n|t:|1770755929\n|move|p2b: Frosmoth|Quiver Dance|p2b: Frosmoth\n|-boost|p2b: Frosmoth|spa|0\n|-boost|p2b: Frosmoth|spd|0\n|-boost|p2b: Frosmoth|spe|0\n|move|p1a: Florges|Calm Mind|p1a: Florges\n|-boost|p1a: Florges|spa|0\n|-boost|p1a: Florges|spd|0\n|\n|upkeep\n|turn|66\n|\n|t:|1770755937\n|move|p2b: Frosmoth|Tera Blast|p1a: Florges\n|-resisted|p1a: Florges\n|-damage|p1a: Florges|243/268\n|move|p1a: Florges|Calm Mind|p1a: Florges\n|-boost|p1a: Florges|spa|0\n|-boost|p1a: Florges|spd|0\n|\n|-heal|p1a: Florges|259/268|[from] item: Leftovers\n|upkeep\n|turn|67\n|\n|t:|1770755945\n|move|p2b: Frosmoth|Quiver Dance|p2b: Frosmoth\n|-boost|p2b: Frosmoth|spa|0\n|-boost|p2b: Frosmoth|spd|0\n|-boost|p2b: Frosmoth|spe|0\n|move|p1a: Florges|Calm Mind|p1a: Florges\n|-boost|p1a: Florges|spa|0\n|-boost|p1a: Florges|spd|0\n|\n|-heal|p1a: Florges|268/268|[from] item: Leftovers\n|upkeep\n|turn|68\n|\n|t:|1770755954\n|move|p1a: Florges|Protect|p1a: Florges\n|-singleturn|p1a: Florges|Protect\n|move|p2b: Frosmoth|Tera Blast|p1a: Florges\n|-activate|p1a: Florges|move: Protect\n|\n|upkeep\n|turn|69\n|\n|t:|1770755960\n|move|p2b: Frosmoth|Quiver Dance|p2b: Frosmoth\n|-boost|p2b: Frosmoth|spa|0\n|-boost|p2b: Frosmoth|spd|0\n|-boost|p2b: Frosmoth|spe|0\n|move|p1a: Florges|Synthesis|p1a: Florges\n|-fail|p1a: Florges|heal\n|\n|upkeep\n|turn|70\n|\n|t:|1770755967\n|move|p1a: Florges|Protect|p1a: Florges\n|-singleturn|p1a: Florges|Protect\n|move|p2b: Frosmoth|Quiver Dance|p2b: Frosmoth\n|-boost|p2b: Frosmoth|spa|0\n|-boost|p2b: Frosmoth|spd|0\n|-boost|p2b: Frosmoth|spe|0\n|\n|upkeep\n|turn|71\n|\n|t:|1770755974\n|move|p2b: Frosmoth|Quiver Dance|p2b: Frosmoth\n|-boost|p2b: Frosmoth|spa|0\n|-boost|p2b: Frosmoth|spd|0\n|-boost|p2b: Frosmoth|spe|0\n|move|p1a: Florges|Synthesis|p1a: Florges\n|-fail|p1a: Florges|heal\n|\n|upkeep\n|turn|72\n|\n|t:|1770755983\n|move|p2b: Frosmoth|Tera Blast|p1a: Florges\n|-resisted|p1a: Florges\n|-damage|p1a: Florges|243/268\n|move|p1a: Florges|Synthesis|p1a: Florges\n|-heal|p1a: Florges|268/268\n|\n|upkeep\n|turn|73\n|\n|t:|1770755990\n|move|p1a: Florges|Protect|p1a: Florges\n|-singleturn|p1a: Florges|Protect\n|move|p2b: Frosmoth|Tera Blast|p1a: Florges\n|-activate|p1a: Florges|move: Protect\n|\n|upkeep\n|turn|74\n|\n|t:|1770755997\n|move|p2b: Frosmoth|Protect|p2b: Frosmoth\n|-singleturn|p2b: Frosmoth|Protect\n|move|p1a: Florges|Protect||[still]\n|-fail|p1a: Florges\n|\n|upkeep\n|turn|75\n|\n|t:|1770756003\n|move|p2b: Frosmoth|Tera Blast|p1a: Florges\n|-resisted|p1a: Florges\n|-damage|p1a: Florges|246/268\n|move|p1a: Florges|Synthesis|p1a: Florges\n|-heal|p1a: Florges|268/268\n|\n|upkeep\n|turn|76\n|\n|t:|1770756012\n|move|p1a: Florges|Protect|p1a: Florges\n|-singleturn|p1a: Florges|Protect\n|move|p2b: Frosmoth|Tera Blast|p1a: Florges\n|-activate|p1a: Florges|move: Protect\n|\n|upkeep\n|turn|77\n|\n|t:|1770756019\n|move|p2b: Frosmoth|Protect|p2b: Frosmoth\n|-singleturn|p2b: Frosmoth|Protect\n|move|p1a: Florges|Synthesis|p1a: Florges\n|-fail|p1a: Florges|heal\n|\n|upkeep\n|turn|78\n|\n|t:|1770756024\n|move|p2b: Frosmoth|Protect||[still]\n|-fail|p2b: Frosmoth\n|move|p1a: Florges|Protect||[still]\n|-fail|p1a: Florges\n|\n|upkeep\n|turn|79\n|\n|t:|1770756029\n|move|p2b: Frosmoth|Protect|p2b: Frosmoth\n|-singleturn|p2b: Frosmoth|Protect\n|-activate|p1a: Florges|move: Struggle\n|move|p1a: Florges|Struggle|p2b: Frosmoth\n|-activate|p2b: Frosmoth|move: Protect\n|\n|upkeep\n|turn|80\n|\n|t:|1770756034\n|move|p2b: Frosmoth|Tera Blast|p1a: Florges\n|-resisted|p1a: Florges\n|-damage|p1a: Florges|243/268\n|-activate|p1a: Florges|move: Struggle\n|move|p1a: Florges|Struggle|p2b: Frosmoth\n|-damage|p2b: Frosmoth|40/261\n|-damage|p1a: Florges|176/268|[from] recoil\n|\n|-heal|p1a: Florges|192/268|[from] item: Leftovers\n|upkeep\n|turn|81\n|\n|t:|1770756043\n|move|p2b: Frosmoth|Tera Blast|p1a: Florges\n|-resisted|p1a: Florges\n|-damage|p1a: Florges|169/268\n|-activate|p1a: Florges|move: Struggle\n|move|p1a: Florges|Struggle|p2b: Frosmoth\n|-damage|p2b: Frosmoth|16/261\n|-damage|p1a: Florges|102/268|[from] recoil\n|\n|-heal|p1a: Florges|118/268|[from] item: Leftovers\n|upkeep\n|turn|82\n|\n|t:|1770756053\n|move|p2b: Frosmoth|Tera Blast|p1a: Florges\n|-resisted|p1a: Florges\n|-damage|p1a: Florges|94/268\n|-activate|p1a: Florges|move: Struggle\n|move|p1a: Florges|Struggle|p2b: Frosmoth\n|-damage|p2b: Frosmoth|0 fnt\n|faint|p2b: Frosmoth\n|-damage|p1a: Florges|27/268|[from] recoil\n|\n|win|Apoapsis\n|raw|Apoapsis's rating: 1753 &rarr; <strong>1769</strong><br />(+16 for winning)\n|raw|GetLostGaming's rating: 1678 &rarr; <strong>1662</strong><br />(-16 for losing)\n|c|☆GetLostGaming|gg\n|c|☆Apoapsis|gg\n|l|☆GetLostGaming\n|player|p2|\n", "inputlog": ">version ccdc32dd7cde25fd9e4bed64820e885f66e78a4e\n>start {\"formatid\":\"gen9randomdoublesbattle\",\"seed\":\"sodium,203ee4aeef56684ced77ffbeb0f273e5\",\"rated\":\"Rated battle\"}\n>player p1 {\"name\":\"Apoapsis\",\"avatar\":\"pokemonbreeder-gen4\",\"rating\":1753,\"seed\":\"sodium,49603a013e38e78e8cb17cfda4705db8\"}\n>player p2 {\"name\":\"GetLostGaming\",\"avatar\":\"dawn\",\"rating\":1678,\"seed\":\"sodium,94e3c5bc7fdaade33285d6644b44290c\"}\n>p1 move grassknot +2, move wildboltstorm\n>p2 move trickroom, move fakeout +1\n>p1 move protect, move wildboltstorm\n>p2 move superpower +1, move hydropump +2\n>p1 move icywind, move wildboltstorm\n>p2 move superpower +1, move hydropump +2\n>p2 pass, switch 6\n>p1 move icywind, move wildboltstorm\n>p2 move knockoff +2, move fakeout +2\n>p1 pass, switch 3\n>p1 move icywind, move highhorsepower +1\n>p2 move protect, move woodhammer +1\n>p1 switch 5, pass\n>p1 move dazzlinggleam, move icywind\n>p2 move protect, move woodhammer +2\n>p1 pass, switch 4\n>p1 move dazzlinggleam, move protect\n>p2 move superpower +2, move grassyglide +1\n>p2 switch 3, switch 5\n>p1 move protect, move stoneedge +1\n>p2 move sludgebomb +1, move shadowball +2\n>p1 move calmmind terastallize, move stoneedge +1\n>p2 move sludgebomb +1, move protect\n>p1 move calmmind, move stoneedge +1\n>p2 move muddywater, move dragondarts +2 terastallize\n>p1 pass, switch 6\n>p1 move protect, move irondefense\n>p2 move muddywater, move fireblast +2\n>p1 move dazzlinggleam, pass\n>p2 move muddywater, move fireblast +1\n>p2 pass, switch 4\n>p1 move calmmind, pass\n>p2 move muddywater, move quiverdance\n>p1 move calmmind, pass\n>p2 move muddywater, move quiverdance\n>p1 move protect, pass\n>p2 move muddywater, move quiverdance\n>p1 move synthesis, pass\n>p2 move muddywater, move quiverdance\n>p1 move calmmind, pass\n>p2 move muddywater, move quiverdance\n>p1 move calmmind, pass\n>p2 move muddywater, move quiverdance\n>p1 move protect, pass\n>p2 move muddywater, move icebeam +1\n>p1 move dazzlinggleam, pass\n>p2 move muddywater, move icebeam +1\n>p1 move synthesis, pass\n>p2 move acidspray +1, move terablast +1\n>p1 move dazzlinggleam, pass\n>p2 move muddywater, move icebeam +1\n>p1 move protect, pass\n>p2 move muddywater, move icebeam +1\n>p1 move dazzlinggleam, pass\n>p2 move muddywater, move icebeam +1\n>p1 move protect, pass\n>p2 move muddywater, move icebeam +1\n>p1 move dazzlinggleam, pass\n>p2 move muddywater, move icebeam +1\n>p1 move protect, pass\n>p2 move icywind, move icebeam +1\n>p1 move dazzlinggleam, pass\n>p2 move icywind, move icebeam +1\n>p1 move protect, pass\n>p2 move acidspray +1, move quiverdance\n>p1 move dazzlinggleam, pass\n>p2 move icywind, move icebeam +1\n>p1 move protect, pass\n>p2 move icywind, move icebeam +1\n>p1 move dazzlinggleam, pass\n>p2 move icywind, move icebeam +1\n>p1 move calmmind, pass\n>p2 pass, move quiverdance\n>p1 move calmmind, pass\n>p2 pass, move quiverdance\n>p1 move calmmind, pass\n>p2 pass, move icebeam +1\n>p1 move dazzlinggleam, pass\n>p2 pass, move icebeam +1\n>p1 move protect, pass\n>p2 pass, move quiverdance\n>p1 move dazzlinggleam, pass\n>p2 pass, move icebeam +1\n>p1 move synthesis, pass\n>p2 pass, move icebeam +1\n>p1 move dazzlinggleam, pass\n>p2 pass, move protect\n>p1 move dazzlinggleam, pass\n>p2 pass, move quiverdance\n>p1 move calmmind, pass\n>p2 pass, move protect\n>p1 move dazzlinggleam, pass\n>p2 pass, move quiverdance\n>p1 move dazzlinggleam, pass\n>p2 pass, move quiverdance\n>p1 move calmmind, pass\n>p2 pass, move quiverdance\n>p1 move calmmind, pass\n>p2 pass, move protect\n>p1 move dazzlinggleam, pass\n>p2 pass, move protect\n>p1 move calmmind, pass\n>p2 pass, move quiverdance\n>p1 move calmmind, pass\n>p2 pass, move quiverdance\n>p1 move calmmind, pass\n>p2 pass, move quiverdance\n>p1 move calmmind, pass\n>p2 pass, move quiverdance\n>p1 move calmmind, pass\n>p2 pass, move quiverdance\n>p1 move calmmind, pass\n>p2 pass, move quiverdance\n>p1 move calmmind, pass\n>p2 pass, move quiverdance\n>p1 move calmmind, pass\n>p2 pass, move quiverdance\n>p1 move calmmind, pass\n>p2 pass, move protect\n>p1 move calmmind, pass\n>p2 pass, move quiverdance\n>p1 move calmmind, pass\n>p2 pass, move quiverdance\n>p1 move calmmind, pass\n>p2 pass, move protect\n>p1 move calmmind, pass\n>p2 pass, move quiverdance\n>p1 move calmmind, pass\n>p2 pass, move protect\n>p1 move calmmind, pass\n>p2 pass, move quiverdance\n>p1 move calmmind, pass\n>p2 pass, move quiverdance\n>p1 move calmmind, pass\n>p2 pass, move protect\n>p1 move calmmind, pass\n>p2 pass, move quiverdance\n>p1 move calmmind, pass\n>p2 pass, move terablast +1\n>p1 move calmmind, pass\n>p2 pass, move quiverdance\n>p1 move protect, pass\n>p2 pass, move terablast +1\n>p1 move synthesis, pass\n>p2 pass, move quiverdance\n>p1 move protect, pass\n>p2 pass, move quiverdance\n>p1 move synthesis, pass\n>p2 pass, move quiverdance\n>p1 move synthesis, pass\n>p2 pass, move terablast +1\n>p1 move protect, pass\n>p2 pass, move terablast +1\n>p1 move protect, pass\n>p2 pass, move protect\n>p1 move synthesis, pass\n>p2 pass, move terablast +1\n>p1 move protect, pass\n>p2 pass, move terablast +1\n>p1 move synthesis, pass\n>p2 pass, move protect\n>p1 move protect, pass\n>p2 pass, move protect\n>p1 move struggle, pass\n>p2 pass, move protect\n>p1 move struggle, pass\n>p2 pass, move terablast +1\n>p1 move struggle, pass\n>p2 pass, move terablast +1\n>p1 move struggle, pass\n>p2 pass, move terablast +1", "uploadtime": 1770756069, "views": 72, "formatid": "gen9randomdoublesbattle", "rating": 1662, "private": 0, "password": null}