{"id": "gen9randomdoublesbattle-2535246404", "format": "[Gen 9] Random Doubles Battle", "players": ["matthewssandslash", "LittleOldMan"], "log": "|j|☆matthewssandslash\n|j|☆LittleOldMan\n|t:|1770536168\n|gametype|doubles\n|player|p1|matthewssandslash|gambler|1752\n|player|p2|LittleOldMan|169|1667\n|gen|9\n|tier|[Gen 9] Random Doubles Battle\n|rated|\n|rule|Species Clause: Limit one of each Pokémon\n|rule|HP Percentage Mod: HP is shown in percentages\n|rule|Illusion Level Mod: Illusion disguises the Pokémon's true level\n|rule|Sleep Clause Mod: Limit one foe put to sleep\n|\n|t:|1770536168\n|teamsize|p1|6\n|teamsize|p2|6\n|start\n|switch|p1a: Cinderace|Cinderace, L82, M|265/265\n|switch|p1b: Magcargo|Magcargo, L93, F|262/262\n|switch|p2a: Carbink|Carbink, L88|231/231\n|switch|p2b: Klefki|Klefki, L81, M|225/225\n|turn|1\n|inactive|Battle timer is ON: inactive players will automatically lose when time's up. (requested by matthewssandslash)\n|c|☆matthewssandslash|glhf\n|inactive|matthewssandslash has 120 seconds left.\n|inactive|LittleOldMan has 120 seconds left.\n|\n|t:|1770536226\n|move|p2b: Klefki|Reflect|p2b: Klefki\n|-sidestart|p2: LittleOldMan|Reflect\n|move|p1a: Cinderace|Pyro Ball|p2b: Klefki|[miss]\n|-miss|p1a: Cinderace|p2b: Klefki\n|move|p1b: Magcargo|Shell Smash|p1b: Magcargo\n|-unboost|p1b: Magcargo|def|1\n|-unboost|p1b: Magcargo|spd|1\n|-boost|p1b: Magcargo|atk|2\n|-boost|p1b: Magcargo|spa|2\n|-boost|p1b: Magcargo|spe|2\n|move|p2a: Carbink|Trick Room|p2a: Carbink\n|-fieldstart|move: Trick Room|[of] p2a: Carbink\n|\n|upkeep\n|turn|2\n|\n|t:|1770536251\n|switch|p1a: Florges|Florges, L84, F|268/268\n|move|p2b: Klefki|Light Screen|p2b: Klefki\n|-sidestart|p2: LittleOldMan|move: Light Screen\n|move|p2a: Carbink|Body Press|p1b: Magcargo\n|-supereffective|p1b: Magcargo\n|-damage|p1b: Magcargo|86/262\n|-ability|p1b: Magcargo|Weak Armor|boost\n|-unboost|p1b: Magcargo|def|1\n|-boost|p1b: Magcargo|spe|2\n|move|p1b: Magcargo|Heat Wave|p2b: Klefki|[spread] p2a,p2b\n|-resisted|p2a: Carbink\n|-supereffective|p2b: Klefki\n|-damage|p2a: Carbink|181/231\n|-damage|p2b: Klefki|0 fnt\n|faint|p2b: Klefki\n|-damage|p1b: Magcargo|60/262|[from] item: Life Orb\n|\n|-heal|p2a: Carbink|195/231|[from] item: Leftovers\n|upkeep\n|inactive|LittleOldMan has 120 seconds left.\n|\n|t:|1770536276\n|switch|p2b: Venusaur|Venusaur, L86, F|278/278\n|turn|3\n|\n|t:|1770536301\n|move|p1a: Florges|Protect|p1a: Florges\n|-singleturn|p1a: Florges|Protect\n|move|p2a: Carbink|Body Press|p1b: Magcargo\n|-supereffective|p1b: Magcargo\n|-damage|p1b: Magcargo|0 fnt\n|faint|p1b: Magcargo\n|move|p2b: Venusaur|Sludge Bomb|p1a: Florges\n|-activate|p1a: Florges|move: Protect\n|\n|-heal|p2a: Carbink|209/231|[from] item: Leftovers\n|upkeep\n|\n|t:|1770536308\n|switch|p1b: Crabominable|Crabominable, L89, F|317/317\n|turn|4\n|\n|t:|1770536324\n|move|p2a: Carbink|Iron Defense|p2a: Carbink\n|-boost|p2a: Carbink|def|2\n|move|p1b: Crabominable|Ice Hammer|p2b: Venusaur\n|-supereffective|p2b: Venusaur\n|-damage|p2b: Venusaur|0 fnt\n|-unboost|p1b: Crabominable|spe|1\n|faint|p2b: Venusaur\n|-damage|p1b: Crabominable|286/317|[from] item: Life Orb\n|move|p1a: Florges|Calm Mind|p1a: Florges\n|-boost|p1a: Florges|spa|1\n|-boost|p1a: Florges|spd|1\n|\n|-heal|p2a: Carbink|223/231|[from] item: Leftovers\n|upkeep\n|\n|t:|1770536339\n|switch|p2b: Vikavolt|Vikavolt, L84, F|267/267\n|turn|5\n|\n|t:|1770536368\n|move|p1b: Crabominable|Ice Hammer|p2a: Carbink\n|-damage|p2a: Carbink|170/231\n|-unboost|p1b: Crabominable|spe|1\n|-damage|p1b: Crabominable|255/317|[from] item: Life Orb\n|move|p2a: Carbink|Body Press|p1b: Crabominable\n|-supereffective|p1b: Crabominable\n|-damage|p1b: Crabominable|0 fnt\n|faint|p1b: Crabominable\n|move|p2b: Vikavolt|Thunderbolt|p1a: Florges\n|-damage|p1a: Florges|208/268\n|move|p1a: Florges|Calm Mind|p1a: Florges\n|-boost|p1a: Florges|spa|1\n|-boost|p1a: Florges|spd|1\n|\n|-heal|p2a: Carbink|184/231|[from] item: Leftovers\n|-heal|p1a: Florges|224/268|[from] item: Leftovers\n|-fieldend|move: Trick Room\n|upkeep\n|inactive|matthewssandslash has 120 seconds left.\n|\n|t:|1770536390\n|switch|p1b: Phione|Phione, L90|290/290\n|turn|6\n|inactive|matthewssandslash has 120 seconds left.\n|\n|t:|1770536415\n|move|p1b: Phione|Protect|p1b: Phione\n|-singleturn|p1b: Phione|Protect\n|move|p1a: Florges|Dazzling Gleam|p2b: Vikavolt|[spread] p2a,p2b\n|-damage|p2a: Carbink|122/231\n|-damage|p2b: Vikavolt|164/267\n|move|p2b: Vikavolt|Sticky Web|p1a: Florges\n|-sidestart|p1: matthewssandslash|move: Sticky Web\n|move|p2a: Carbink|Body Press|p1b: Phione\n|-activate|p1b: Phione|move: Protect\n|\n|-heal|p1a: Florges|240/268|[from] item: Leftovers\n|-heal|p2a: Carbink|136/231|[from] item: Leftovers\n|upkeep\n|turn|7\n|inactive|matthewssandslash has 120 seconds left.\n|\n|t:|1770536444\n|move|p1b: Phione|Scald|p2a: Carbink\n|-supereffective|p2a: Carbink\n|-damage|p2a: Carbink|60/231\n|move|p1a: Florges|Calm Mind|p1a: Florges\n|-boost|p1a: Florges|spa|1\n|-boost|p1a: Florges|spd|1\n|move|p2b: Vikavolt|Thunderbolt|p1b: Phione\n|-supereffective|p1b: Phione\n|-damage|p1b: Phione|12/290\n|move|p2a: Carbink|Body Press|p1b: Phione\n|-damage|p1b: Phione|0 fnt\n|faint|p1b: Phione\n|\n|-heal|p1a: Florges|256/268|[from] item: Leftovers\n|-heal|p2a: Carbink|74/231|[from] item: Leftovers\n|upkeep\n|\n|t:|1770536473\n|switch|p1b: Cinderace|Cinderace, L82, M|265/265\n|-activate|p1b: Cinderace|move: Sticky Web\n|-unboost|p1b: Cinderace|spe|1\n|turn|8\n|inactive|matthewssandslash has 90 seconds left.\n|\n|t:|1770536505\n|-terastallize|p2b: Vikavolt|Electric\n|move|p1b: Cinderace|Protect|p1b: Cinderace\n|-singleturn|p1b: Cinderace|Protect\n|move|p1a: Florges|Dazzling Gleam|p2b: Vikavolt|[spread] p2a,p2b\n|-damage|p2a: Carbink|0 fnt\n|-damage|p2b: Vikavolt|29/267\n|-enditem|p2b: Vikavolt|Sitrus Berry|[eat]\n|-heal|p2b: Vikavolt|95/267|[from] item: Sitrus Berry\n|faint|p2a: Carbink\n|move|p2b: Vikavolt|Thunderbolt|p1a: Florges\n|-damage|p1a: Florges|214/268\n|\n|-heal|p1a: Florges|230/268|[from] item: Leftovers\n|-sideend|p2: LittleOldMan|Reflect\n|upkeep\n|\n|t:|1770536518\n|switch|p2a: Manaphy|Manaphy, L78|284/284\n|turn|9\n|\n|t:|1770536534\n|move|p2a: Manaphy|Tail Glow|p2a: Manaphy\n|-boost|p2a: Manaphy|spa|3\n|move|p1a: Florges|Calm Mind|p1a: Florges\n|-boost|p1a: Florges|spa|1\n|-boost|p1a: Florges|spd|1\n|move|p1b: Cinderace|Pyro Ball|p2b: Vikavolt|[miss]\n|-miss|p1b: Cinderace|p2b: Vikavolt\n|move|p2b: Vikavolt|Thunderbolt|p1a: Florges\n|-crit|p1a: Florges\n|-damage|p1a: Florges|72/268\n|\n|-heal|p1a: Florges|88/268|[from] item: Leftovers\n|-sideend|p2: LittleOldMan|move: Light Screen\n|upkeep\n|turn|10\n|inactive|matthewssandslash has 120 seconds left.\n|\n|t:|1770536552\n|move|p2a: Manaphy|Scald|p1a: Florges\n|-damage|p1a: Florges|49/268\n|-status|p1a: Florges|brn\n|move|p1a: Florges|Synthesis|p1a: Florges\n|-heal|p1a: Florges|183/268 brn\n|move|p1b: Cinderace|Pyro Ball|p2b: Vikavolt\n|-damage|p2b: Vikavolt|0 fnt\n|faint|p2b: Vikavolt\n|-damage|p1b: Cinderace|239/265|[from] item: Life Orb\n|\n|-heal|p1a: Florges|199/268 brn|[from] item: Leftovers\n|-damage|p1a: Florges|183/268 brn|[from] brn\n|upkeep\n|\n|t:|1770536565\n|switch|p2b: Electrode|Electrode, L89|252/252\n|turn|11\n|\n|t:|1770536585\n|move|p2b: Electrode|Thunderbolt|p1a: Florges\n|-damage|p1a: Florges|162/268 brn\n|move|p2a: Manaphy|Scald|p1a: Florges\n|-damage|p1a: Florges|119/268 brn\n|move|p1a: Florges|Synthesis|p1a: Florges\n|-heal|p1a: Florges|253/268 brn\n|move|p1b: Cinderace|Pyro Ball|p2b: Electrode\n|-damage|p2b: Electrode|65/252\n|-enditem|p2b: Electrode|Sitrus Berry|[eat]\n|-heal|p2b: Electrode|128/252|[from] item: Sitrus Berry\n|-damage|p1b: Cinderace|213/265|[from] item: Life Orb\n|\n|-heal|p1a: Florges|268/268 brn|[from] item: Leftovers\n|-damage|p1a: Florges|252/268 brn|[from] brn\n|upkeep\n|turn|12\n|\n|t:|1770536607\n|move|p2b: Electrode|Thunderbolt|p1a: Florges\n|-damage|p1a: Florges|231/268 brn\n|move|p2a: Manaphy|Scald|p1a: Florges\n|-damage|p1a: Florges|191/268 brn\n|move|p1a: Florges|Dazzling Gleam|p2a: Manaphy|[spread] p2a,p2b\n|-damage|p2a: Manaphy|95/284\n|-damage|p2b: Electrode|0 fnt\n|-enditem|p2a: Manaphy|Sitrus Berry|[eat]\n|-heal|p2a: Manaphy|166/284|[from] item: Sitrus Berry\n|faint|p2b: Electrode\n|move|p1b: Cinderace|Pyro Ball|p2a: Manaphy\n|-resisted|p2a: Manaphy\n|-damage|p2a: Manaphy|83/284\n|-damage|p1b: Cinderace|187/265|[from] item: Life Orb\n|\n|-heal|p1a: Florges|207/268 brn|[from] item: Leftovers\n|-damage|p1a: Florges|191/268 brn|[from] brn\n|upkeep\n|turn|13\n|-message|LittleOldMan forfeited.\n|\n|win|matthewssandslash\n|raw|matthewssandslash's rating: 1752 &rarr; <strong>1767</strong><br />(+15 for winning)\n|raw|LittleOldMan's rating: 1667 &rarr; <strong>1652</strong><br />(-15 for losing)\n|l|☆LittleOldMan\n|player|p2|\n|c|☆matthewssandslash|gg\n", "inputlog": ">version ccdc32dd7cde25fd9e4bed64820e885f66e78a4e\n>start {\"formatid\":\"gen9randomdoublesbattle\",\"seed\":\"sodium,55f45eed7976ebd9d872f095cf84aa3c\",\"rated\":\"Rated battle\"}\n>player p1 {\"name\":\"matthewssandslash\",\"avatar\":\"gambler\",\"rating\":1752,\"seed\":\"sodium,dc8cf5036994294727fac5ca0db286e9\"}\n>player p2 {\"name\":\"LittleOldMan\",\"avatar\":\"169\",\"rating\":1667,\"seed\":\"sodium,4b628eecd542f26339cc254c2f369ac0\"}\n>chat ☆matthewssandslash|glhf\n>p1 move pyroball +2, move shellsmash\n>p2 move trickroom, move reflect\n>p1 switch 3, move heatwave\n>p2 move bodypress +2, move lightscreen\n>p2 pass, switch 3\n>p1 move protect, move heatwave\n>p2 move bodypress +2, move sludgebomb +1\n>p1 pass, switch 6\n>p1 move calmmind, move icehammer +2\n>p2 move irondefense, move sludgebomb +1\n>p2 pass, switch 4\n>p1 move calmmind, move icehammer +1\n>p2 move bodypress +2, move thunderbolt +1\n>p1 pass, switch 4\n>p1 move dazzlinggleam, move protect\n>p2 move bodypress +2, move stickyweb\n>p1 move calmmind, move scald +1\n>p2 move bodypress +2, move thunderbolt +2\n>p1 pass, switch 3\n>p1 move dazzlinggleam, move protect\n>p2 move bodypress +2, move thunderbolt +1 terastallize\n>p2 switch 6, pass\n>p1 move calmmind, move pyroball +2\n>p2 move tailglow, move thunderbolt +1\n>p1 move synthesis, move pyroball +2\n>p2 move scald +1, move thunderbolt +1\n>p2 pass, switch 5\n>p1 move synthesis, move pyroball +2\n>p2 move scald +1, move thunderbolt +1\n>p1 move dazzlinggleam, move pyroball +2\n>p2 move scald +1, move thunderbolt +1\n>forcelose p2", "uploadtime": 1770536626, "views": 101, "formatid": "gen9randomdoublesbattle", "rating": 1652, "private": 0, "password": null}