{"id": "gen9randomdoublesbattle-2536590371", "format": "[Gen 9] Random Doubles Battle", "players": ["baseballlover", "pruaxx"], "log": "|j|☆baseballlover\n|j|☆pruaxx\n|t:|1770711087\n|gametype|doubles\n|player|p1|baseballlover|2|1600\n|player|p2|pruaxx|pokemaniac|1668\n|gen|9\n|tier|[Gen 9] Random Doubles Battle\n|rated|\n|rule|Species Clause: Limit one of each Pokémon\n|rule|HP Percentage Mod: HP is shown in percentages\n|rule|Illusion Level Mod: Illusion disguises the Pokémon's true level\n|rule|Sleep Clause Mod: Limit one foe put to sleep\n|\n|t:|1770711087\n|teamsize|p1|6\n|teamsize|p2|6\n|start\n|switch|p1a: Serperior|Serperior, L80, M|251/251\n|switch|p1b: Scovillain|Scovillain, L90, M|263/263\n|switch|p2a: Klefki|Klefki, L81, F|225/225\n|switch|p2b: Blastoise|Blastoise, L83, M|267/267\n|turn|1\n|inactive|Battle timer is ON: inactive players will automatically lose when time's up. (requested by baseballlover)\n|inactive|pruaxx has 120 seconds left.\n|\n|t:|1770711146\n|move|p2b: Blastoise|Fake Out|p1a: Serperior\n|-damage|p1a: Serperior|227/251\n|move|p2a: Klefki|Light Screen|p2a: Klefki\n|-sidestart|p2: pruaxx|move: Light Screen\n|cant|p1a: Serperior|flinch\n|move|p1b: Scovillain|Fire Blast|p2a: Klefki\n|-supereffective|p2a: Klefki\n|-damage|p2a: Klefki|0 fnt\n|faint|p2a: Klefki\n|\n|upkeep\n|\n|t:|1770711155\n|switch|p2a: Houndoom|Houndoom, L86, M|269/269\n|-ability|p2a: Houndoom|Unnerve\n|turn|2\n|\n|t:|1770711172\n|switch|p1b: Swampert|Swampert, L82, M|298/298\n|-terastallize|p2b: Blastoise|Dragon\n|move|p1a: Serperior|Leaf Storm|p2b: Blastoise\n|-resisted|p2b: Blastoise\n|-damage|p2b: Blastoise|224/267\n|-boost|p1a: Serperior|spa|2\n|-damage|p1a: Serperior|202/251|[from] item: Life Orb\n|move|p2a: Houndoom|Nasty Plot|p2a: Houndoom\n|-boost|p2a: Houndoom|spa|2\n|move|p2b: Blastoise|Icy Wind|p1a: Serperior|[spread] p1a,p1b\n|-supereffective|p1a: Serperior\n|-damage|p1a: Serperior|156/251\n|-damage|p1b: Swampert|279/298\n|-boost|p1a: Serperior|spe|1\n|-unboost|p1b: Swampert|spe|1\n|\n|upkeep\n|turn|3\n|\n|t:|1770711191\n|move|p1a: Serperior|Protect|p1a: Serperior\n|-singleturn|p1a: Serperior|Protect\n|move|p2a: Houndoom|Heat Wave|p1a: Serperior|[spread] p1b\n|-activate|p1a: Serperior|move: Protect\n|-resisted|p1b: Swampert\n|-damage|p1b: Swampert|202/298\n|-damage|p2a: Houndoom|243/269|[from] item: Life Orb\n|move|p2b: Blastoise|Wave Crash|p1a: Serperior\n|-activate|p1a: Serperior|move: Protect\n|move|p1b: Swampert|High Horsepower|p2a: Houndoom\n|-supereffective|p2a: Houndoom\n|-damage|p2a: Houndoom|0 fnt\n|faint|p2a: Houndoom\n|\n|upkeep\n|\n|t:|1770711198\n|switch|p2a: Cinccino|Cinccino, L85, M|266/266\n|turn|4\n|\n|t:|1770711209\n|move|p1a: Serperior|Leaf Storm|p2a: Cinccino|[miss]\n|-miss|p1a: Serperior|p2a: Cinccino\n|move|p2a: Cinccino|Triple Axel|p1a: Serperior\n|-supereffective|p1a: Serperior\n|-damage|p1a: Serperior|112/251\n|-supereffective|p1a: Serperior\n|-damage|p1a: Serperior|28/251\n|-supereffective|p1a: Serperior\n|-damage|p1a: Serperior|0 fnt\n|faint|p1a: Serperior\n|-hitcount|p1: Serperior|3\n|move|p2b: Blastoise|Yawn|p1b: Swampert\n|-start|p1b: Swampert|move: Yawn|[of] p2b: Blastoise\n|move|p1b: Swampert|Ice Beam|p2b: Blastoise\n|-supereffective|p2b: Blastoise\n|-damage|p2b: Blastoise|161/267\n|\n|upkeep\n|\n|t:|1770711226\n|switch|p1a: Dudunsparce|Dudunsparce-Three-Segment, L86, M|355/355\n|turn|5\n|\n|t:|1770711251\n|move|p2a: Cinccino|Knock Off|p1a: Dudunsparce\n|-damage|p1a: Dudunsparce|285/355\n|-ability|p1a: Dudunsparce|Rattled|boost\n|-boost|p1a: Dudunsparce|spe|1\n|-enditem|p1a: Dudunsparce|Sitrus Berry|[from] move: Knock Off|[of] p2a: Cinccino\n|move|p1a: Dudunsparce|Tailwind|p1a: Dudunsparce\n|-sidestart|p1: baseballlover|move: Tailwind\n|move|p1b: Swampert|Flip Turn|p2a: Cinccino\n|-damage|p2a: Cinccino|182/266\n|\n|t:|1770711261\n|switch|p1b: Electivire|Electivire, L86, F|269/269|[from] Flip Turn\n|move|p2b: Blastoise|Yawn|p1a: Dudunsparce\n|-start|p1a: Dudunsparce|move: Yawn|[of] p2b: Blastoise\n|\n|upkeep\n|turn|6\n|\n|t:|1770711274\n|switch|p1a: Swampert|Swampert, L82, M|202/298\n|move|p1b: Electivire|Ice Punch|p2b: Blastoise\n|-supereffective|p2b: Blastoise\n|-damage|p2b: Blastoise|45/267\n|-enditem|p2b: Blastoise|Sitrus Berry|[eat]\n|-heal|p2b: Blastoise|111/267|[from] item: Sitrus Berry\n|move|p2a: Cinccino|Knock Off|p1b: Electivire\n|-damage|p1b: Electivire|179/269\n|-enditem|p1b: Electivire|Assault Vest|[from] move: Knock Off|[of] p2a: Cinccino\n|move|p2b: Blastoise|Icy Wind|p1a: Swampert|[spread] p1a,p1b\n|-damage|p1a: Swampert|184/298\n|-damage|p1b: Electivire|153/269\n|-unboost|p1a: Swampert|spe|1\n|-unboost|p1b: Electivire|spe|1\n|\n|upkeep\n|turn|7\n|\n|t:|1770711297\n|move|p1b: Electivire|Ice Punch|p2b: Blastoise\n|-supereffective|p2b: Blastoise\n|-damage|p2b: Blastoise|0 fnt\n|faint|p2b: Blastoise\n|move|p2a: Cinccino|Tail Slap|p1a: Swampert\n|-damage|p1a: Swampert|145/298\n|-damage|p1a: Swampert|102/298\n|-damage|p1a: Swampert|63/298\n|-damage|p1a: Swampert|24/298\n|-damage|p1a: Swampert|0 fnt\n|faint|p1a: Swampert\n|-hitcount|p1: Swampert|5\n|\n|upkeep\n|\n|t:|1770711312\n|switch|p2b: Kyogre|Kyogre, L65|238/238\n|switch|p1a: Necrozma|Necrozma-Dusk-Mane, L70|252/252\n|-weather|RainDance|[from] ability: Drizzle|[of] p2b: Kyogre\n|turn|8\n|\n|t:|1770711329\n|switch|p2b: Regirock|Regirock, L82|265/265\n|move|p2a: Cinccino|Protect|p2a: Cinccino\n|-singleturn|p2a: Cinccino|Protect\n|move|p1a: Necrozma|Sunsteel Strike|p2b: Regirock\n|-supereffective|p2b: Regirock\n|-damage|p2b: Regirock|145/265\n|move|p1b: Electivire|Wild Charge|p2b: Regirock\n|-damage|p2b: Regirock|79/265\n|-damage|p1b: Electivire|136/269|[from] Recoil\n|\n|-weather|RainDance|[upkeep]\n|-heal|p2b: Regirock|95/265|[from] item: Leftovers\n|-sideend|p2: pruaxx|move: Light Screen\n|-sideend|p1: baseballlover|move: Tailwind\n|upkeep\n|turn|9\n|\n|t:|1770711346\n|move|p2a: Cinccino|Tail Slap|p1b: Electivire|[miss]\n|-miss|p2a: Cinccino|p1b: Electivire\n|move|p1a: Necrozma|Dragon Dance|p1a: Necrozma\n|-boost|p1a: Necrozma|atk|1\n|-boost|p1a: Necrozma|spe|1\n|move|p1b: Electivire|Cross Chop|p2a: Cinccino\n|-supereffective|p2a: Cinccino\n|-damage|p2a: Cinccino|0 fnt\n|faint|p2a: Cinccino\n|move|p2b: Regirock|Iron Defense|p2b: Regirock\n|-boost|p2b: Regirock|def|2\n|\n|-weather|RainDance|[upkeep]\n|-heal|p2b: Regirock|111/265|[from] item: Leftovers\n|upkeep\n|\n|t:|1770711354\n|switch|p2a: Kyogre|Kyogre, L65|238/238\n|turn|10\n|\n|t:|1770711368\n|move|p2a: Kyogre|Origin Pulse|p1a: Necrozma|[spread] p1a,p1b\n|-damage|p1a: Necrozma|129/252\n|-damage|p1b: Electivire|28/269\n|move|p1a: Necrozma|Dragon Dance|p1a: Necrozma\n|-boost|p1a: Necrozma|atk|1\n|-boost|p1a: Necrozma|spe|1\n|move|p1b: Electivire|Wild Charge|p2a: Kyogre\n|-supereffective|p2a: Kyogre\n|-damage|p2a: Kyogre|0 fnt\n|faint|p2a: Kyogre\n|-damage|p1b: Electivire|0 fnt|[from] Recoil\n|faint|p1b: Electivire\n|move|p2b: Regirock|Body Press|p1a: Necrozma\n|-damage|p1a: Necrozma|0 fnt\n|faint|p1a: Necrozma\n|\n|-weather|RainDance|[upkeep]\n|-heal|p2b: Regirock|127/265|[from] item: Leftovers\n|upkeep\n|\n|t:|1770711378\n|switch|p1b: Dudunsparce|Dudunsparce-Three-Segment, L86, M|285/355\n|switch|p1a: Scovillain|Scovillain, L90, M|263/263\n|turn|11\n|\n|t:|1770711385\n|-terastallize|p1a: Scovillain|Grass\n|move|p1a: Scovillain|Energy Ball|p2b: Regirock\n|-supereffective|p2b: Regirock\n|-damage|p2b: Regirock|0 fnt\n|faint|p2b: Regirock\n|\n|win|baseballlover\n|raw|baseballlover's rating: 1600 &rarr; <strong>1624</strong><br />(+24 for winning)\n|raw|pruaxx's rating: 1668 &rarr; <strong>1644</strong><br />(-24 for losing)\n", "inputlog": ">version ccdc32dd7cde25fd9e4bed64820e885f66e78a4e\n>start {\"formatid\":\"gen9randomdoublesbattle\",\"seed\":\"sodium,5eeaa9377fc405bc403eed2c0da93ebe\",\"rated\":\"Rated battle\"}\n>player p1 {\"name\":\"baseballlover\",\"avatar\":\"2\",\"rating\":1600,\"seed\":\"sodium,d4032359330739c15a98937bd3f1a8ef\"}\n>player p2 {\"name\":\"pruaxx\",\"avatar\":\"pokemaniac\",\"rating\":1668,\"seed\":\"sodium,7a607229fa05d76740d82a2209fde1bc\"}\n>p1 move leafstorm +2, move fireblast +1\n>p2 move lightscreen, move fakeout +1\n>p2 switch 5, pass\n>p1 move leafstorm +2, switch 3\n>p2 move nastyplot, move icywind terastallize\n>p1 move protect, move highhorsepower +1\n>p2 move heatwave, move wavecrash +1\n>p2 switch 3, pass\n>p1 move leafstorm +1, move icebeam +2\n>p2 move tripleaxel +1, move yawn +2\n>p1 switch 4, pass\n>p1 move tailwind, move flipturn +1\n>p2 move knockoff +1, move yawn +1\n>p1 pass, switch 5\n>p1 switch 5, move icepunch +2\n>p2 move knockoff +2, move icywind\n>p1 move highhorsepower +1, move icepunch +2\n>p2 move tailslap +1, move wavecrash +1\n>p1 switch 6, pass\n>p2 pass, switch 4\n>p1 move sunsteelstrike +2, move wildcharge +2\n>p2 move protect, switch 6\n>p1 move dragondance, move crosschop +1\n>p2 move tailslap +2, move irondefense\n>p2 switch 6, pass\n>p1 move dragondance, move wildcharge +1\n>p2 move originpulse, move bodypress +2\n>p1 switch 3, switch 5\n>p1 move energyball +2 terastallize, move earthpower +2\n>p2 pass, move bodypress +1", "uploadtime": 1770711385, "views": 62, "formatid": "gen9randomdoublesbattle", "rating": 1624, "private": 0, "password": null}