{"id": "gen9randomdoublesbattle-2538610266", "format": "[Gen 9] Random Doubles Battle", "players": ["Robokiller87", "chi_chihuahuadog"], "log": "|j|☆Robokiller87\n|j|☆chi_chihuahuadog\n|t:|1770946762\n|gametype|doubles\n|player|p1|Robokiller87|2|1620\n|player|p2|chi_chihuahuadog|102|1683\n|gen|9\n|tier|[Gen 9] Random Doubles Battle\n|rated|\n|rule|Species Clause: Limit one of each Pokémon\n|rule|HP Percentage Mod: HP is shown in percentages\n|rule|Illusion Level Mod: Illusion disguises the Pokémon's true level\n|rule|Sleep Clause Mod: Limit one foe put to sleep\n|\n|t:|1770946762\n|teamsize|p1|6\n|teamsize|p2|6\n|start\n|switch|p1a: Beartic|Beartic, L91, F|321/321\n|switch|p1b: Regirock|Regirock, L82|265/265\n|switch|p2a: Eiscue|Eiscue, L89, F|278/278\n|switch|p2b: Dialga|Dialga-Origin, L74|270/270\n|turn|1\n|inactive|Battle timer is ON: inactive players will automatically lose when time's up. (requested by chi_chihuahuadog)\n|\n|t:|1770946778\n|move|p2b: Dialga|Flash Cannon|p1b: Regirock\n|-supereffective|p1b: Regirock\n|-damage|p1b: Regirock|37/265\n|move|p1a: Beartic|Icicle Crash|p2a: Eiscue\n|-activate|p2a: Eiscue|ability: Ice Face\n|-damage|p2a: Eiscue|278/278\n|detailschange|p2a: Eiscue|Eiscue-Noice, L89, F\n|-damage|p1a: Beartic|289/321|[from] item: Life Orb\n|move|p2a: Eiscue|Belly Drum|p2a: Eiscue\n|-damage|p2a: Eiscue|139/278\n|-setboost|p2a: Eiscue|atk|6|[from] move: Belly Drum\n|-enditem|p2a: Eiscue|Sitrus Berry|[eat]\n|-heal|p2a: Eiscue|208/278|[from] item: Sitrus Berry\n|move|p1b: Regirock|Body Press|p2a: Eiscue\n|-supereffective|p2a: Eiscue\n|-damage|p2a: Eiscue|0 fnt\n|faint|p2a: Eiscue\n|\n|upkeep\n|\n|t:|1770946793\n|switch|p2a: Rotom|Rotom-Fan, L85|224/224\n|turn|2\n|\n|t:|1770946817\n|move|p2a: Rotom|Protect|p2a: Rotom\n|-singleturn|p2a: Rotom|Protect\n|move|p1a: Beartic|Protect|p1a: Beartic\n|-singleturn|p1a: Beartic|Protect\n|move|p2b: Dialga|Flash Cannon|p1a: Beartic\n|-activate|p1a: Beartic|move: Protect\n|move|p1b: Regirock|Rock Slide|p2a: Rotom|[spread] p2b\n|-activate|p2a: Rotom|move: Protect\n|-resisted|p2b: Dialga\n|-damage|p2b: Dialga|243/270\n|\n|upkeep\n|turn|3\n|\n|t:|1770946836\n|switch|p1a: Delphox|Delphox, L83, F|260/260\n|move|p2a: Rotom|Volt Switch|p1b: Regirock\n|-damage|p1b: Regirock|0 fnt\n|faint|p1b: Regirock\n|\n|t:|1770946849\n|switch|p2a: Zarude|Zarude-Dada, L80|299/299|[from] Volt Switch\n|move|p2b: Dialga|Flash Cannon|p1a: Delphox\n|-resisted|p1a: Delphox\n|-damage|p1a: Delphox|209/260\n|\n|upkeep\n|\n|t:|1770946859\n|switch|p1b: Clefairy|Clefairy, L98, F|296/296\n|turn|4\n|\n|t:|1770946876\n|-terastallize|p1b: Clefairy|Steel\n|move|p2a: Zarude|Protect|p2a: Zarude\n|-singleturn|p2a: Zarude|Protect\n|move|p1b: Clefairy|Follow Me|p1b: Clefairy\n|-singleturn|p1b: Clefairy|move: Follow Me\n|move|p1a: Delphox|Nasty Plot|p1a: Delphox\n|-boost|p1a: Delphox|spa|2\n|move|p2b: Dialga|Flash Cannon|p1b: Clefairy\n|-resisted|p1b: Clefairy\n|-damage|p1b: Clefairy|254/296\n|\n|upkeep\n|turn|5\n|\n|t:|1770946889\n|switch|p2a: Rotom|Rotom-Fan, L85|224/224\n|move|p1b: Clefairy|Helping Hand|p1a: Delphox\n|-singleturn|p1a: Delphox|Helping Hand|[of] p1b: Clefairy\n|move|p1a: Delphox|Heat Wave|p2a: Rotom|[spread] p2a,p2b\n|-damage|p2a: Rotom|0 fnt\n|-damage|p2b: Dialga|0 fnt\n|faint|p2a: Rotom\n|faint|p2b: Dialga\n|-damage|p1a: Delphox|183/260|[from] item: Life Orb\n|\n|upkeep\n|inactive|chi_chihuahuadog has 120 seconds left.\n|\n|t:|1770946918\n|switch|p2a: Necrozma|Necrozma-Dusk-Mane, L70|252/252\n|switch|p2b: Iron Valiant|Iron Valiant, L79|247/247\n|turn|6\n|inactive|chi_chihuahuadog has 120 seconds left.\n|inactive|Robokiller87 has 120 seconds left.\n|\n|t:|1770946951\n|-terastallize|p2a: Necrozma|Water\n|move|p1b: Clefairy|Helping Hand|p1a: Delphox\n|-singleturn|p1a: Delphox|Helping Hand|[of] p1b: Clefairy\n|move|p2b: Iron Valiant|Protect|p2b: Iron Valiant\n|-singleturn|p2b: Iron Valiant|Protect\n|move|p1a: Delphox|Heat Wave|p2b: Iron Valiant|[spread] p2a\n|-activate|p2b: Iron Valiant|move: Protect\n|-resisted|p2a: Necrozma\n|-damage|p2a: Necrozma|77/252\n|-status|p2a: Necrozma|brn\n|-damage|p1a: Delphox|157/260|[from] item: Life Orb\n|move|p2a: Necrozma|Trick Room|p2a: Necrozma\n|-fieldstart|move: Trick Room|[of] p2a: Necrozma\n|\n|-damage|p2a: Necrozma|62/252 brn|[from] brn\n|upkeep\n|turn|7\n|\n|t:|1770946965\n|move|p1b: Clefairy|Follow Me|p1b: Clefairy\n|-singleturn|p1b: Clefairy|move: Follow Me\n|move|p2a: Necrozma|Photon Geyser|p1b: Clefairy\n|-resisted|p1b: Clefairy\n|-damage|p1b: Clefairy|229/296\n|move|p1a: Delphox|Heat Wave|p2b: Iron Valiant|[spread] p2a,p2b\n|-resisted|p2a: Necrozma\n|-damage|p2a: Necrozma|0 fnt\n|-damage|p2b: Iron Valiant|0 fnt\n|faint|p2a: Necrozma\n|faint|p2b: Iron Valiant\n|-end|p2b: Iron Valiant|Quark Drive|[silent]\n|-damage|p1a: Delphox|131/260|[from] item: Life Orb\n|\n|upkeep\n|-message|chi_chihuahuadog forfeited.\n|\n|win|Robokiller87\n|raw|Robokiller87's rating: 1620 &rarr; <strong>1644</strong><br />(+24 for winning)\n|raw|chi_chihuahuadog's rating: 1683 &rarr; <strong>1659</strong><br />(-24 for losing)\n|l|☆chi_chihuahuadog\n|player|p2|\n|c|☆Robokiller87|gg\n", "inputlog": ">version ccdc32dd7cde25fd9e4bed64820e885f66e78a4e\n>start {\"formatid\":\"gen9randomdoublesbattle\",\"seed\":\"sodium,f68449a9f9509efd34ed985fd6ef0205\",\"rated\":\"Rated battle\"}\n>player p1 {\"name\":\"Robokiller87\",\"avatar\":\"2\",\"rating\":1620,\"seed\":\"sodium,263662362e35d34fac1d525443135ba0\"}\n>player p2 {\"name\":\"chi_chihuahuadog\",\"avatar\":\"102\",\"rating\":1683,\"seed\":\"sodium,f3fb37c47aa97bb83ff4e37f596ee654\"}\n>p1 move iciclecrash +1, move bodypress +1\n>p2 move bellydrum, move flashcannon +2\n>p2 switch 4, pass\n>p1 move protect, move rockslide\n>p2 move protect, move flashcannon +1\n>p1 switch 3, move rest\n>p2 move voltswitch +2, move flashcannon +1\n>p2 switch 6, pass\n>p1 pass, switch 6\n>p1 move nastyplot, move followme terastallize\n>p2 move protect, move flashcannon +2\n>p1 move heatwave, move helpinghand -1\n>p2 switch 6, move dracometeor +1\n>p2 switch 3, switch 5\n>p1 move heatwave, move helpinghand -1\n>p2 move trickroom terastallize, move protect\n>p1 move heatwave, move followme\n>p2 move photongeyser +1, move closecombat +2\n>forcelose p2", "uploadtime": 1770947003, "views": 69, "formatid": "gen9randomdoublesbattle", "rating": 1644, "private": 0, "password": null}