{"id": "gen9randomdoublesbattle-2535853241", "format": "[Gen 9] Random Doubles Battle", "players": ["baseballlover", "arcanineninacra"], "log": "|j|☆baseballlover\n|j|☆arcanineninacra\n|t:|1770620650\n|gametype|doubles\n|player|p1|baseballlover|2|1580\n|player|p2|arcanineninacra|infielder|1497\n|gen|9\n|tier|[Gen 9] Random Doubles Battle\n|rated|\n|rule|Species Clause: Limit one of each Pokémon\n|rule|HP Percentage Mod: HP is shown in percentages\n|rule|Illusion Level Mod: Illusion disguises the Pokémon's true level\n|rule|Sleep Clause Mod: Limit one foe put to sleep\n|\n|t:|1770620650\n|teamsize|p1|6\n|teamsize|p2|6\n|start\n|switch|p1a: Kingdra|Kingdra, L85, F|266/266\n|switch|p1b: Eternatus|Eternatus, L70|312/312\n|switch|p2a: Polteageist|Polteageist-Antique, L85|241/241\n|switch|p2b: Orthworm|Orthworm, L88, F|266/266\n|-ability|p1b: Eternatus|Pressure\n|turn|1\n|inactive|Battle timer is ON: inactive players will automatically lose when time's up. (requested by baseballlover)\n|inactive|baseballlover has 120 seconds left.\n|\n|t:|1770620704\n|move|p1b: Eternatus|Meteor Beam||[still]\n|-prepare|p1b: Eternatus|Meteor Beam\n|-boost|p1b: Eternatus|spa|1\n|-enditem|p1b: Eternatus|Power Herb\n|-anim|p1b: Eternatus|Meteor Beam|p2a: Polteageist\n|-damage|p2a: Polteageist|142/241\n|move|p1a: Kingdra|Rain Dance|p1a: Kingdra\n|-weather|RainDance\n|move|p2a: Polteageist|Shell Smash|p2a: Polteageist\n|-unboost|p2a: Polteageist|def|1\n|-unboost|p2a: Polteageist|spd|1\n|-boost|p2a: Polteageist|atk|2\n|-boost|p2a: Polteageist|spa|2\n|-boost|p2a: Polteageist|spe|2\n|-enditem|p2a: Polteageist|White Herb\n|-clearnegativeboost|p2a: Polteageist|[silent]\n|move|p2b: Orthworm|Shed Tail|p2b: Orthworm\n|-start|p2b: Orthworm|Substitute|[from] move: Shed Tail\n|-damage|p2b: Orthworm|133/266\n|-enditem|p2b: Orthworm|Sitrus Berry|[eat]\n|-heal|p2b: Orthworm|199/266|[from] item: Sitrus Berry\n|\n|t:|1770620721\n|switch|p2b: Clawitzer|Clawitzer, L84, M|256/256|[from] Shed Tail\n|\n|-weather|RainDance|[upkeep]\n|upkeep\n|turn|2\n|\n|t:|1770620742\n|move|p1a: Kingdra|Wave Crash|p2a: Polteageist\n|-damage|p2a: Polteageist|0 fnt\n|faint|p2a: Polteageist\n|-damage|p1a: Kingdra|219/266|[from] Recoil\n|-damage|p1a: Kingdra|193/266|[from] item: Life Orb\n|move|p1b: Eternatus|Dynamax Cannon|p2b: Clawitzer\n|-end|p2b: Clawitzer|Substitute\n|move|p2b: Clawitzer|Dragon Pulse|p1b: Eternatus\n|-supereffective|p1b: Eternatus\n|-damage|p1b: Eternatus|0 fnt\n|faint|p1b: Eternatus\n|\n|-weather|RainDance|[upkeep]\n|upkeep\n|inactive|baseballlover has 120 seconds left.\n|\n|t:|1770620769\n|switch|p1b: Magmar|Magmar, L84, F|246/246\n|switch|p2a: Noctowl|Noctowl, L91, M|330/330\n|turn|3\n|\n|t:|1770620778\n|move|p1b: Magmar|Follow Me|p1b: Magmar\n|-singleturn|p1b: Magmar|move: Follow Me\n|move|p1a: Kingdra|Wave Crash|p2a: Noctowl\n|-damage|p2a: Noctowl|0 fnt\n|faint|p2a: Noctowl\n|-damage|p1a: Kingdra|84/266|[from] Recoil\n|-damage|p1a: Kingdra|58/266|[from] item: Life Orb\n|move|p2b: Clawitzer|Dragon Pulse|p1b: Magmar\n|-damage|p1b: Magmar|141/246\n|\n|-weather|RainDance|[upkeep]\n|upkeep\n|\n|t:|1770620789\n|switch|p2a: Hitmonlee|Hitmonlee, L86, M|226/226\n|turn|4\n|\n|t:|1770620818\n|move|p2a: Hitmonlee|Fake Out|p1b: Magmar\n|-damage|p1b: Magmar|111/246\n|cant|p1b: Magmar|flinch\n|move|p1a: Kingdra|Wave Crash|p2a: Hitmonlee\n|-damage|p2a: Hitmonlee|0 fnt\n|faint|p2a: Hitmonlee\n|-damage|p1a: Kingdra|0 fnt|[from] Recoil\n|faint|p1a: Kingdra\n|move|p2b: Clawitzer|Dragon Pulse|p1b: Magmar\n|-damage|p1b: Magmar|8/246\n|\n|-weather|RainDance|[upkeep]\n|upkeep\n|inactive|baseballlover has 120 seconds left.\n|\n|t:|1770620838\n|switch|p2a: Reuniclus|Reuniclus, L84, M|322/322\n|switch|p1a: Granbull|Granbull, L88, M|302/302\n|-ability|p1a: Granbull|Intimidate|boost\n|-unboost|p2a: Reuniclus|atk|1\n|-unboost|p2b: Clawitzer|atk|1\n|turn|5\n|\n|t:|1770620855\n|switch|p2b: Orthworm|Orthworm, L88, F|199/266\n|move|p1b: Magmar|Will-O-Wisp|p2b: Orthworm\n|-status|p2b: Orthworm|brn\n|move|p1a: Granbull|Super Fang|p2b: Orthworm\n|-damage|p2b: Orthworm|100/266 brn\n|move|p2a: Reuniclus|Trick Room|p2a: Reuniclus\n|-fieldstart|move: Trick Room|[of] p2a: Reuniclus\n|\n|-weather|none\n|-damage|p2b: Orthworm|84/266 brn|[from] brn\n|upkeep\n|turn|6\n|\n|t:|1770620873\n|move|p1b: Magmar|Protect|p1b: Magmar\n|-singleturn|p1b: Magmar|Protect\n|move|p2a: Reuniclus|Shadow Ball|p1b: Magmar\n|-activate|p1b: Magmar|move: Protect\n|move|p1a: Granbull|Close Combat|p2b: Orthworm\n|-supereffective|p2b: Orthworm\n|-damage|p2b: Orthworm|0 fnt\n|-unboost|p1a: Granbull|def|1\n|-unboost|p1a: Granbull|spd|1\n|faint|p2b: Orthworm\n|\n|upkeep\n|\n|t:|1770620880\n|switch|p2b: Clawitzer|Clawitzer, L84, M|256/256\n|turn|7\n|inactive|baseballlover has 120 seconds left.\n|\n|t:|1770620912\n|switch|p1a: Sandslash|Sandslash-Alola, L91, M|284/284\n|switch|p1b: Zapdos|Zapdos-Galar, L77|265/265\n|move|p2a: Reuniclus|Psychic|p1a: Sandslash\n|-resisted|p1a: Sandslash\n|-damage|p1a: Sandslash|197/284\n|move|p2b: Clawitzer|Muddy Water|p1b: Zapdos|[spread] p1a,p1b\n|-damage|p1a: Sandslash|40/284\n|-damage|p1b: Zapdos|136/265\n|-unboost|p1a: Sandslash|accuracy|1\n|\n|upkeep\n|turn|8\n|\n|t:|1770620926\n|move|p2a: Reuniclus|Psychic|p1b: Zapdos\n|-supereffective|p1b: Zapdos\n|-damage|p1b: Zapdos|0 fnt\n|faint|p1b: Zapdos\n|move|p2b: Clawitzer|Muddy Water|p1a: Sandslash|[miss]\n|-miss|p2b: Clawitzer|p1a: Sandslash\n|move|p1a: Sandslash|Triple Axel|p2a: Reuniclus|[miss]\n|-miss|p1a: Sandslash|p2a: Reuniclus\n|\n|upkeep\n|\n|t:|1770620939\n|switch|p1b: Granbull|Granbull, L88, M|302/302\n|-ability|p1b: Granbull|Intimidate|boost\n|-unboost|p2a: Reuniclus|atk|1\n|-unboost|p2b: Clawitzer|atk|1\n|turn|9\n|\n|t:|1770620952\n|move|p2a: Reuniclus|Psychic|p1b: Granbull\n|-damage|p1b: Granbull|176/302\n|move|p1b: Granbull|Super Fang|p2a: Reuniclus\n|-damage|p2a: Reuniclus|161/322\n|move|p2b: Clawitzer|Muddy Water|p1a: Sandslash|[spread] p1a,p1b\n|-damage|p1a: Sandslash|0 fnt\n|-damage|p1b: Granbull|62/302\n|faint|p1a: Sandslash\n|\n|-fieldend|move: Trick Room\n|upkeep\n|inactive|baseballlover has 120 seconds left.\n|\n|t:|1770620982\n|switch|p1a: Magmar|Magmar, L84, F|8/246\n|turn|10\n|\n|t:|1770620996\n|-terastallize|p2b: Clawitzer|Dragon\n|-terastallize|p1b: Granbull|Steel\n|move|p1a: Magmar|Heat Wave|p2b: Clawitzer|[spread] p2a,p2b\n|-resisted|p2b: Clawitzer\n|-damage|p2a: Reuniclus|76/322\n|-damage|p2b: Clawitzer|217/256\n|move|p2b: Clawitzer|Muddy Water|p1b: Granbull|[spread] p1a,p1b\n|-supereffective|p1a: Magmar\n|-damage|p1a: Magmar|0 fnt\n|-damage|p1b: Granbull|0 fnt\n|faint|p1a: Magmar\n|faint|p1b: Granbull\n|\n|win|arcanineninacra\n|raw|baseballlover's rating: 1580 &rarr; <strong>1555</strong><br />(-25 for losing)\n|raw|arcanineninacra's rating: 1497 &rarr; <strong>1522</strong><br />(+25 for winning)\n", "inputlog": ">version ccdc32dd7cde25fd9e4bed64820e885f66e78a4e\n>start {\"formatid\":\"gen9randomdoublesbattle\",\"seed\":\"sodium,33c9414e32da6e4528d862e3ab2995ff\",\"rated\":\"Rated battle\"}\n>player p1 {\"name\":\"baseballlover\",\"avatar\":\"2\",\"rating\":1580,\"seed\":\"sodium,b1c509d36002de5fcee1df43df723832\"}\n>player p2 {\"name\":\"arcanineninacra\",\"avatar\":\"infielder\",\"rating\":1497,\"seed\":\"sodium,30a3e28c5c5a8fb63e64a2682e7afb4f\"}\n>p1 move raindance, move meteorbeam +1\n>p2 move shellsmash, move shedtail\n>p2 pass, switch 6\n>p1 move wavecrash +1, move dynamaxcannon +2\n>p2 move shadowball +2, move dragonpulse +2\n>p1 pass, switch 4\n>p2 switch 5, pass\n>p1 move wavecrash +1, move followme\n>p2 move tailwind, move dragonpulse +1\n>p2 switch 3, pass\n>p1 move wavecrash +1, move followme\n>p2 move fakeout +2, move dragonpulse +1\n>p1 switch 3, pass\n>p2 switch 4, pass\n>p1 move superfang +2, move willowisp +2\n>p2 move trickroom, switch 6\n>p1 move closecombat +2, move protect\n>p2 move shadowball +2, move heavyslam +1\n>p2 pass, switch 6\n>p1 switch 5, switch 6\n>p2 move psychic +1, move muddywater\n>p1 move tripleaxel +1, move uturn +1\n>p2 move psychic +2, move muddywater\n>p1 pass, switch 5\n>p1 move tripleaxel +1, move superfang +1\n>p2 move psychic +2, move muddywater\n>p1 switch 6, pass\n>p1 move heatwave, move superfang +2 terastallize\n>p2 move trickroom, move muddywater terastallize", "uploadtime": 1770620996, "views": 73, "formatid": "gen9randomdoublesbattle", "rating": 1522, "private": 0, "password": null}