{"id": "gen9randomdoublesbattle-2537328191", "format": "[Gen 9] Random Doubles Battle", "players": ["Tortellini Benito", "wolfwarrior001"], "log": "|j|☆Tortellini Benito\n|j|☆wolfwarrior001\n|t:|1770798760\n|gametype|doubles\n|player|p1|Tortellini Benito|169|1540\n|player|p2|wolfwarrior001|veteran|1649\n|gen|9\n|tier|[Gen 9] Random Doubles Battle\n|rated|\n|rule|Species Clause: Limit one of each Pokémon\n|rule|HP Percentage Mod: HP is shown in percentages\n|rule|Illusion Level Mod: Illusion disguises the Pokémon's true level\n|rule|Sleep Clause Mod: Limit one foe put to sleep\n|\n|t:|1770798760\n|teamsize|p1|6\n|teamsize|p2|6\n|start\n|switch|p1a: Ampharos|Ampharos, L86, M|295/295\n|switch|p1b: Cryogonal|Cryogonal, L88|284/284\n|switch|p2a: Shaymin|Shaymin, L81|295/295\n|switch|p2b: Granbull|Granbull, L88, M|302/302\n|-ability|p2b: Granbull|Intimidate|boost\n|-unboost|p1a: Ampharos|atk|1\n|-unboost|p1b: Cryogonal|atk|1\n|turn|1\n|c|☆wolfwarrior001|glhf\n|\n|t:|1770798815\n|move|p1b: Cryogonal|Icy Wind|p2a: Shaymin|[spread] p2b\n|-miss|p1b: Cryogonal|p2a: Shaymin\n|-damage|p2b: Granbull|266/302\n|-unboost|p2b: Granbull|spe|1\n|move|p2a: Shaymin|Earth Power|p1a: Ampharos\n|-supereffective|p1a: Ampharos\n|-crit|p1a: Ampharos\n|-damage|p1a: Ampharos|105/295\n|-enditem|p1a: Ampharos|Sitrus Berry|[eat]\n|-heal|p1a: Ampharos|178/295|[from] item: Sitrus Berry\n|move|p1a: Ampharos|Thunder Wave|p2a: Shaymin\n|-status|p2a: Shaymin|par\n|move|p2b: Granbull|Super Fang|p1b: Cryogonal\n|-damage|p1b: Cryogonal|142/284\n|-enditem|p1b: Cryogonal|Sitrus Berry|[eat]\n|-heal|p1b: Cryogonal|213/284|[from] item: Sitrus Berry\n|\n|upkeep\n|turn|2\n|\n|t:|1770798838\n|cant|p2a: Shaymin|par\n|move|p1b: Cryogonal|Freeze-Dry|p2a: Shaymin\n|-supereffective|p2a: Shaymin\n|-damage|p2a: Shaymin|145/295 par\n|move|p1a: Ampharos|Thunder Wave|p2b: Granbull\n|-status|p2b: Granbull|par\n|move|p2b: Granbull|Close Combat|p1b: Cryogonal\n|-supereffective|p1b: Cryogonal\n|-damage|p1b: Cryogonal|0 fnt\n|-unboost|p2b: Granbull|def|1\n|-unboost|p2b: Granbull|spd|1\n|faint|p1b: Cryogonal\n|\n|-heal|p2a: Shaymin|163/295 par|[from] item: Leftovers\n|upkeep\n|\n|t:|1770798861\n|switch|p1b: Grafaiai|Grafaiai, L88, M|254/254\n|turn|3\n|\n|t:|1770798884\n|move|p1b: Grafaiai|Gunk Shot|p2a: Shaymin\n|-supereffective|p2a: Shaymin\n|-damage|p2a: Shaymin|0 fnt\n|faint|p2a: Shaymin\n|move|p1a: Ampharos|Thunderbolt|p2b: Granbull\n|-damage|p2b: Granbull|122/302 par\n|move|p2b: Granbull|Stomping Tantrum|p1b: Grafaiai\n|-supereffective|p1b: Grafaiai\n|-damage|p1b: Grafaiai|100/254\n|\n|upkeep\n|\n|t:|1770798898\n|switch|p2a: Hitmonlee|Hitmonlee, L86, M|226/226\n|turn|4\n|\n|t:|1770798932\n|move|p2a: Hitmonlee|Fake Out|p1a: Ampharos\n|-damage|p1a: Ampharos|141/295\n|-status|p2a: Hitmonlee|par|[from] ability: Static|[of] p1a: Ampharos\n|move|p1b: Grafaiai|U-turn|p2a: Hitmonlee\n|-resisted|p2a: Hitmonlee\n|-damage|p2a: Hitmonlee|191/226 par\n|\n|t:|1770798945\n|switch|p1b: Palkia|Palkia-Origin, L72|249/249|[from] U-turn\n|cant|p1a: Ampharos|flinch\n|move|p2b: Granbull|Super Fang|p1b: Palkia|[miss]\n|-miss|p2b: Granbull|p1b: Palkia\n|\n|upkeep\n|turn|5\n|\n|t:|1770798968\n|switch|p2a: Plusle|Plusle, L92, M|260/260\n|move|p1b: Palkia|Spacial Rend|p2a: Plusle\n|-damage|p2a: Plusle|133/260\n|move|p1a: Ampharos|Thunderbolt|p2a: Plusle\n|-activate|p2a: Plusle|ability: Lightning Rod\n|-ability|p2a: Plusle|Lightning Rod|boost\n|-boost|p2a: Plusle|spa|1\n|move|p2b: Granbull|Stomping Tantrum|p1a: Ampharos\n|-supereffective|p1a: Ampharos\n|-damage|p1a: Ampharos|0 fnt\n|faint|p1a: Ampharos\n|\n|upkeep\n|c|☆Tortellini Benito|Great move\n|c|☆wolfwarrior001|thanks\n|\n|t:|1770798997\n|switch|p1a: Grafaiai|Grafaiai, L88, M|100/254\n|turn|6\n|\n|t:|1770799015\n|switch|p1b: Dialga|Dialga, L74|270/270\n|move|p1a: Grafaiai|Gunk Shot|p2a: Plusle\n|-damage|p2a: Plusle|0 fnt\n|faint|p2a: Plusle\n|move|p2b: Granbull|Play Rough|p1b: Dialga\n|-damage|p1b: Dialga|152/270\n|\n|upkeep\n|\n|t:|1770799023\n|switch|p2a: Hitmonlee|Hitmonlee, L86, M|191/226 par\n|turn|7\n|\n|t:|1770799053\n|switch|p1b: Quaquaval|Quaquaval, L82, M|274/274\n|move|p2a: Hitmonlee|Fake Out|p1a: Grafaiai\n|-damage|p1a: Grafaiai|59/254\n|cant|p1a: Grafaiai|flinch\n|move|p2b: Granbull|Close Combat|p1b: Quaquaval\n|-damage|p1b: Quaquaval|150/274\n|-unboost|p2b: Granbull|def|1\n|-unboost|p2b: Granbull|spd|1\n|\n|upkeep\n|turn|8\n|\n|t:|1770799090\n|switch|p2b: Dragapult|Dragapult, L79, F|269/269\n|-terastallize|p2a: Hitmonlee|Poison\n|move|p1a: Grafaiai|Gunk Shot|p2b: Dragapult\n|-resisted|p2b: Dragapult\n|-damage|p2b: Dragapult|191/269\n|move|p1b: Quaquaval|Aqua Step|p2a: Hitmonlee\n|-damage|p2a: Hitmonlee|19/226 par\n|-boost|p1b: Quaquaval|spe|1\n|-damage|p1b: Quaquaval|123/274|[from] item: Life Orb\n|move|p2a: Hitmonlee|Close Combat|p1b: Quaquaval\n|-damage|p1b: Quaquaval|0 fnt\n|-unboost|p2a: Hitmonlee|def|1\n|-unboost|p2a: Hitmonlee|spd|1\n|faint|p1b: Quaquaval\n|-enditem|p2a: Hitmonlee|White Herb\n|-clearnegativeboost|p2a: Hitmonlee|[silent]\n|\n|upkeep\n|\n|t:|1770799106\n|switch|p1b: Palkia|Palkia-Origin, L72|249/249\n|turn|9\n|\n|t:|1770799132\n|switch|p2a: Granbull|Granbull, L88, M|122/302 par\n|-ability|p2a: Granbull|Intimidate|boost\n|-unboost|p1a: Grafaiai|atk|1\n|-unboost|p1b: Palkia|atk|1\n|move|p1b: Palkia|Protect|p1b: Palkia\n|-singleturn|p1b: Palkia|Protect\n|move|p2b: Dragapult|Dragon Darts|p1a: Grafaiai\n|-damage|p1a: Grafaiai|0 fnt\n|faint|p1a: Grafaiai\n|-damage|p2b: Dragapult|165/269|[from] item: Life Orb\n|\n|upkeep\n|c|☆Tortellini Benito|Gg\n|c|☆wolfwarrior001|gg\n|-message|Tortellini Benito forfeited.\n|\n|win|wolfwarrior001\n|raw|Tortellini Benito's rating: 1540 &rarr; <strong>1526</strong><br />(-14 for losing)\n|raw|wolfwarrior001's rating: 1649 &rarr; <strong>1663</strong><br />(+14 for winning)\n|l|☆Tortellini Benito\n|player|p1|\n", "inputlog": ">version ccdc32dd7cde25fd9e4bed64820e885f66e78a4e\n>start {\"formatid\":\"gen9randomdoublesbattle\",\"seed\":\"sodium,a1616142c9ef5252991f5344b1b42a05\",\"rated\":\"Rated battle\"}\n>player p1 {\"name\":\"Tortellini Benito\",\"avatar\":\"169\",\"rating\":1540,\"seed\":\"sodium,cb1e2da66a8216099f632cabff0b150e\"}\n>player p2 {\"name\":\"wolfwarrior001\",\"avatar\":\"veteran\",\"rating\":1649,\"seed\":\"sodium,2a76ce13c80c55b448e1bfa110edb184\"}\n>chat ☆wolfwarrior001|glhf\n>p1 move thunderwave +1, move icywind\n>p2 move earthpower +1, move superfang +2\n>p1 move thunderwave +2, move freezedry +1\n>p2 move protect, move closecombat +2\n>p1 pass, switch 5\n>p1 move thunderbolt +2, move gunkshot +1\n>p2 move earthpower +2, move stompingtantrum +2\n>p2 switch 4, pass\n>p1 move thunderwave +1, move uturn +1\n>p2 move fakeout +1, move superfang +2\n>p1 pass, switch 3\n>p1 move thunderbolt +2, move spacialrend +1\n>p2 switch 3, move stompingtantrum +1\n>chat ☆Tortellini Benito|Great move\n>chat ☆wolfwarrior001|thanks\n>p1 switch 3, pass\n>p1 move gunkshot +1, switch 6\n>p2 move alluringvoice +2, move playrough +2\n>p2 switch 3, pass\n>p1 move gunkshot +2, switch 4\n>p2 move fakeout +1, move closecombat +2\n>p1 move gunkshot +2, move aquastep +1\n>p2 move closecombat +2 terastallize, switch 6\n>p1 pass, switch 6\n>p1 move knockoff +2, move protect\n>p2 switch 6, move dragondarts +1\n>chat ☆Tortellini Benito|Gg\n>chat ☆wolfwarrior001|gg\n>forcelose p1", "uploadtime": 1770799151, "views": 64, "formatid": "gen9randomdoublesbattle", "rating": 1526, "private": 0, "password": null}