{"id": "gen9randomdoublesbattle-2535997915", "format": "[Gen 9] Random Doubles Battle", "players": ["gout11", "Pedrin144"], "log": "|j|☆gout11\n|j|☆Pedrin144\n|t:|1770643720\n|gametype|doubles\n|player|p1|gout11|twins-gen4dp|1733\n|player|p2|Pedrin144|1|1672\n|gen|9\n|tier|[Gen 9] Random Doubles Battle\n|rated|\n|rule|Species Clause: Limit one of each Pokémon\n|rule|HP Percentage Mod: HP is shown in percentages\n|rule|Illusion Level Mod: Illusion disguises the Pokémon's true level\n|rule|Sleep Clause Mod: Limit one foe put to sleep\n|\n|t:|1770643720\n|teamsize|p1|6\n|teamsize|p2|6\n|start\n|switch|p1a: Ambipom|Ambipom, L87, M|272/272\n|switch|p1b: Infernape|Infernape, L82, M, shiny|259/259\n|switch|p2a: Luvdisc|Luvdisc, M|248/248\n|switch|p2b: Milotic|Milotic, L81, M|287/287\n|turn|1\n|\n|t:|1770643745\n|move|p1b: Infernape|Fake Out|p2a: Luvdisc\n|-damage|p2a: Luvdisc|216/248\n|cant|p2a: Luvdisc|flinch\n|move|p1a: Ambipom|Double-Edge|p2a: Luvdisc\n|-damage|p2a: Luvdisc|8/248\n|-enditem|p2a: Luvdisc|Sitrus Berry|[eat]\n|-heal|p2a: Luvdisc|70/248|[from] item: Sitrus Berry\n|-damage|p1a: Ambipom|203/272|[from] Recoil\n|move|p2b: Milotic|Icy Wind|p1a: Ambipom|[spread] p1a,p1b\n|-resisted|p1b: Infernape\n|-damage|p1a: Ambipom|167/272\n|-damage|p1b: Infernape|241/259\n|-unboost|p1a: Ambipom|spe|1\n|-unboost|p1b: Infernape|spe|1\n|\n|upkeep\n|turn|2\n|inactive|Battle timer is ON: inactive players will automatically lose when time's up. (requested by Pedrin144)\n|\n|t:|1770643765\n|switch|p1a: Cresselia|Cresselia, L80, F|323/323\n|switch|p1b: Whiscash|Whiscash, L88, F|337/337\n|move|p2a: Luvdisc|Endeavor|p1a: Cresselia\n|-damage|p1a: Cresselia|70/323\n|-enditem|p1a: Cresselia|Sitrus Berry|[eat]\n|-heal|p1a: Cresselia|150/323|[from] item: Sitrus Berry\n|move|p2b: Milotic|Icy Wind|p1b: Whiscash|[spread] p1a,p1b\n|-damage|p1a: Cresselia|126/323\n|-damage|p1b: Whiscash|306/337\n|-unboost|p1a: Cresselia|spe|1\n|-unboost|p1b: Whiscash|spe|1\n|\n|upkeep\n|turn|3\n|\n|t:|1770643786\n|move|p2a: Luvdisc|Endeavor|p1b: Whiscash\n|-damage|p1b: Whiscash|70/337\n|-enditem|p1b: Whiscash|Sitrus Berry|[eat]\n|-heal|p1b: Whiscash|154/337|[from] item: Sitrus Berry\n|move|p2b: Milotic|Icy Wind|p1a: Cresselia|[spread] p1a,p1b\n|-crit|p1a: Cresselia\n|-damage|p1a: Cresselia|90/323\n|-damage|p1b: Whiscash|125/337\n|-unboost|p1a: Cresselia|spe|1\n|-unboost|p1b: Whiscash|spe|1\n|move|p1a: Cresselia|Lunar Blessing|p1a: Cresselia|[spread] p1a,p1b\n|-heal|p1a: Cresselia|171/323\n|-heal|p1b: Whiscash|209/337\n|move|p1b: Whiscash|High Horsepower|p2a: Luvdisc\n|-damage|p2a: Luvdisc|0 fnt\n|faint|p2a: Luvdisc\n|\n|upkeep\n|inactive|Pedrin144 has 120 seconds left.\n|\n|t:|1770643804\n|switch|p2a: Toedscruel|Toedscruel, L87, M|281/281\n|turn|4\n|\n|t:|1770643816\n|move|p2a: Toedscruel|Knock Off|p1a: Cresselia\n|-supereffective|p1a: Cresselia\n|-damage|p1a: Cresselia|99/323\n|move|p2b: Milotic|Scald|p1b: Whiscash\n|-damage|p1b: Whiscash|122/337\n|move|p1a: Cresselia|Icy Wind|p2b: Milotic|[spread] p2a\n|-miss|p1a: Cresselia|p2b: Milotic\n|-supereffective|p2a: Toedscruel\n|-damage|p2a: Toedscruel|217/281\n|-unboost|p2a: Toedscruel|spe|1\n|move|p1b: Whiscash|Icy Wind|p2b: Milotic|[spread] p2a,p2b\n|-supereffective|p2a: Toedscruel\n|-resisted|p2b: Milotic\n|-damage|p2a: Toedscruel|141/281\n|-damage|p2b: Milotic|277/287\n|-unboost|p2a: Toedscruel|spe|1\n|-unboost|p2b: Milotic|spe|1\n|-ability|p2b: Milotic|Competitive|boost\n|-boost|p2b: Milotic|spa|2\n|\n|upkeep\n|turn|5\n|inactive|gout11 has 120 seconds left.\n|\n|t:|1770643851\n|switch|p1b: Lumineon|Lumineon, L92, M|276/276\n|move|p2b: Milotic|Scald|p1b: Lumineon\n|-ability|p1b: Lumineon|Storm Drain|boost\n|-boost|p1b: Lumineon|spa|1\n|move|p1a: Cresselia|Psychic|p2b: Milotic\n|-damage|p2b: Milotic|223/287\n|move|p2a: Toedscruel|Spore|p1a: Cresselia\n|-status|p1a: Cresselia|slp|[from] move: Spore\n|\n|upkeep\n|turn|6\n|inactive|gout11 has 120 seconds left.\n|\n|t:|1770643889\n|move|p2a: Toedscruel|Rage Powder|p2a: Toedscruel\n|-singleturn|p2a: Toedscruel|move: Rage Powder\n|move|p1b: Lumineon|Encore|p2a: Toedscruel\n|-start|p2a: Toedscruel|Encore\n|cant|p1a: Cresselia|slp\n|move|p2b: Milotic|Dragon Tail|p1b: Lumineon\n|-damage|p1b: Lumineon|249/276\n|drag|p1b: Ambipom|Ambipom, L87, M|167/272\n|\n|upkeep\n|turn|7\n|inactive|gout11 has 120 seconds left.\n|\n|t:|1770643905\n|switch|p2a: Necrozma|Necrozma-Dawn-Wings, L74|266/266\n|move|p1b: Ambipom|Fake Out|p2b: Milotic\n|-damage|p2b: Milotic|132/287\n|-enditem|p2b: Milotic|Sitrus Berry|[eat]\n|-heal|p2b: Milotic|203/287|[from] item: Sitrus Berry\n|cant|p2b: Milotic|flinch\n|cant|p1a: Cresselia|slp\n|\n|upkeep\n|turn|8\n|inactive|gout11 has 120 seconds left.\n|\n|t:|1770643931\n|-terastallize|p1b: Ambipom|Normal\n|move|p1b: Ambipom|Double-Edge|p2b: Milotic\n|-crit|p2b: Milotic\n|-damage|p2b: Milotic|0 fnt\n|faint|p2b: Milotic\n|-damage|p1b: Ambipom|100/272|[from] Recoil\n|move|p2a: Necrozma|Meteor Beam||[still]\n|-prepare|p2a: Necrozma|Meteor Beam\n|-boost|p2a: Necrozma|spa|1\n|-enditem|p2a: Necrozma|Power Herb\n|-anim|p2a: Necrozma|Meteor Beam|p1a: Cresselia|[miss]\n|-miss|p2a: Necrozma|p1a: Cresselia\n|cant|p1a: Cresselia|slp\n|\n|upkeep\n|\n|t:|1770643944\n|switch|p2b: Luxray|Luxray, L86, F|278/278\n|-ability|p2b: Luxray|Intimidate|boost\n|-unboost|p1a: Cresselia|atk|1\n|-unboost|p1b: Ambipom|atk|1\n|turn|9\n|\n|t:|1770643955\n|move|p1b: Ambipom|Protect|p1b: Ambipom\n|-singleturn|p1b: Ambipom|Protect\n|move|p2b: Luxray|Volt Switch|p1b: Ambipom\n|-activate|p1b: Ambipom|move: Protect\n|move|p2a: Necrozma|Moongeist Beam|p1a: Cresselia\n|-supereffective|p1a: Cresselia\n|-damage|p1a: Cresselia|0 fnt\n|faint|p1a: Cresselia\n|\n|upkeep\n|\n|t:|1770643975\n|switch|p1a: Whiscash|Whiscash, L88, F|122/337\n|turn|10\n|inactive|Pedrin144 has 120 seconds left.\n|\n|t:|1770644007\n|switch|p1b: Toedscruel|Toedscruel, L87, F|281/281\n|switch|p2b: Pincurchin|Pincurchin, L97, M|250/250\n|-fieldstart|move: Electric Terrain|[from] ability: Electric Surge|[of] p2b: Pincurchin\n|move|p1a: Whiscash|Muddy Water|p2b: Pincurchin|[spread] p2b\n|-miss|p1a: Whiscash|p2a: Necrozma\n|-damage|p2b: Pincurchin|195/250\n|move|p2a: Necrozma|Photon Geyser|p1a: Whiscash\n|-damage|p1a: Whiscash|0 fnt\n|faint|p1a: Whiscash\n|\n|upkeep\n|inactive|gout11 has 120 seconds left.\n|\n|t:|1770644045\n|switch|p1a: Infernape|Infernape, L82, M, shiny|241/259\n|turn|11\n|inactive|gout11 has 120 seconds left.\n|\n|t:|1770644073\n|move|p1b: Toedscruel|Earth Power|p2b: Pincurchin\n|-supereffective|p2b: Pincurchin\n|-damage|p2b: Pincurchin|25/250\n|-enditem|p2b: Pincurchin|Sitrus Berry|[eat]\n|-heal|p2b: Pincurchin|87/250|[from] item: Sitrus Berry\n|move|p1a: Infernape|Close Combat|p2b: Pincurchin\n|-damage|p2b: Pincurchin|0 fnt\n|-unboost|p1a: Infernape|def|1\n|-unboost|p1a: Infernape|spd|1\n|faint|p2b: Pincurchin\n|move|p2a: Necrozma|Photon Geyser|p1a: Infernape\n|-supereffective|p1a: Infernape\n|-damage|p1a: Infernape|0 fnt\n|faint|p1a: Infernape\n|\n|upkeep\n|inactive|gout11 has 120 seconds left.\n|\n|t:|1770644093\n|switch|p1a: Lumineon|Lumineon, L92, M|249/276\n|switch|p2b: Toedscruel|Toedscruel, L87, M|141/281\n|turn|12\n|inactive|gout11 has 120 seconds left.\n|\n|t:|1770644128\n|move|p1b: Toedscruel|Rage Powder|p1b: Toedscruel\n|-singleturn|p1b: Toedscruel|move: Rage Powder\n|move|p1a: Lumineon|Hydro Pump|p2a: Necrozma|[miss]\n|-miss|p1a: Lumineon|p2a: Necrozma\n|move|p2b: Toedscruel|Spore|p1a: Lumineon\n|-activate|p1a: Lumineon|move: Electric Terrain\n|move|p2a: Necrozma|Trick Room|p2a: Necrozma\n|-fieldstart|move: Trick Room|[of] p2a: Necrozma\n|\n|upkeep\n|turn|13\n|inactive|gout11 has 120 seconds left.\n|\n|t:|1770644151\n|move|p2b: Toedscruel|Rage Powder|p2b: Toedscruel\n|-singleturn|p2b: Toedscruel|move: Rage Powder\n|move|p2a: Necrozma|Moongeist Beam|p1a: Lumineon\n|-damage|p1a: Lumineon|69/276\n|-enditem|p1a: Lumineon|Sitrus Berry|[eat]\n|-heal|p1a: Lumineon|138/276|[from] item: Sitrus Berry\n|move|p1a: Lumineon|Hydro Pump|p2b: Toedscruel\n|-damage|p2b: Toedscruel|60/281\n|-enditem|p2b: Toedscruel|Sitrus Berry|[eat]\n|-heal|p2b: Toedscruel|130/281|[from] item: Sitrus Berry\n|move|p1b: Toedscruel|Giga Drain|p2b: Toedscruel\n|-damage|p2b: Toedscruel|70/281\n|\n|upkeep\n|turn|14\n|inactive|gout11 has 120 seconds left.\n|\n|t:|1770644177\n|move|p1b: Toedscruel|Rage Powder|p1b: Toedscruel\n|-singleturn|p1b: Toedscruel|move: Rage Powder\n|move|p2a: Necrozma|Photon Geyser|p1b: Toedscruel\n|-damage|p1b: Toedscruel|131/281\n|-enditem|p1b: Toedscruel|Sitrus Berry|[eat]\n|-heal|p1b: Toedscruel|201/281|[from] item: Sitrus Berry\n|move|p1a: Lumineon|Icy Wind|p2b: Toedscruel|[spread] p2a,p2b\n|-supereffective|p2b: Toedscruel\n|-damage|p2a: Necrozma|245/266\n|-damage|p2b: Toedscruel|0 fnt\n|-unboost|p2a: Necrozma|spe|1\n|faint|p2b: Toedscruel\n|\n|-fieldend|move: Electric Terrain\n|upkeep\n|\n|t:|1770644189\n|switch|p2b: Luxray|Luxray, L86, F|278/278\n|-ability|p2b: Luxray|Intimidate|boost\n|-unboost|p1a: Lumineon|atk|1\n|-unboost|p1b: Toedscruel|atk|1\n|turn|15\n|inactive|gout11 has 120 seconds left.\n|inactive|Pedrin144 has 120 seconds left.\n|inactive|Pedrin144 has 90 seconds left.\n|\n|t:|1770644255\n|move|p2a: Necrozma|Photon Geyser|p1a: Lumineon\n|-damage|p1a: Lumineon|0 fnt\n|faint|p1a: Lumineon\n|move|p2b: Luxray|Throat Chop|p1b: Toedscruel\n|-damage|p1b: Toedscruel|118/281\n|-start|p1b: Toedscruel|Throat Chop|[silent]\n|move|p1b: Toedscruel|Spore|p2a: Necrozma\n|-status|p2a: Necrozma|slp|[from] move: Spore\n|\n|upkeep\n|\n|t:|1770644264\n|switch|p1a: Ambipom|Ambipom, L87, M, tera:Normal|100/272\n|turn|16\n|\n|t:|1770644278\n|move|p1a: Ambipom|Fake Out|p2b: Luxray\n|-damage|p2b: Luxray|152/278\n|cant|p2a: Necrozma|slp\n|cant|p2b: Luxray|flinch\n|move|p1b: Toedscruel|Earth Power|p2b: Luxray\n|-supereffective|p2b: Luxray\n|-damage|p2b: Luxray|36/278\n|\n|-end|p1b: Toedscruel|Throat Chop|[silent]\n|-fieldend|move: Trick Room\n|upkeep\n|turn|17\n|inactive|Pedrin144 has 120 seconds left.\n|inactive|gout11 has 120 seconds left.\n|\n|t:|1770644296\n|move|p1a: Ambipom|Knock Off|p2a: Necrozma\n|-supereffective|p2a: Necrozma\n|-damage|p2a: Necrozma|104/266 slp\n|move|p1b: Toedscruel|Giga Drain|p2b: Luxray\n|-damage|p2b: Luxray|0 fnt\n|-heal|p1b: Toedscruel|136/281|[from] drain|[of] p2b: Luxray\n|faint|p2b: Luxray\n|-curestatus|p2a: Necrozma|slp|[msg]\n|move|p2a: Necrozma|Trick Room|p2a: Necrozma\n|-fieldstart|move: Trick Room|[of] p2a: Necrozma\n|\n|upkeep\n|turn|18\n|\n|t:|1770644309\n|move|p1b: Toedscruel|Rage Powder|p1b: Toedscruel\n|-singleturn|p1b: Toedscruel|move: Rage Powder\n|move|p2a: Necrozma|Photon Geyser|p1b: Toedscruel\n|-damage|p1b: Toedscruel|0 fnt\n|faint|p1b: Toedscruel\n|move|p1a: Ambipom|Knock Off|p2a: Necrozma\n|-supereffective|p2a: Necrozma\n|-damage|p2a: Necrozma|0 fnt\n|faint|p2a: Necrozma\n|\n|win|gout11\n|raw|gout11's rating: 1733 &rarr; <strong>1750</strong><br />(+17 for winning)\n|raw|Pedrin144's rating: 1672 &rarr; <strong>1655</strong><br />(-17 for losing)\n|c|☆gout11|gg\n|l|☆Pedrin144\n|player|p2|\n", "inputlog": ">version ccdc32dd7cde25fd9e4bed64820e885f66e78a4e\n>start {\"formatid\":\"gen9randomdoublesbattle\",\"seed\":\"sodium,77033ff0636b3e66c4613318708e2975\",\"rated\":\"Rated battle\"}\n>player p1 {\"name\":\"gout11\",\"avatar\":\"twins-gen4dp\",\"rating\":1733,\"seed\":\"sodium,33d8137cd404a5024b7ed970ac26d2de\"}\n>player p2 {\"name\":\"Pedrin144\",\"avatar\":\"1\",\"rating\":1672,\"seed\":\"sodium,0ba66ec92a8641973b7836b77ee88d48\"}\n>p1 move doubleedge +1, move fakeout +1\n>p2 move icywind, move icywind\n>p1 switch 5, switch 3\n>p2 move endeavor +1, move icywind\n>p1 move lunarblessing, move highhorsepower +1\n>p2 move endeavor +2, move icywind\n>p2 switch 5, pass\n>p1 move icywind, move icywind\n>p2 move knockoff +1, move scald +2\n>p1 move psychic +2, switch 6\n>p2 move spore +1, move scald +2\n>p1 move lunarblessing, move encore +2\n>p2 move ragepowder, move dragontail +2\n>p1 move lunarblessing, move fakeout +2\n>p2 switch 3, move icywind\n>p1 move lunarblessing, move doubleedge +2 terastallize\n>p2 move meteorbeam +1, move icywind\n>p2 pass, switch 4\n>p1 move icywind, move protect\n>p2 move moongeistbeam +1, move voltswitch +2\n>p1 switch 6, pass\n>p1 move muddywater, switch 4\n>p2 move photongeyser +1, switch 6\n>p1 switch 3, pass\n>p1 move closecombat +2, move earthpower +2\n>p2 move photongeyser +1, move scald +2\n>p1 switch 5, pass\n>p2 pass, switch 3\n>p1 move hydropump +1, move ragepowder\n>p2 move trickroom, move spore +1\n>p1 move hydropump +2, move gigadrain +2\n>p2 move moongeistbeam +1, move ragepowder\n>p1 move icywind, move ragepowder\n>p2 move photongeyser +1, move knockoff +2\n>p2 pass, switch 6\n>p1 move hydropump +1, move spore +1\n>p2 move photongeyser +1, move throatchop +1\n>p1 switch 4, pass\n>p1 move fakeout +2, move earthpower +2\n>p2 move moongeistbeam +2, move wildcharge +1\n>p1 move knockoff +1, move gigadrain +2\n>p2 move trickroom, move wildcharge +1\n>p1 move knockoff +1, move ragepowder\n>p2 move photongeyser +2, pass", "uploadtime": 1770644326, "views": 71, "formatid": "gen9randomdoublesbattle", "rating": 1655, "private": 0, "password": null}