{"id": "gen9randomdoublesbattle-2534700460", "format": "[Gen 9] Random Doubles Battle", "players": ["Max Rayder", "chucutruu"], "log": "|j|☆Max Rayder\n|j|☆chucutruu\n|t:|1770464022\n|gametype|doubles\n|player|p1|Max Rayder|1|1852\n|player|p2|chucutruu|artist-gen4|1864\n|gen|9\n|tier|[Gen 9] Random Doubles Battle\n|rated|\n|rule|Species Clause: Limit one of each Pokémon\n|rule|HP Percentage Mod: HP is shown in percentages\n|rule|Illusion Level Mod: Illusion disguises the Pokémon's true level\n|rule|Sleep Clause Mod: Limit one foe put to sleep\n|\n|t:|1770464022\n|teamsize|p1|6\n|teamsize|p2|6\n|start\n|switch|p1a: Iron Jugulis|Iron Jugulis, L79|278/278\n|switch|p1b: Diancie|Diancie, L77|204/204\n|switch|p2a: Lugia|Lugia, L71|268/268\n|switch|p2b: Heatran|Heatran, L78, M|270/270\n|turn|1\n|\n|t:|1770464053\n|move|p1a: Iron Jugulis|Taunt|p2a: Lugia\n|-start|p2a: Lugia|move: Taunt\n|cant|p2a: Lugia|move: Taunt|Calm Mind\n|move|p2b: Heatran|Flash Cannon|p1b: Diancie\n|-supereffective|p1b: Diancie\n|-damage|p1b: Diancie|0 fnt\n|faint|p1b: Diancie\n|-damage|p2b: Heatran|243/270|[from] item: Life Orb\n|\n|upkeep\n|inactive|Battle timer is ON: inactive players will automatically lose when time's up. (requested by chucutruu)\n|\n|t:|1770464065\n|switch|p1b: Kingdra|Kingdra, L85, F|266/266\n|turn|2\n|\n|t:|1770464080\n|move|p1a: Iron Jugulis|Dark Pulse|p2a: Lugia\n|-supereffective|p2a: Lugia\n|-damage|p2a: Lugia|177/268\n|-damage|p1a: Iron Jugulis|251/278|[from] item: Life Orb\n|move|p2a: Lugia|Aeroblast|p1b: Kingdra\n|-damage|p1b: Kingdra|194/266\n|move|p1b: Kingdra|Rain Dance|p1b: Kingdra\n|-weather|RainDance\n|move|p2b: Heatran|Earth Power|p1b: Kingdra\n|-damage|p1b: Kingdra|112/266\n|-damage|p2b: Heatran|216/270|[from] item: Life Orb\n|\n|-weather|RainDance|[upkeep]\n|-heal|p2a: Lugia|193/268|[from] item: Leftovers\n|upkeep\n|turn|3\n|\n|t:|1770464111\n|switch|p2a: Toxicroak|Toxicroak, L85, F|280/280\n|switch|p2b: Appletun|Appletun, L92, F|352/352\n|move|p1b: Kingdra|Wave Crash|p2b: Appletun\n|-resisted|p2b: Appletun\n|-damage|p2b: Appletun|288/352\n|-damage|p1b: Kingdra|91/266|[from] Recoil\n|-damage|p1b: Kingdra|65/266|[from] item: Life Orb\n|move|p1a: Iron Jugulis|Dark Pulse|p2a: Toxicroak\n|-resisted|p2a: Toxicroak\n|-damage|p2a: Toxicroak|206/280\n|-damage|p1a: Iron Jugulis|224/278|[from] item: Life Orb\n|\n|-weather|RainDance|[upkeep]\n|-heal|p2a: Toxicroak|241/280|[from] ability: Dry Skin\n|upkeep\n|turn|4\n|\n|t:|1770464137\n|switch|p1b: Pecharunt|Pecharunt, L78|265/265\n|-terastallize|p2b: Appletun|Steel\n|move|p1a: Iron Jugulis|Protect|p1a: Iron Jugulis\n|-singleturn|p1a: Iron Jugulis|Protect\n|move|p2a: Toxicroak|Fake Out|p1a: Iron Jugulis\n|-activate|p1a: Iron Jugulis|move: Protect\n|move|p2b: Appletun|Dragon Pulse|p1b: Pecharunt\n|-damage|p1b: Pecharunt|154/265\n|\n|-weather|RainDance|[upkeep]\n|-heal|p2a: Toxicroak|276/280|[from] ability: Dry Skin\n|upkeep\n|turn|5\n|\n|t:|1770464165\n|switch|p2a: Heatran|Heatran, L78, M|216/270\n|move|p1a: Iron Jugulis|Hurricane|p2a: Heatran\n|-resisted|p2a: Heatran\n|-damage|p2a: Heatran|141/270\n|-damage|p1a: Iron Jugulis|197/278|[from] item: Life Orb\n|move|p1b: Pecharunt|Nasty Plot|p1b: Pecharunt\n|-boost|p1b: Pecharunt|spa|2\n|move|p2b: Appletun|Leech Seed|p1a: Iron Jugulis\n|-start|p1a: Iron Jugulis|move: Leech Seed\n|\n|-weather|RainDance|[upkeep]\n|-damage|p1a: Iron Jugulis|163/278|[from] Leech Seed|[of] p2b: Appletun\n|-heal|p2b: Appletun|322/352|[silent]\n|upkeep\n|turn|6\n|\n|t:|1770464194\n|move|p1a: Iron Jugulis|Taunt|p2b: Appletun\n|-start|p2b: Appletun|move: Taunt\n|move|p1b: Pecharunt|Shadow Ball|p2a: Heatran\n|-damage|p2a: Heatran|0 fnt\n|faint|p2a: Heatran\n|-damage|p1b: Pecharunt|128/265|[from] item: Life Orb\n|move|p2b: Appletun|Apple Acid|p1b: Pecharunt\n|-resisted|p1b: Pecharunt\n|-damage|p1b: Pecharunt|77/265\n|-unboost|p1b: Pecharunt|spd|1\n|\n|-weather|none\n|-damage|p1a: Iron Jugulis|129/278|[from] Leech Seed|[of] p2b: Appletun\n|-heal|p2b: Appletun|352/352|[silent]\n|upkeep\n|inactive|chucutruu has 120 seconds left.\n|\n|t:|1770464217\n|switch|p2a: Typhlosion|Typhlosion, L79, M|253/253\n|turn|7\n|inactive|chucutruu has 120 seconds left.\n|\n|t:|1770464243\n|switch|p2b: Toxicroak|Toxicroak, L85, F|276/280\n|move|p2a: Typhlosion|Eruption|p1a: Iron Jugulis|[spread] p1a,p1b\n|-damage|p1a: Iron Jugulis|0 fnt\n|-damage|p1b: Pecharunt|0 fnt\n|faint|p1a: Iron Jugulis\n|-end|p1a: Iron Jugulis|Quark Drive|[silent]\n|faint|p1b: Pecharunt\n|\n|upkeep\n|\n|t:|1770464254\n|switch|p1a: Ambipom|Ambipom, L87, F|272/272\n|switch|p1b: Kingdra|Kingdra, L85, F|65/266\n|turn|8\n|inactive|chucutruu has 120 seconds left.\n|\n|t:|1770464293\n|switch|p2a: Appletun|Appletun, L92, F, tera:Steel|352/352\n|move|p1a: Ambipom|Fake Out|p2b: Toxicroak\n|-damage|p2b: Toxicroak|170/280\n|cant|p2b: Toxicroak|flinch\n|move|p1b: Kingdra|Rain Dance|p1b: Kingdra\n|-weather|RainDance\n|\n|-weather|RainDance|[upkeep]\n|-heal|p2b: Toxicroak|205/280|[from] ability: Dry Skin\n|upkeep\n|turn|9\n|inactive|chucutruu has 120 seconds left.\n|\n|t:|1770464327\n|move|p2b: Toxicroak|Sucker Punch|p1b: Kingdra\n|-damage|p1b: Kingdra|12/266\n|move|p1b: Kingdra|Wave Crash|p2a: Appletun\n|-damage|p2a: Appletun|114/352\n|-activate|p2a: Appletun|ability: Ripen\n|-enditem|p2a: Appletun|Sitrus Berry|[eat]\n|-heal|p2a: Appletun|290/352|[from] item: Sitrus Berry\n|-damage|p1b: Kingdra|0 fnt|[from] Recoil\n|faint|p1b: Kingdra\n|move|p1a: Ambipom|Double-Edge|p2b: Toxicroak\n|-damage|p2b: Toxicroak|0 fnt\n|faint|p2b: Toxicroak\n|-damage|p1a: Ambipom|204/272|[from] Recoil\n|move|p2a: Appletun|Leech Seed|p1a: Ambipom\n|-start|p1a: Ambipom|move: Leech Seed\n|\n|-weather|RainDance|[upkeep]\n|-damage|p1a: Ambipom|170/272|[from] Leech Seed|[of] p2a: Appletun\n|-heal|p2a: Appletun|324/352|[silent]\n|upkeep\n|c|☆chucutruu|GG :)\n|\n|t:|1770464350\n|switch|p2b: Lugia|Lugia, L71|193/268\n|switch|p1b: Reuniclus|Reuniclus, L84, F|322/322\n|turn|10\n|\n|t:|1770464371\n|move|p1a: Ambipom|Knock Off|p2b: Lugia\n|-supereffective|p2b: Lugia\n|-damage|p2b: Lugia|67/268\n|-enditem|p2b: Lugia|Leftovers|[from] move: Knock Off|[of] p1a: Ambipom\n|move|p2b: Lugia|Recover|p2b: Lugia\n|-heal|p2b: Lugia|201/268\n|move|p2a: Appletun|Leech Seed|p1b: Reuniclus\n|-start|p1b: Reuniclus|move: Leech Seed\n|move|p1b: Reuniclus|Trick Room|p1b: Reuniclus\n|-fieldstart|move: Trick Room|[of] p1b: Reuniclus\n|\n|-weather|RainDance|[upkeep]\n|-damage|p1a: Ambipom|136/272|[from] Leech Seed|[of] p2a: Appletun\n|-heal|p2a: Appletun|352/352|[silent]\n|upkeep\n|turn|11\n|inactive|chucutruu has 120 seconds left.\n|\n|t:|1770464388\n|move|p2a: Appletun|Protect|p2a: Appletun\n|-singleturn|p2a: Appletun|Protect\n|move|p1b: Reuniclus|Shadow Ball|p2b: Lugia\n|-supereffective|p2b: Lugia\n|-damage|p2b: Lugia|71/268\n|move|p2b: Lugia|Calm Mind|p2b: Lugia\n|-boost|p2b: Lugia|spa|1\n|-boost|p2b: Lugia|spd|1\n|move|p1a: Ambipom|Double-Edge|p2b: Lugia\n|-damage|p2b: Lugia|0 fnt\n|faint|p2b: Lugia\n|-damage|p1a: Ambipom|113/272|[from] Recoil\n|\n|-weather|RainDance|[upkeep]\n|-damage|p1a: Ambipom|79/272|[from] Leech Seed|[of] p2a: Appletun\n|upkeep\n|inactive|chucutruu has 120 seconds left.\n|\n|t:|1770464401\n|switch|p2b: Calyrex|Calyrex-Shadow, L63|231/231\n|-ability|p2b: Calyrex|As One\n|-ability|p2b: Calyrex|Unnerve\n|turn|12\n|\n|t:|1770464411\n|-terastallize|p1b: Reuniclus|Fighting\n|move|p2b: Calyrex|Protect|p2b: Calyrex\n|-singleturn|p2b: Calyrex|Protect\n|move|p1b: Reuniclus|Focus Blast|p2a: Appletun\n|-supereffective|p2a: Appletun\n|-damage|p2a: Appletun|0 fnt\n|faint|p2a: Appletun\n|move|p1a: Ambipom|Knock Off|p2b: Calyrex\n|-activate|p2b: Calyrex|move: Protect\n|\n|-weather|none\n|upkeep\n|\n|t:|1770464415\n|switch|p2a: Typhlosion|Typhlosion, L79, M|253/253\n|turn|13\n|c|☆chucutruu|:O\n|\n|t:|1770464444\n|move|p1b: Reuniclus|Shadow Ball|p2b: Calyrex\n|-supereffective|p2b: Calyrex\n|-damage|p2b: Calyrex|0 fnt\n|faint|p2b: Calyrex\n|move|p1a: Ambipom|Double-Edge|p2a: Typhlosion\n|-damage|p2a: Typhlosion|75/253\n|-damage|p1a: Ambipom|20/272|[from] Recoil\n|move|p2a: Typhlosion|Heat Wave|p1a: Ambipom|[spread] p1a,p1b\n|-damage|p1a: Ambipom|0 fnt\n|-damage|p1b: Reuniclus|246/322\n|faint|p1a: Ambipom\n|\n|upkeep\n|turn|14\n|c|☆chucutruu|Amazing\n|c|☆chucutruu|Well played! :)\n|\n|t:|1770464459\n|move|p1b: Reuniclus|Psychic|p2a: Typhlosion\n|-damage|p2a: Typhlosion|0 fnt\n|faint|p2a: Typhlosion\n|\n|win|Max Rayder\n|raw|Max Rayder's rating: 1852 &rarr; <strong>1873</strong><br />(+21 for winning)\n|raw|chucutruu's rating: 1864 &rarr; <strong>1843</strong><br />(-21 for losing)\n|c|☆Max Rayder|thnaks\n", "inputlog": ">version ccdc32dd7cde25fd9e4bed64820e885f66e78a4e\n>start {\"formatid\":\"gen9randomdoublesbattle\",\"seed\":\"sodium,5cb8dc97a1099b4cf2efb34ef8a795d2\",\"rated\":\"Rated battle\"}\n>player p1 {\"name\":\"Max Rayder\",\"avatar\":\"1\",\"rating\":1852,\"seed\":\"sodium,cbc2a61b2efb12f2b729dd01f2ae7cfd\"}\n>player p2 {\"name\":\"chucutruu\",\"avatar\":\"artist-gen4\",\"rating\":1864,\"seed\":\"sodium,6e86cf0f758f3ac5c45fc5db5599465f\"}\n>p1 move taunt +1, move diamondstorm\n>p2 move calmmind, move flashcannon +2\n>p1 pass, switch 6\n>p1 move darkpulse +1, move raindance\n>p2 move aeroblast +2, move earthpower +2\n>p1 move darkpulse +1, move wavecrash +2\n>p2 switch 5, switch 3\n>p1 move protect, switch 5\n>p2 move fakeout +1, move dragonpulse +2 terastallize\n>p1 move hurricane +1, move nastyplot\n>p2 switch 3, move leechseed +1\n>p1 move taunt +2, move shadowball +1\n>p2 move earthpower +2, move appleacid +2\n>p2 switch 4, pass\n>p1 move darkpulse +1, move malignantchain +1\n>p2 move eruption, switch 3\n>p1 switch 4, switch 5\n>p1 move fakeout +2, move raindance\n>p2 switch 3, move fakeout +2\n>p1 move doubleedge +2, move wavecrash +1\n>p2 move leechseed +1, move suckerpunch +2\n>chat ☆chucutruu|GG :)\n>p1 pass, switch 3\n>p2 pass, switch 5\n>p1 move knockoff +2, move trickroom\n>p2 move leechseed +2, move recover\n>p1 move doubleedge +2, move shadowball +2\n>p2 move protect, move calmmind\n>p2 pass, switch 6\n>p1 move knockoff +2, move focusblast +1 terastallize\n>p2 move appleacid +1, move protect\n>p2 switch 3, pass\n>chat ☆chucutruu|:O\n>p1 move doubleedge +1, move shadowball +2\n>p2 move heatwave, move psychic +2\n>chat ☆chucutruu|Amazing \n>chat ☆chucutruu|Well played! :)\n>p1 pass, move psychic +1\n>p2 move heatwave, pass", "uploadtime": 1770464466, "views": 90, "formatid": "gen9randomdoublesbattle", "rating": 1843, "private": 0, "password": null}