{"id": "gen9randomdoublesbattle-2538397826", "format": "[Gen 9] Random Doubles Battle", "players": ["UnitedBananashake", "pejelegante"], "log": "|j|☆UnitedBananashake\n|j|☆pejelegante\n|t:|1770923845\n|gametype|doubles\n|player|p1|UnitedBananashake|170|1818\n|player|p2|pejelegante|hugh|1819\n|gen|9\n|tier|[Gen 9] Random Doubles Battle\n|rated|\n|rule|Species Clause: Limit one of each Pokémon\n|rule|HP Percentage Mod: HP is shown in percentages\n|rule|Illusion Level Mod: Illusion disguises the Pokémon's true level\n|rule|Sleep Clause Mod: Limit one foe put to sleep\n|\n|t:|1770923845\n|teamsize|p1|6\n|teamsize|p2|6\n|start\n|switch|p1a: Terapagos|Terapagos, L73, M|252/252\n|switch|p1b: Sudowoodo|Sudowoodo, L94, F|284/284\n|switch|p2a: Drednaw|Drednaw, L83, F|285/285\n|switch|p2b: Dragonite|Dragonite, L82, M|283/283\n|-activate|p1a: Terapagos|ability: Tera Shift\n|detailschange|p1a: Terapagos|Terapagos-Terastal, L73, M\n|-heal|p1a: Terapagos|259/259|[silent]\n|turn|1\n|inactive|Battle timer is ON: inactive players will automatically lose when time's up. (requested by pejelegante)\n|\n|t:|1770923867\n|move|p2b: Dragonite|Low Kick|p1a: Terapagos\n|-activate|p1a: Terapagos|ability: Tera Shell\n|-resisted|p1a: Terapagos\n|-damage|p1a: Terapagos|236/259\n|-damage|p2b: Dragonite|255/283|[from] item: Life Orb\n|move|p2a: Drednaw|Shell Smash|p2a: Drednaw\n|-unboost|p2a: Drednaw|def|1\n|-unboost|p2a: Drednaw|spd|1\n|-boost|p2a: Drednaw|atk|2\n|-boost|p2a: Drednaw|spa|2\n|-boost|p2a: Drednaw|spe|2\n|-enditem|p2a: Drednaw|White Herb\n|-clearnegativeboost|p2a: Drednaw|[silent]\n|move|p1a: Terapagos|Meteor Beam||[still]\n|-prepare|p1a: Terapagos|Meteor Beam\n|-boost|p1a: Terapagos|spa|1\n|-enditem|p1a: Terapagos|Power Herb\n|-anim|p1a: Terapagos|Meteor Beam|p2b: Dragonite\n|-supereffective|p2b: Dragonite\n|-damage|p2b: Dragonite|49/283\n|move|p1b: Sudowoodo|Wood Hammer|p2a: Drednaw\n|-supereffective|p2a: Drednaw\n|-damage|p2a: Drednaw|0 fnt\n|faint|p2a: Drednaw\n|-damage|p1b: Sudowoodo|256/284|[from] item: Life Orb\n|\n|upkeep\n|\n|t:|1770923874\n|switch|p2a: Gallade|Gallade, L80, M|240/240\n|turn|2\n|\n|t:|1770923897\n|move|p1a: Terapagos|Protect|p1a: Terapagos\n|-singleturn|p1a: Terapagos|Protect\n|move|p2b: Dragonite|Low Kick|p1b: Sudowoodo\n|-supereffective|p1b: Sudowoodo\n|-damage|p1b: Sudowoodo|157/284\n|-damage|p2b: Dragonite|21/283|[from] item: Life Orb\n|move|p2a: Gallade|Sacred Sword|p1a: Terapagos\n|-activate|p1a: Terapagos|move: Protect\n|move|p1b: Sudowoodo|Head Smash|p2b: Dragonite\n|-supereffective|p2b: Dragonite\n|-damage|p2b: Dragonite|0 fnt\n|faint|p2b: Dragonite\n|-damage|p1b: Sudowoodo|129/284|[from] item: Life Orb\n|\n|upkeep\n|\n|t:|1770923910\n|switch|p2b: Delibird|Delibird, M|252/252\n|turn|3\n|\n|t:|1770923922\n|switch|p1a: Ho-Oh|Ho-Oh, L70|264/264\n|move|p2b: Delibird|Fake Out|p1a: Ho-Oh\n|-damage|p1a: Ho-Oh|233/264\n|move|p2a: Gallade|Sacred Sword|p1b: Sudowoodo\n|-supereffective|p1b: Sudowoodo\n|-damage|p1b: Sudowoodo|0 fnt\n|faint|p1b: Sudowoodo\n|-damage|p2a: Gallade|216/240|[from] item: Life Orb\n|\n|upkeep\n|\n|t:|1770923930\n|switch|p1b: Armarouge|Armarouge, L80, M|267/267\n|turn|4\n|\n|t:|1770923942\n|move|p2b: Delibird|Tailwind|p2b: Delibird\n|-sidestart|p2: pejelegante|move: Tailwind\n|move|p2a: Gallade|Night Slash|p1b: Armarouge\n|-supereffective|p1b: Armarouge\n|-damage|p1b: Armarouge|54/267\n|-damage|p2a: Gallade|192/240|[from] item: Life Orb\n|move|p1a: Ho-Oh|Tailwind|p1a: Ho-Oh\n|-sidestart|p1: UnitedBananashake|move: Tailwind\n|move|p1b: Armarouge|Heat Wave|p2a: Gallade|[spread] p2a,p2b\n|-supereffective|p2b: Delibird\n|-damage|p2a: Gallade|81/240\n|-damage|p2b: Delibird|0 fnt\n|faint|p2b: Delibird\n|\n|upkeep\n|\n|t:|1770923950\n|switch|p2b: Volbeat|Volbeat, L82, M|241/241\n|turn|5\n|\n|t:|1770923964\n|switch|p1a: Passimian|Passimian, L82, F|298/298\n|move|p2b: Volbeat|Encore||[still]\n|-fail|p2b: Volbeat\n|move|p2a: Gallade|Night Slash|p1b: Armarouge\n|-supereffective|p1b: Armarouge\n|-damage|p1b: Armarouge|0 fnt\n|faint|p1b: Armarouge\n|-damage|p2a: Gallade|57/240|[from] item: Life Orb\n|\n|upkeep\n|\n|t:|1770923969\n|switch|p1b: Ho-Oh|Ho-Oh, L70|264/264\n|turn|6\n|\n|t:|1770923979\n|move|p2b: Volbeat|Thunder Wave|p1a: Passimian\n|-status|p1a: Passimian|par\n|move|p2a: Gallade|Psycho Cut|p1a: Passimian\n|-supereffective|p1a: Passimian\n|-damage|p1a: Passimian|0 fnt\n|faint|p1a: Passimian\n|-damage|p2a: Gallade|33/240|[from] item: Life Orb\n|move|p1b: Ho-Oh|Sacred Fire|p2b: Volbeat\n|-supereffective|p2b: Volbeat\n|-damage|p2b: Volbeat|23/241\n|-enditem|p2b: Volbeat|Sitrus Berry|[eat]\n|-heal|p2b: Volbeat|83/241|[from] item: Sitrus Berry\n|\n|upkeep\n|\n|t:|1770923986\n|switch|p1a: Comfey|Comfey, L88, F|233/233\n|turn|7\n|\n|t:|1770923993\n|move|p1a: Comfey|Draining Kiss|p2a: Gallade\n|-supereffective|p2a: Gallade\n|-damage|p2a: Gallade|0 fnt\n|faint|p2a: Gallade\n|move|p2b: Volbeat|Thunder Wave|p1a: Comfey\n|-status|p1a: Comfey|par\n|move|p1b: Ho-Oh|Sacred Fire|p2b: Volbeat\n|-supereffective|p2b: Volbeat\n|-crit|p2b: Volbeat\n|-damage|p2b: Volbeat|0 fnt\n|faint|p2b: Volbeat\n|\n|-sideend|p2: pejelegante|move: Tailwind\n|-sideend|p1: UnitedBananashake|move: Tailwind\n|upkeep\n|\n|t:|1770923995\n|switch|p2b: Toxapex|Toxapex, L92, F|241/241\n|turn|8\n|\n|t:|1770924022\n|move|p1b: Ho-Oh|Brave Bird|p2b: Toxapex\n|-damage|p2b: Toxapex|168/241\n|-damage|p1b: Ho-Oh|240/264|[from] Recoil\n|move|p2b: Toxapex|Toxic|p1b: Ho-Oh\n|-status|p1b: Ho-Oh|tox\n|move|p1a: Comfey|Tailwind|p1a: Comfey\n|-sidestart|p1: UnitedBananashake|move: Tailwind\n|\n|-heal|p2b: Toxapex|183/241|[from] item: Leftovers\n|-damage|p1b: Ho-Oh|224/264 tox|[from] psn\n|upkeep\n|turn|9\n|\n|t:|1770924039\n|move|p1a: Comfey|Draining Kiss|p2b: Toxapex\n|-resisted|p2b: Toxapex\n|-damage|p2b: Toxapex|168/241\n|move|p1b: Ho-Oh|Sacred Fire|p2b: Toxapex\n|-resisted|p2b: Toxapex\n|-damage|p2b: Toxapex|139/241\n|-status|p2b: Toxapex|brn\n|move|p2b: Toxapex|Toxic||[still]\n|-fail|p2b: Toxapex\n|\n|-heal|p2b: Toxapex|154/241 brn|[from] item: Leftovers\n|-damage|p1b: Ho-Oh|192/264 tox|[from] psn\n|-damage|p2b: Toxapex|139/241 brn|[from] brn\n|upkeep\n|turn|10\n|\n|t:|1770924053\n|move|p1a: Comfey|Floral Healing|p1b: Ho-Oh\n|-heal|p1b: Ho-Oh|264/264 tox\n|move|p1b: Ho-Oh|Brave Bird|p2b: Toxapex\n|-damage|p2b: Toxapex|66/241 brn\n|-damage|p1b: Ho-Oh|240/264 tox|[from] Recoil\n|move|p2b: Toxapex|Recover|p2b: Toxapex\n|-heal|p2b: Toxapex|187/241 brn\n|\n|-heal|p2b: Toxapex|202/241 brn|[from] item: Leftovers\n|-damage|p1b: Ho-Oh|192/264 tox|[from] psn\n|-damage|p2b: Toxapex|187/241 brn|[from] brn\n|upkeep\n|turn|11\n|c|☆pejelegante|Please let's ignore that happened xd\n|\n|t:|1770924080\n|move|p1a: Comfey|Floral Healing|p1b: Ho-Oh\n|-heal|p1b: Ho-Oh|264/264 tox\n|move|p1b: Ho-Oh|Brave Bird|p2b: Toxapex\n|-damage|p2b: Toxapex|114/241 brn\n|-damage|p1b: Ho-Oh|240/264 tox|[from] Recoil\n|move|p2b: Toxapex|Infestation|p1a: Comfey\n|-resisted|p1a: Comfey\n|-damage|p1a: Comfey|228/233 par\n|-activate|p1a: Comfey|move: Infestation|[of] p2b: Toxapex\n|\n|-heal|p2b: Toxapex|129/241 brn|[from] item: Leftovers\n|-damage|p1b: Ho-Oh|176/264 tox|[from] psn\n|-damage|p2b: Toxapex|114/241 brn|[from] brn\n|-damage|p1a: Comfey|199/233 par|[from] move: Infestation|[partiallytrapped]\n|-sideend|p1: UnitedBananashake|move: Tailwind\n|upkeep\n|turn|12\n|\n|t:|1770924094\n|switch|p1b: Terapagos|Terapagos-Terastal, L73, M|236/259\n|cant|p1a: Comfey|par\n|move|p2b: Toxapex|Recover|p2b: Toxapex\n|-heal|p2b: Toxapex|235/241 brn\n|\n|-heal|p2b: Toxapex|241/241 brn|[from] item: Leftovers\n|-damage|p2b: Toxapex|226/241 brn|[from] brn\n|-damage|p1a: Comfey|170/233 par|[from] move: Infestation|[partiallytrapped]\n|upkeep\n|turn|13\n|\n|t:|1770924117\n|move|p1a: Comfey|Draining Kiss|p2b: Toxapex\n|-resisted|p2b: Toxapex\n|-damage|p2b: Toxapex|211/241 brn\n|-heal|p1a: Comfey|181/233 par|[from] drain|[of] p2b: Toxapex\n|move|p1b: Terapagos|Tera Starstorm|p2b: Toxapex\n|-damage|p2b: Toxapex|147/241 brn\n|move|p2b: Toxapex|Toxic|p1b: Terapagos\n|-status|p1b: Terapagos|tox\n|\n|-heal|p2b: Toxapex|162/241 brn|[from] item: Leftovers\n|-damage|p1b: Terapagos|220/259 tox|[from] psn\n|-damage|p2b: Toxapex|147/241 brn|[from] brn\n|-damage|p1a: Comfey|152/233 par|[from] move: Infestation|[partiallytrapped]\n|upkeep\n|turn|14\n|\n|t:|1770924133\n|-terastallize|p1b: Terapagos|Stellar\n|detailschange|p1b: Terapagos|Terapagos-Stellar, L73, M, tera:Stellar\n|-heal|p1b: Terapagos|315/354 tox|[silent]\n|move|p1a: Comfey|Helping Hand|p1b: Terapagos\n|-singleturn|p1b: Terapagos|Helping Hand|[of] p1a: Comfey\n|move|p2b: Toxapex|Baneful Bunker|p2b: Toxapex\n|-singleturn|p2b: Toxapex|move: Protect\n|move|p1b: Terapagos|Tera Starstorm|p2b: Toxapex\n|-activate|p2b: Toxapex|move: Protect\n|\n|-heal|p2b: Toxapex|162/241 brn|[from] item: Leftovers\n|-damage|p1b: Terapagos|271/354 tox|[from] psn\n|-damage|p2b: Toxapex|147/241 brn|[from] brn\n|-damage|p1a: Comfey|123/233 par|[from] move: Infestation|[partiallytrapped]\n|upkeep\n|turn|15\n|\n|t:|1770924144\n|move|p1a: Comfey|Helping Hand|p1b: Terapagos\n|-singleturn|p1b: Terapagos|Helping Hand|[of] p1a: Comfey\n|move|p1b: Terapagos|Tera Starstorm|p2b: Toxapex\n|-damage|p2b: Toxapex|59/241 brn\n|move|p2b: Toxapex|Recover|p2b: Toxapex\n|-heal|p2b: Toxapex|180/241 brn\n|\n|-heal|p2b: Toxapex|195/241 brn|[from] item: Leftovers\n|-damage|p1b: Terapagos|205/354 tox|[from] psn\n|-damage|p2b: Toxapex|180/241 brn|[from] brn\n|-damage|p1a: Comfey|94/233 par|[from] move: Infestation|[partiallytrapped]\n|upkeep\n|-enditem|p1a: Comfey|Sitrus Berry|[eat]\n|-heal|p1a: Comfey|152/233 par|[from] item: Sitrus Berry\n|turn|16\n|\n|t:|1770924158\n|switch|p1b: Ho-Oh|Ho-Oh, L70|264/264 tox\n|move|p2b: Toxapex|Infestation|p1b: Ho-Oh\n|-resisted|p1b: Ho-Oh\n|-damage|p1b: Ho-Oh|262/264 tox\n|-activate|p1b: Ho-Oh|move: Infestation|[of] p2b: Toxapex\n|move|p1a: Comfey|Tailwind|p1a: Comfey\n|-sidestart|p1: UnitedBananashake|move: Tailwind\n|\n|-heal|p2b: Toxapex|195/241 brn|[from] item: Leftovers\n|-damage|p1b: Ho-Oh|246/264 tox|[from] psn\n|-damage|p2b: Toxapex|180/241 brn|[from] brn\n|-damage|p1b: Ho-Oh|213/264 tox|[from] move: Infestation|[partiallytrapped]\n|-end|p1a: Comfey|Infestation|[partiallytrapped]\n|upkeep\n|turn|17\n|\n|t:|1770924175\n|cant|p1a: Comfey|par\n|move|p1b: Ho-Oh|Brave Bird|p2b: Toxapex\n|-damage|p2b: Toxapex|108/241 brn\n|-damage|p1b: Ho-Oh|189/264 tox|[from] Recoil\n|move|p2b: Toxapex|Infestation|p1a: Comfey\n|-resisted|p1a: Comfey\n|-damage|p1a: Comfey|147/233 par\n|-activate|p1a: Comfey|move: Infestation|[of] p2b: Toxapex\n|\n|-heal|p2b: Toxapex|123/241 brn|[from] item: Leftovers\n|-damage|p1b: Ho-Oh|157/264 tox|[from] psn\n|-damage|p2b: Toxapex|108/241 brn|[from] brn\n|-damage|p1b: Ho-Oh|124/264 tox|[from] move: Infestation|[partiallytrapped]\n|-damage|p1a: Comfey|118/233 par|[from] move: Infestation|[partiallytrapped]\n|upkeep\n|-enditem|p1b: Ho-Oh|Sitrus Berry|[eat]\n|-heal|p1b: Ho-Oh|190/264 tox|[from] item: Sitrus Berry\n|turn|18\n|\n|t:|1770924184\n|move|p2b: Toxapex|Baneful Bunker|p2b: Toxapex\n|-singleturn|p2b: Toxapex|move: Protect\n|move|p1a: Comfey|Floral Healing|p1b: Ho-Oh\n|-heal|p1b: Ho-Oh|264/264 tox\n|move|p1b: Ho-Oh|Tailwind||[still]\n|-fail|p1b: Ho-Oh\n|\n|-heal|p2b: Toxapex|123/241 brn|[from] item: Leftovers\n|-damage|p1b: Ho-Oh|216/264 tox|[from] psn\n|-damage|p2b: Toxapex|108/241 brn|[from] brn\n|-damage|p1b: Ho-Oh|183/264 tox|[from] move: Infestation|[partiallytrapped]\n|-damage|p1a: Comfey|89/233 par|[from] move: Infestation|[partiallytrapped]\n|upkeep\n|turn|19\n|\n|t:|1770924194\n|move|p1a: Comfey|Floral Healing|p1b: Ho-Oh\n|-heal|p1b: Ho-Oh|264/264 tox\n|move|p1b: Ho-Oh|Recover||[still]\n|-fail|p1b: Ho-Oh|heal\n|move|p2b: Toxapex|Recover|p2b: Toxapex\n|-heal|p2b: Toxapex|229/241 brn\n|\n|-heal|p2b: Toxapex|241/241 brn|[from] item: Leftovers\n|-damage|p1b: Ho-Oh|200/264 tox|[from] psn\n|-damage|p2b: Toxapex|226/241 brn|[from] brn\n|-damage|p1b: Ho-Oh|167/264 tox|[from] move: Infestation|[partiallytrapped]\n|-damage|p1a: Comfey|60/233 par|[from] move: Infestation|[partiallytrapped]\n|-sideend|p1: UnitedBananashake|move: Tailwind\n|upkeep\n|turn|20\n|\n|t:|1770924208\n|cant|p1a: Comfey|par\n|move|p1b: Ho-Oh|Brave Bird|p2b: Toxapex\n|-damage|p2b: Toxapex|163/241 brn\n|-damage|p1b: Ho-Oh|146/264 tox|[from] Recoil\n|move|p2b: Toxapex|Infestation|p1b: Ho-Oh\n|-resisted|p1b: Ho-Oh\n|-damage|p1b: Ho-Oh|144/264 tox\n|\n|-heal|p2b: Toxapex|178/241 brn|[from] item: Leftovers\n|-damage|p1b: Ho-Oh|64/264 tox|[from] psn\n|-damage|p2b: Toxapex|163/241 brn|[from] brn\n|-damage|p1b: Ho-Oh|31/264 tox|[from] move: Infestation|[partiallytrapped]\n|-damage|p1a: Comfey|31/233 par|[from] move: Infestation|[partiallytrapped]\n|upkeep\n|turn|21\n|\n|t:|1770924221\n|move|p2b: Toxapex|Baneful Bunker|p2b: Toxapex\n|-singleturn|p2b: Toxapex|move: Protect\n|move|p1a: Comfey|Floral Healing|p1b: Ho-Oh\n|-heal|p1b: Ho-Oh|163/264 tox\n|move|p1b: Ho-Oh|Brave Bird|p2b: Toxapex\n|-activate|p2b: Toxapex|move: Protect\n|\n|-heal|p2b: Toxapex|178/241 brn|[from] item: Leftovers\n|-damage|p1b: Ho-Oh|67/264 tox|[from] psn\n|-damage|p2b: Toxapex|163/241 brn|[from] brn\n|-end|p1b: Ho-Oh|Infestation|[partiallytrapped]\n|-damage|p1a: Comfey|2/233 par|[from] move: Infestation|[partiallytrapped]\n|upkeep\n|turn|22\n|\n|t:|1770924232\n|switch|p1b: Terapagos|Terapagos-Stellar, L73, M, tera:Stellar|205/354 tox\n|move|p1a: Comfey|Floral Healing|p1b: Terapagos\n|-heal|p1b: Terapagos|354/354 tox\n|move|p2b: Toxapex|Recover|p2b: Toxapex\n|-heal|p2b: Toxapex|241/241 brn\n|\n|-damage|p1b: Terapagos|332/354 tox|[from] psn\n|-damage|p2b: Toxapex|226/241 brn|[from] brn\n|-end|p1a: Comfey|Infestation|[partiallytrapped]\n|upkeep\n|turn|23\n|\n|t:|1770924248\n|move|p1a: Comfey|Helping Hand|p1b: Terapagos\n|-singleturn|p1b: Terapagos|Helping Hand|[of] p1a: Comfey\n|move|p1b: Terapagos|Dark Pulse|p2b: Toxapex\n|-damage|p2b: Toxapex|160/241 brn\n|move|p2b: Toxapex|Infestation|p1b: Terapagos\n|-damage|p1b: Terapagos|320/354 tox\n|-activate|p1b: Terapagos|move: Infestation|[of] p2b: Toxapex\n|\n|-heal|p2b: Toxapex|175/241 brn|[from] item: Leftovers\n|-damage|p1b: Terapagos|276/354 tox|[from] psn\n|-damage|p2b: Toxapex|160/241 brn|[from] brn\n|-damage|p1b: Terapagos|232/354 tox|[from] move: Infestation|[partiallytrapped]\n|upkeep\n|turn|24\n|\n|t:|1770924272\n|move|p2b: Toxapex|Baneful Bunker|p2b: Toxapex\n|-singleturn|p2b: Toxapex|move: Protect\n|move|p1a: Comfey|Floral Healing|p1b: Terapagos\n|-heal|p1b: Terapagos|354/354 tox\n|move|p1b: Terapagos|Meteor Beam||[still]\n|-prepare|p1b: Terapagos|Meteor Beam\n|-boost|p1b: Terapagos|spa|1\n|\n|-heal|p2b: Toxapex|175/241 brn|[from] item: Leftovers\n|-damage|p1b: Terapagos|288/354 tox|[from] psn\n|-damage|p2b: Toxapex|160/241 brn|[from] brn\n|-damage|p1b: Terapagos|244/354 tox|[from] move: Infestation|[partiallytrapped]\n|upkeep\n|turn|25\n|\n|t:|1770924286\n|switch|p1a: Ho-Oh|Ho-Oh, L70|155/264 tox\n|move|p1b: Terapagos|Meteor Beam|p2b: Toxapex|[from] lockedmove\n|-damage|p2b: Toxapex|68/241 brn\n|move|p2b: Toxapex|Infestation|p1a: Ho-Oh\n|-resisted|p1a: Ho-Oh\n|-damage|p1a: Ho-Oh|153/264 tox\n|-activate|p1a: Ho-Oh|move: Infestation|[of] p2b: Toxapex\n|\n|-heal|p2b: Toxapex|83/241 brn|[from] item: Leftovers\n|-damage|p1b: Terapagos|156/354 tox|[from] psn\n|-damage|p1a: Ho-Oh|137/264 tox|[from] psn\n|-damage|p2b: Toxapex|68/241 brn|[from] brn\n|-damage|p1a: Ho-Oh|104/264 tox|[from] move: Infestation|[partiallytrapped]\n|-damage|p1b: Terapagos|112/354 tox|[from] move: Infestation|[partiallytrapped]\n|upkeep\n|turn|26\n|\n|t:|1770924309\n|move|p2b: Toxapex|Baneful Bunker|p2b: Toxapex\n|-singleturn|p2b: Toxapex|move: Protect\n|move|p1b: Terapagos|Tera Starstorm|p2b: Toxapex\n|-activate|p2b: Toxapex|move: Protect\n|move|p1a: Ho-Oh|Brave Bird|p2b: Toxapex\n|-activate|p2b: Toxapex|move: Protect\n|\n|-heal|p2b: Toxapex|83/241 brn|[from] item: Leftovers\n|-damage|p1a: Ho-Oh|72/264 tox|[from] psn\n|-damage|p1b: Terapagos|2/354 tox|[from] psn\n|-damage|p2b: Toxapex|68/241 brn|[from] brn\n|-damage|p1a: Ho-Oh|39/264 tox|[from] move: Infestation|[partiallytrapped]\n|-damage|p1b: Terapagos|0 fnt|[from] move: Infestation|[partiallytrapped]\n|faint|p1b: Terapagos\n|detailschange|p1: Terapagos|Terapagos, L73, M|[silent]\n|upkeep\n|\n|t:|1770924312\n|switch|p1b: Comfey|Comfey, L88, F|2/233 par\n|turn|27\n|\n|t:|1770924324\n|-terastallize|p2b: Toxapex|Steel\n|cant|p1b: Comfey|par\n|move|p1a: Ho-Oh|Brave Bird|p2b: Toxapex\n|-resisted|p2b: Toxapex\n|-damage|p2b: Toxapex|35/241 brn\n|-damage|p1a: Ho-Oh|28/264 tox|[from] Recoil\n|move|p2b: Toxapex|Recover|p2b: Toxapex\n|-heal|p2b: Toxapex|156/241 brn\n|\n|-heal|p2b: Toxapex|171/241 brn|[from] item: Leftovers\n|-damage|p1a: Ho-Oh|0 fnt|[from] psn\n|faint|p1a: Ho-Oh\n|-damage|p2b: Toxapex|156/241 brn|[from] brn\n|upkeep\n|turn|28\n|c|☆pejelegante|Gg\n|c|☆UnitedBananashake|gg wp\n|c|☆pejelegante|Sorry for the stall\n|c|☆UnitedBananashake|part of the game :D\n|\n|t:|1770924346\n|cant|p1b: Comfey|par\n|move|p2b: Toxapex|Infestation|p1b: Comfey\n|-resisted|p1b: Comfey\n|-damage|p1b: Comfey|0 fnt\n|faint|p1b: Comfey\n|\n|win|pejelegante\n|raw|UnitedBananashake's rating: 1818 &rarr; <strong>1799</strong><br />(-19 for losing)\n|raw|pejelegante's rating: 1841 &rarr; <strong>1860</strong><br />(+19 for winning)\n|c|☆pejelegante|Hehe\n|l|☆UnitedBananashake\n|player|p1|\n|c|☆pejelegante|Have a nice day ^^\n", "inputlog": ">version ccdc32dd7cde25fd9e4bed64820e885f66e78a4e\n>start {\"formatid\":\"gen9randomdoublesbattle\",\"seed\":\"sodium,29a7b8024a65cf778e6fde265feda647\",\"rated\":\"Rated battle\"}\n>player p1 {\"name\":\"UnitedBananashake\",\"avatar\":\"170\",\"rating\":1818,\"seed\":\"sodium,98aeb1a61fc27ffe0fe63a96fe55f87e\"}\n>player p2 {\"name\":\"pejelegante\",\"avatar\":\"hugh\",\"rating\":1819,\"seed\":\"sodium,220b4b22605d8328174ee9d9717fdbb4\"}\n>p1 move meteorbeam +2, move woodhammer +1\n>p2 move shellsmash, move lowkick +1\n>p2 switch 6, pass\n>p1 move protect, move headsmash +2\n>p2 move sacredsword +1, move lowkick +2\n>p2 pass, switch 3\n>p1 switch 3, move headsmash +2\n>p2 move sacredsword +2, move fakeout +1\n>p1 pass, switch 5\n>p1 move tailwind, move heatwave\n>p2 move nightslash +2, move tailwind\n>p2 pass, switch 4\n>p1 switch 4, move heatwave\n>p2 move nightslash +2, move encore +1\n>p1 pass, switch 4\n>p1 move rockslide, move sacredfire +2\n>p2 move psychocut +1, move thunderwave +1\n>p1 switch 6, pass\n>p1 move drainingkiss +1, move sacredfire +2\n>p2 move psychocut +2, move thunderwave +1\n>p2 pass, switch 5\n>p1 move tailwind, move bravebird +2\n>p2 pass, move toxic +2\n>p1 move drainingkiss +2, move sacredfire +2\n>p2 pass, move toxic +1\n>p1 move floralhealing -2, move bravebird +2\n>p2 pass, move recover\n>chat ☆pejelegante|Please let's ignore that happened xd\n>p1 move floralhealing -2, move bravebird +2\n>p2 pass, move infestation +1\n>p1 move floralhealing -2, switch 3\n>p2 pass, move recover\n>p1 move drainingkiss +2, move terastarstorm +2\n>p2 pass, move toxic +2\n>p1 move helpinghand -2, move terastarstorm +2 terastallize\n>p2 pass, move banefulbunker\n>p1 move helpinghand -2, move terastarstorm\n>p2 pass, move recover\n>p1 move tailwind, switch 3\n>p2 pass, move infestation +2\n>p1 move helpinghand -2, move bravebird +2\n>p2 pass, move infestation +1\n>p1 move floralhealing -2, move tailwind\n>p2 pass, move banefulbunker\n>p1 move floralhealing -2, move recover\n>p2 pass, move recover\n>p1 move floralhealing -2, move bravebird +2\n>p2 pass, move infestation +2\n>p1 move floralhealing -2, move bravebird +2\n>p2 pass, move banefulbunker\n>p1 move floralhealing -2, switch 3\n>p2 pass, move recover\n>p1 move helpinghand -2, move darkpulse +2\n>p2 pass, move infestation +2\n>p1 move floralhealing -2, move meteorbeam +2\n>p2 pass, move banefulbunker\n>p1 switch 3, move meteorbeam +2\n>p2 pass, move infestation +1\n>p1 move bravebird +2, move terastarstorm\n>p2 pass, move banefulbunker\n>p1 pass, switch 3\n>p1 move bravebird +2, move floralhealing -1\n>p2 pass, move recover terastallize\n>chat ☆pejelegante|Gg\n>chat ☆UnitedBananashake|gg wp\n>chat ☆pejelegante|Sorry for the stall \n>chat ☆UnitedBananashake|part of the game :D \n>p1 pass, move drainingkiss +2\n>p2 pass, move infestation +2", "uploadtime": 1770924357, "views": 68, "formatid": "gen9randomdoublesbattle", "rating": 1799, "private": 0, "password": null}