{"id": "gen9randomdoublesbattle-2537775724", "format": "[Gen 9] Random Doubles Battle", "players": ["Jenome", "NOAH MK2"], "log": "|j|☆Jenome\n|j|☆NOAH MK2\n|t:|1770846877\n|gametype|doubles\n|player|p1|Jenome|gentleman-gen4|1554\n|player|p2|NOAH MK2|2|1679\n|gen|9\n|tier|[Gen 9] Random Doubles Battle\n|rated|\n|rule|Species Clause: Limit one of each Pokémon\n|rule|HP Percentage Mod: HP is shown in percentages\n|rule|Illusion Level Mod: Illusion disguises the Pokémon's true level\n|rule|Sleep Clause Mod: Limit one foe put to sleep\n|\n|t:|1770846877\n|teamsize|p1|6\n|teamsize|p2|6\n|start\n|switch|p1a: Ogerpon|Ogerpon, L78, F|253/253\n|switch|p1b: Farigiraf|Farigiraf, L84, M|339/339\n|switch|p2a: Zapdos|Zapdos, L77|265/265\n|switch|p2b: Ariados|Ariados, M|302/302\n|turn|1\n|\n|t:|1770846991\n|move|p1a: Ogerpon|U-turn|p2b: Ariados\n|-resisted|p2b: Ariados\n|-damage|p2b: Ariados|263/302\n|-damage|p1a: Ogerpon|211/253|[from] item: Rocky Helmet|[of] p2b: Ariados\n|inactive|Battle timer is ON: inactive players will automatically lose when time's up. (requested by Jenome)\n|\n|t:|1770846995\n|switch|p1a: Araquanid|Araquanid, L84, M|251/251|[from] U-turn\n|move|p2a: Zapdos|Thunderbolt|p1b: Farigiraf\n|-damage|p1b: Farigiraf|197/339\n|-damage|p2a: Zapdos|239/265|[from] item: Life Orb\n|move|p2b: Ariados|Sticky Web|p1a: Araquanid\n|-sidestart|p1: Jenome|move: Sticky Web\n|move|p1b: Farigiraf|Trick Room|p1b: Farigiraf\n|-fieldstart|move: Trick Room|[of] p1b: Farigiraf\n|\n|upkeep\n|turn|2\n|\n|t:|1770847019\n|switch|p2b: Clefairy|Clefairy, L98, M|296/296\n|move|p1b: Farigiraf|Hyper Voice|p2b: Clefairy|[spread] p2a,p2b\n|-damage|p2a: Zapdos|150/265\n|-damage|p2b: Clefairy|222/296\n|-damage|p1b: Farigiraf|164/339|[from] item: Life Orb\n|move|p1a: Araquanid|Sticky Web|p2a: Zapdos\n|-sidestart|p2: NOAH MK2|move: Sticky Web\n|move|p2a: Zapdos|Thunderbolt|p1b: Farigiraf\n|-damage|p1b: Farigiraf|4/339\n|-damage|p2a: Zapdos|124/265|[from] item: Life Orb\n|\n|upkeep\n|turn|3\n|\n|t:|1770847046\n|move|p2b: Clefairy|Follow Me|p2b: Clefairy\n|-singleturn|p2b: Clefairy|move: Follow Me\n|move|p1b: Farigiraf|Hyper Voice|p2b: Clefairy|[spread] p2a,p2b\n|-damage|p2a: Zapdos|44/265\n|-damage|p2b: Clefairy|148/296\n|-damage|p1b: Farigiraf|0 fnt|[from] item: Life Orb\n|faint|p1b: Farigiraf\n|move|p1a: Araquanid|Liquidation|p2b: Clefairy\n|-damage|p2b: Clefairy|28/296\n|-unboost|p2b: Clefairy|def|1\n|move|p2a: Zapdos|Thunderbolt|p1a: Araquanid\n|-supereffective|p1a: Araquanid\n|-damage|p1a: Araquanid|69/251\n|-status|p1a: Araquanid|par\n|-enditem|p1a: Araquanid|Sitrus Berry|[eat]\n|-heal|p1a: Araquanid|131/251 par|[from] item: Sitrus Berry\n|-damage|p2a: Zapdos|18/265|[from] item: Life Orb\n|\n|upkeep\n|\n|t:|1770847058\n|switch|p1b: Donphan|Donphan, L87, F|298/298\n|-activate|p1b: Donphan|move: Sticky Web\n|-unboost|p1b: Donphan|spe|1\n|turn|4\n|\n|t:|1770847068\n|move|p2a: Zapdos|Protect|p2a: Zapdos\n|-singleturn|p2a: Zapdos|Protect\n|move|p1a: Araquanid|Liquidation|p2b: Clefairy\n|-damage|p2b: Clefairy|0 fnt\n|faint|p2b: Clefairy\n|move|p1b: Donphan|Rapid Spin|p2a: Zapdos\n|-activate|p2a: Zapdos|move: Protect\n|\n|upkeep\n|\n|t:|1770847078\n|switch|p2b: Greedent|Greedent, L86, F|347/347\n|-activate|p2b: Greedent|move: Sticky Web\n|-unboost|p2b: Greedent|spe|1\n|turn|5\n|\n|t:|1770847094\n|switch|p2a: Ariados|Ariados, M|263/302\n|-activate|p2a: Ariados|move: Sticky Web\n|-unboost|p2a: Ariados|spe|1\n|move|p2b: Greedent|Double-Edge|p1a: Araquanid\n|-damage|p1a: Araquanid|10/251 par\n|-damage|p2b: Greedent|307/347|[from] Recoil\n|move|p1a: Araquanid|Liquidation|p2b: Greedent\n|-damage|p2b: Greedent|177/347\n|move|p1b: Donphan|Rapid Spin|p2a: Ariados\n|-damage|p2a: Ariados|217/302\n|-boost|p1b: Donphan|spe|1\n|-damage|p1b: Donphan|249/298|[from] item: Rocky Helmet|[of] p2a: Ariados\n|-sideend|p1: Jenome|Sticky Web|[from] move: Rapid Spin|[of] p1b: Donphan\n|\n|-fieldend|move: Trick Room\n|upkeep\n|turn|6\n|\n|t:|1770847111\n|move|p1b: Donphan|Knock Off|p2b: Greedent\n|-damage|p2b: Greedent|95/347\n|-enditem|p2b: Greedent|Sitrus Berry|[from] move: Knock Off|[of] p1b: Donphan\n|move|p2a: Ariados|Sticky Web|p1b: Donphan\n|-sidestart|p1: Jenome|move: Sticky Web\n|move|p1a: Araquanid|Liquidation|p2b: Greedent\n|-damage|p2b: Greedent|0 fnt\n|faint|p2b: Greedent\n|\n|upkeep\n|\n|t:|1770847129\n|switch|p2b: Gogoat|Gogoat, L90, F|368/368\n|-activate|p2b: Gogoat|move: Sticky Web\n|-unboost|p2b: Gogoat|spe|1\n|turn|7\n|\n|t:|1770847141\n|move|p1b: Donphan|Rapid Spin|p2b: Gogoat\n|-damage|p2b: Gogoat|316/368\n|-boost|p1b: Donphan|spe|1\n|-sideend|p1: Jenome|Sticky Web|[from] move: Rapid Spin|[of] p1b: Donphan\n|move|p2b: Gogoat|Leaf Storm|p1b: Donphan\n|-supereffective|p1b: Donphan\n|-damage|p1b: Donphan|0 fnt\n|-unboost|p2b: Gogoat|spa|2\n|faint|p1b: Donphan\n|move|p2a: Ariados|Megahorn|p1a: Araquanid\n|-damage|p1a: Araquanid|0 fnt\n|faint|p1a: Araquanid\n|\n|upkeep\n|\n|t:|1770847150\n|switch|p1b: Decidueye|Decidueye-Hisui, L85, F|288/288\n|switch|p1a: Flutter Mane|Flutter Mane, L73|201/201\n|-enditem|p1a: Flutter Mane|Booster Energy\n|-activate|p1a: Flutter Mane|ability: Protosynthesis|[fromitem]\n|-start|p1a: Flutter Mane|protosynthesisspa\n|turn|8\n|inactive|NOAH MK2 has 120 seconds left.\n|\n|t:|1770847205\n|move|p1a: Flutter Mane|Shadow Ball|p2a: Ariados\n|-damage|p2a: Ariados|109/302\n|move|p1b: Decidueye|Triple Arrows|p2a: Ariados\n|-resisted|p2a: Ariados\n|-damage|p2a: Ariados|81/302\n|move|p2b: Gogoat|Double-Edge|p1b: Decidueye\n|-damage|p1b: Decidueye|178/288\n|-damage|p2b: Gogoat|280/368|[from] Recoil\n|cant|p2a: Ariados|flinch\n|\n|upkeep\n|turn|9\n|\n|t:|1770847229\n|move|p1a: Flutter Mane|Shadow Ball|p2a: Ariados\n|-damage|p2a: Ariados|0 fnt\n|faint|p2a: Ariados\n|move|p1b: Decidueye|Triple Arrows|p2b: Gogoat\n|-crit|p2b: Gogoat\n|-damage|p2b: Gogoat|85/368\n|cant|p2b: Gogoat|flinch\n|\n|upkeep\n|-message|NOAH MK2 forfeited.\n|\n|win|Jenome\n|raw|Jenome's rating: 1554 &rarr; <strong>1581</strong><br />(+27 for winning)\n|raw|NOAH MK2's rating: 1679 &rarr; <strong>1652</strong><br />(-27 for losing)\n|l|☆NOAH MK2\n|player|p2|\n", "inputlog": ">version ccdc32dd7cde25fd9e4bed64820e885f66e78a4e\n>start {\"formatid\":\"gen9randomdoublesbattle\",\"seed\":\"sodium,80e6792e718767ce3d1b942b4e28ec90\",\"rated\":\"Rated battle\"}\n>player p1 {\"name\":\"Jenome\",\"avatar\":\"gentleman-gen4\",\"rating\":1554,\"seed\":\"sodium,65038519dc939783ab59dcffc73800dd\"}\n>player p2 {\"name\":\"NOAH MK2\",\"avatar\":\"2\",\"rating\":1679,\"seed\":\"sodium,c041e4ba5026926c5951c46811775259\"}\n>p1 move uturn +2, move trickroom\n>p2 move thunderbolt +2, move stickyweb\n>p1 switch 6, pass\n>p1 move stickyweb, move hypervoice\n>p2 move thunderbolt +2, switch 6\n>p1 move liquidation +2, move hypervoice\n>p2 move thunderbolt +1, move followme\n>p1 pass, switch 3\n>p1 move liquidation +2, move rapidspin +1\n>p2 move protect, move lifedew\n>p2 pass, switch 3\n>p1 move liquidation +2, move rapidspin +1\n>p2 switch 6, move doubleedge +1\n>p1 move liquidation +2, move knockoff +2\n>p2 move stickyweb, move swordsdance\n>p2 pass, switch 5\n>p1 move hydropump +1, move rapidspin +2\n>p2 move megahorn +2, move leafstorm +2\n>p1 switch 5, switch 4\n>p1 move shadowball +1, move triplearrows +1\n>p2 move megahorn +2, move doubleedge +2\n>p1 move shadowball +1, move triplearrows +2\n>p2 move megahorn +2, move doubleedge +2\n>forcelose p2", "uploadtime": 1770847240, "views": 66, "formatid": "gen9randomdoublesbattle", "rating": 1581, "private": 0, "password": null}