{"id": "gen9randomdoublesbattle-2540811970", "format": "[Gen 9] Random Doubles Battle", "players": ["Braydawg101", "EHanSolo"], "log": "|j|☆Braydawg101\n|j|☆EHanSolo\n|t:|1771256573\n|gametype|doubles\n|player|p1|Braydawg101|1|1586\n|player|p2|EHanSolo|alder|1564\n|gen|9\n|tier|[Gen 9] Random Doubles Battle\n|rated|\n|rule|Species Clause: Limit one of each Pokémon\n|rule|HP Percentage Mod: HP is shown in percentages\n|rule|Illusion Level Mod: Illusion disguises the Pokémon's true level\n|rule|Sleep Clause Mod: Limit one foe put to sleep\n|\n|t:|1771256573\n|teamsize|p1|6\n|teamsize|p2|6\n|start\n|switch|p1a: Malamar|Malamar, L80, F|269/269\n|switch|p1b: Vaporeon|Vaporeon, L84, F|356/356\n|switch|p2a: Chandelure|Chandelure, L81, M|230/230\n|switch|p2b: Blissey|Blissey, L96, F|645/645\n|turn|1\n|inactive|Battle timer is ON: inactive players will automatically lose when time's up. (requested by EHanSolo)\n|\n|t:|1771256590\n|switch|p2a: Shaymin|Shaymin-Sky, L77|281/281\n|move|p1a: Malamar|Superpower|p2b: Blissey\n|-supereffective|p2b: Blissey\n|-damage|p2b: Blissey|261/645\n|-boost|p1a: Malamar|atk|1\n|-boost|p1a: Malamar|def|1\n|-enditem|p2b: Blissey|Sitrus Berry|[eat]\n|-heal|p2b: Blissey|422/645|[from] item: Sitrus Berry\n|move|p2b: Blissey|Thunder Wave|p1a: Malamar\n|-status|p1a: Malamar|par\n|move|p1b: Vaporeon|Scald|p2a: Shaymin\n|-resisted|p2a: Shaymin\n|-damage|p2a: Shaymin|224/281\n|-status|p2a: Shaymin|brn\n|\n|-damage|p2a: Shaymin|207/281 brn|[from] brn\n|upkeep\n|turn|2\n|inactive|Braydawg101 has 120 seconds left.\n|inactive|EHanSolo has 120 seconds left.\n|\n|t:|1771256627\n|-terastallize|p1b: Vaporeon|Fire\n|move|p2a: Shaymin|Air Slash|p1a: Malamar\n|-damage|p1a: Malamar|143/269 par\n|-damage|p2a: Shaymin|179/281 brn|[from] item: Life Orb\n|move|p2b: Blissey|Hyper Voice|p1a: Malamar|[spread] p1a,p1b\n|-damage|p1a: Malamar|50/269 par\n|-damage|p1b: Vaporeon|283/356\n|-enditem|p1a: Malamar|Sitrus Berry|[eat]\n|-heal|p1a: Malamar|117/269 par|[from] item: Sitrus Berry\n|move|p1b: Vaporeon|Icy Wind|p2b: Blissey|[spread] p2a,p2b\n|-supereffective|p2a: Shaymin\n|-damage|p2a: Shaymin|27/281 brn\n|-damage|p2b: Blissey|403/645\n|-unboost|p2a: Shaymin|spe|1\n|-unboost|p2b: Blissey|spe|1\n|cant|p1a: Malamar|par\n|\n|-activate|p2b: Blissey|ability: Healer\n|-curestatus|p2a: Shaymin|brn|[msg]\n|upkeep\n|turn|3\n|inactive|EHanSolo has 120 seconds left.\n|\n|t:|1771256660\n|cant|p1a: Malamar|par\n|move|p2a: Shaymin|Tailwind|p2a: Shaymin\n|-sidestart|p2: EHanSolo|move: Tailwind\n|move|p2b: Blissey|Life Dew|p2b: Blissey|[spread] p2a,p2b\n|-heal|p2a: Shaymin|97/281\n|-heal|p2b: Blissey|564/645\n|move|p1b: Vaporeon|Icy Wind|p2a: Shaymin|[spread] p2a,p2b\n|-supereffective|p2a: Shaymin\n|-damage|p2a: Shaymin|0 fnt\n|-damage|p2b: Blissey|543/645\n|-unboost|p2b: Blissey|spe|1\n|faint|p2a: Shaymin\n|\n|upkeep\n|\n|t:|1771256678\n|switch|p2a: Whiscash|Whiscash, L88, F|337/337\n|turn|4\n|inactive|EHanSolo has 120 seconds left.\n|\n|t:|1771256699\n|move|p1b: Vaporeon|Protect|p1b: Vaporeon\n|-singleturn|p1b: Vaporeon|Protect\n|move|p2a: Whiscash|High Horsepower|p1b: Vaporeon\n|-activate|p1b: Vaporeon|move: Protect\n|move|p2b: Blissey|Hyper Voice|p1a: Malamar|[spread] p1a\n|-activate|p1b: Vaporeon|move: Protect\n|-damage|p1a: Malamar|23/269 par\n|move|p1a: Malamar|Superpower|p2b: Blissey\n|-supereffective|p2b: Blissey\n|-damage|p2b: Blissey|0 fnt\n|-boost|p1a: Malamar|atk|1\n|-boost|p1a: Malamar|def|1\n|faint|p2b: Blissey\n|\n|upkeep\n|\n|t:|1771256718\n|switch|p2b: Porygon-Z|Porygon-Z, L84|280/280\n|turn|5\n|\n|t:|1771256726\n|switch|p1b: Cramorant|Cramorant, L86, M|261/261\n|move|p1a: Malamar|Protect|p1a: Malamar\n|-singleturn|p1a: Malamar|Protect\n|move|p2b: Porygon-Z|Tri Attack|p1a: Malamar\n|-activate|p1a: Malamar|move: Protect\n|move|p2a: Whiscash|High Horsepower|p1b: Cramorant\n|-immune|p1b: Cramorant\n|\n|upkeep\n|turn|6\n|\n|t:|1771256742\n|move|p2b: Porygon-Z|Tri Attack|p1b: Cramorant\n|-damage|p1b: Cramorant|71/261\n|-enditem|p1b: Cramorant|Sitrus Berry|[eat]\n|-heal|p1b: Cramorant|136/261|[from] item: Sitrus Berry\n|move|p2a: Whiscash|Icy Wind|p1b: Cramorant|[spread] p1a,p1b\n|-damage|p1a: Malamar|0 fnt\n|-damage|p1b: Cramorant|110/261\n|-unboost|p1b: Cramorant|spe|1\n|faint|p1a: Malamar\n|move|p1b: Cramorant|Tailwind|p1b: Cramorant\n|-sidestart|p1: Braydawg101|move: Tailwind\n|\n|-sideend|p2: EHanSolo|move: Tailwind\n|upkeep\n|\n|t:|1771256761\n|switch|p1a: Cinderace|Cinderace, L82, M|265/265\n|turn|7\n|\n|t:|1771256768\n|move|p1a: Cinderace|Protect|p1a: Cinderace\n|-singleturn|p1a: Cinderace|Protect\n|move|p1b: Cramorant|Surf|p2a: Whiscash|[spread] p2a,p2b\n|-activate|p1a: Cinderace|move: Protect\n|-formechange|p1b: Cramorant|Cramorant-Gorging|\n|-damage|p2a: Whiscash|255/337\n|-damage|p2b: Porygon-Z|210/280\n|move|p2b: Porygon-Z|Tri Attack|p1a: Cinderace\n|-activate|p1a: Cinderace|move: Protect\n|move|p2a: Whiscash|Muddy Water|p1b: Cramorant|[spread] p1b\n|-activate|p1a: Cinderace|move: Protect\n|-resisted|p1b: Cramorant\n|-damage|p1b: Cramorant|80/261\n|-damage|p2a: Whiscash|171/337|[from] ability: Gulp Missile|[of] p1b: Cramorant\n|-status|p2a: Whiscash|par\n|-formechange|p1b: Cramorant|Cramorant|\n|\n|upkeep\n|turn|8\n|\n|t:|1771256792\n|move|p1a: Cinderace|Sucker Punch|p2a: Whiscash\n|-damage|p2a: Whiscash|94/337 par\n|-enditem|p2a: Whiscash|Sitrus Berry|[eat]\n|-heal|p2a: Whiscash|178/337 par|[from] item: Sitrus Berry\n|-damage|p1a: Cinderace|239/265|[from] item: Life Orb\n|move|p1b: Cramorant|Brave Bird|p2a: Whiscash\n|-damage|p2a: Whiscash|40/337 par\n|-damage|p1b: Cramorant|34/261|[from] Recoil\n|move|p2b: Porygon-Z|Tri Attack|p1a: Cinderace\n|-damage|p1a: Cinderace|0 fnt\n|faint|p1a: Cinderace\n|move|p2a: Whiscash|Muddy Water|p1b: Cramorant|[miss]\n|-miss|p2a: Whiscash|p1b: Cramorant\n|\n|upkeep\n|inactive|Braydawg101 has 120 seconds left.\n|\n|t:|1771256811\n|switch|p1a: Typhlosion|Typhlosion, L79, F|253/253\n|turn|9\n|\n|t:|1771256824\n|switch|p1a: Vaporeon|Vaporeon, L84, F, tera:Fire|283/356\n|switch|p2b: Chandelure|Chandelure, L81, M|230/230\n|move|p1b: Cramorant|Surf|p2b: Chandelure|[spread] p2a,p2b\n|-heal|p1a: Vaporeon|356/356|[from] ability: Water Absorb|[of] p1b: Cramorant\n|-formechange|p1b: Cramorant|Cramorant-Gorging|\n|-supereffective|p2b: Chandelure\n|-damage|p2a: Whiscash|0 fnt\n|-damage|p2b: Chandelure|86/230\n|faint|p2a: Whiscash\n|\n|-sideend|p1: Braydawg101|move: Tailwind\n|upkeep\n|\n|t:|1771256835\n|switch|p2a: Porygon-Z|Porygon-Z, L84|210/280\n|turn|10\n|\n|t:|1771256845\n|move|p2b: Chandelure|Shadow Ball|p1a: Vaporeon\n|-damage|p1a: Vaporeon|244/356\n|move|p2a: Porygon-Z|Swift|p1a: Vaporeon|[spread] p1a,p1b\n|-damage|p1a: Vaporeon|132/356\n|-damage|p1b: Cramorant|0 fnt\n|-damage|p2a: Porygon-Z|140/280|[from] ability: Gulp Missile|[of] p1b: Cramorant\n|-status|p2a: Porygon-Z|par\n|-formechange|p1b: Cramorant|Cramorant|\n|-enditem|p1a: Vaporeon|Sitrus Berry|[eat]\n|-heal|p1a: Vaporeon|221/356|[from] item: Sitrus Berry\n|faint|p1b: Cramorant\n|move|p1a: Vaporeon|Icy Wind|p2a: Porygon-Z|[spread] p2a,p2b\n|-resisted|p2b: Chandelure\n|-damage|p2a: Porygon-Z|104/280 par\n|-damage|p2b: Chandelure|71/230\n|-unboost|p2a: Porygon-Z|spe|1\n|-unboost|p2b: Chandelure|spe|1\n|\n|upkeep\n|\n|t:|1771256863\n|switch|p1b: Typhlosion|Typhlosion, L79, F|253/253\n|turn|11\n|\n|t:|1771256884\n|move|p1b: Typhlosion|Eruption|p2b: Chandelure|[spread] p2a\n|-start|p2b: Chandelure|ability: Flash Fire\n|-crit|p2a: Porygon-Z\n|-damage|p2a: Porygon-Z|0 fnt\n|faint|p2a: Porygon-Z\n|move|p2b: Chandelure|Shadow Ball|p1b: Typhlosion\n|-damage|p1b: Typhlosion|133/253\n|move|p1a: Vaporeon|Scald|p2b: Chandelure\n|-supereffective|p2b: Chandelure\n|-damage|p2b: Chandelure|0 fnt\n|faint|p2b: Chandelure\n|\n|upkeep\n|\n|t:|1771256895\n|switch|p2b: Plusle|Plusle, L92, F|260/260\n|turn|12\n|\n|t:|1771256903\n|switch|p1b: Magearna|Magearna, L71|231/231\n|move|p2b: Plusle|Thunderbolt|p1a: Vaporeon\n|-damage|p1a: Vaporeon|92/356\n|-damage|p2b: Plusle|234/260|[from] item: Life Orb\n|move|p1a: Vaporeon|Yawn|p2b: Plusle\n|-start|p2b: Plusle|move: Yawn|[of] p1a: Vaporeon\n|\n|upkeep\n|turn|13\n|\n|t:|1771256921\n|move|p1a: Vaporeon|Protect|p1a: Vaporeon\n|-singleturn|p1a: Vaporeon|Protect\n|move|p2b: Plusle|Thunderbolt|p1a: Vaporeon\n|-activate|p1a: Vaporeon|move: Protect\n|move|p1b: Magearna|Flash Cannon|p2b: Plusle\n|-resisted|p2b: Plusle\n|-damage|p2b: Plusle|197/260\n|\n|-end|p2b: Plusle|move: Yawn|[silent]\n|-status|p2b: Plusle|slp\n|upkeep\n|turn|14\n|\n|t:|1771256935\n|cant|p2b: Plusle|slp\n|move|p1a: Vaporeon|Scald|p2b: Plusle\n|-damage|p2b: Plusle|95/260 slp\n|move|p1b: Magearna|Fleur Cannon|p2b: Plusle\n|-damage|p2b: Plusle|0 fnt\n|-unboost|p1b: Magearna|spa|2\n|faint|p2b: Plusle\n|\n|win|Braydawg101\n|raw|Braydawg101's rating: 1586 &rarr; <strong>1605</strong><br />(+19 for winning)\n|raw|EHanSolo's rating: 1564 &rarr; <strong>1545</strong><br />(-19 for losing)\n|l|☆EHanSolo\n|player|p2|\n", "inputlog": ">version 686819e5e19f8a7fd2345cfc5a08a5085efa2cc3\n>start {\"formatid\":\"gen9randomdoublesbattle\",\"seed\":\"sodium,1bba4836273a0470fdd13566bcf99a7f\",\"rated\":\"Rated battle\"}\n>player p1 {\"name\":\"Braydawg101\",\"avatar\":\"1\",\"rating\":1586,\"seed\":\"sodium,66453debc275e47c44d2e2ebc0a8069d\"}\n>player p2 {\"name\":\"EHanSolo\",\"avatar\":\"alder\",\"rating\":1564,\"seed\":\"sodium,bcc3563d5174a8d373cadacf9d74cccd\"}\n>p1 move superpower +2, move scald +1\n>p2 switch 4, move thunderwave +1\n>p1 move superpower +2, move icywind terastallize\n>p2 move airslash +1, move hypervoice\n>p1 move protect, move icywind\n>p2 move tailwind, move lifedew\n>p2 switch 6, pass\n>p1 move superpower +2, move protect\n>p2 move highhorsepower +2, move hypervoice\n>p2 pass, switch 3\n>p1 move protect, switch 5\n>p2 move highhorsepower +2, move triattack +1\n>p1 move superpower +2, move tailwind\n>p2 move icywind, move triattack +2\n>p1 switch 3, pass\n>p1 move protect, move surf\n>p2 move muddywater, move triattack +1\n>p1 move suckerpunch +1, move bravebird +1\n>p2 move muddywater, move triattack +1\n>p1 switch 6, pass\n>p1 switch 5, move surf\n>p2 move muddywater, switch 4\n>p2 switch 4, pass\n>p1 move icywind, move surf\n>p2 move swift, move shadowball +1\n>p1 pass, switch 5\n>p1 move scald +2, move eruption\n>p2 move swift, move shadowball +2\n>p2 pass, switch 5\n>p1 move yawn +2, switch 4\n>p2 pass, move thunderbolt +1\n>p1 move protect, move flashcannon +2\n>p2 pass, move thunderbolt +1\n>p1 move scald +2, move fleurcannon +2\n>p2 pass, move thunderbolt +1", "uploadtime": 1771256954, "views": 11, "formatid": "gen9randomdoublesbattle", "rating": 1545, "private": 0, "password": null}