{"id": "gen9randomdoublesbattle-2537094826", "format": "[Gen 9] Random Doubles Battle", "players": ["hongbin1", "LetherOCE"], "log": "|j|☆hongbin1\n|j|☆LetherOCE\n|t:|1770765235\n|gametype|doubles\n|player|p1|hongbin1|265|1893\n|player|p2|LetherOCE|steven|1840\n|gen|9\n|tier|[Gen 9] Random Doubles Battle\n|rated|\n|rule|Species Clause: Limit one of each Pokémon\n|rule|HP Percentage Mod: HP is shown in percentages\n|rule|Illusion Level Mod: Illusion disguises the Pokémon's true level\n|rule|Sleep Clause Mod: Limit one foe put to sleep\n|\n|t:|1770765235\n|teamsize|p1|6\n|teamsize|p2|6\n|start\n|switch|p1a: Glaceon|Glaceon, L86, M|252/252\n|switch|p1b: Keldeo|Keldeo-Resolute, L78|270/270\n|switch|p2a: Crawdaunt|Crawdaunt, L87, F|251/251\n|switch|p2b: Poliwrath|Poliwrath, L90, F|308/308\n|turn|1\n|\n|t:|1770765279\n|switch|p2a: Mewtwo|Mewtwo, L73|275/275\n|-ability|p2a: Mewtwo|Unnerve\n|move|p1b: Keldeo|Secret Sword|p2b: Poliwrath\n|-damage|p2b: Poliwrath|201/308\n|-damage|p1b: Keldeo|243/270|[from] item: Life Orb\n|move|p2b: Poliwrath|Close Combat|p1a: Glaceon\n|-supereffective|p1a: Glaceon\n|-damage|p1a: Glaceon|6/252\n|-unboost|p2b: Poliwrath|def|1\n|-unboost|p2b: Poliwrath|spd|1\n|move|p1a: Glaceon|Blizzard|p2a: Mewtwo|[spread] p2b\n|-miss|p1a: Glaceon|p2a: Mewtwo\n|-enditem|p1a: Glaceon|Blunder Policy\n|-boost|p1a: Glaceon|spe|2\n|-resisted|p2b: Poliwrath\n|-damage|p2b: Poliwrath|123/308\n|-enditem|p2b: Poliwrath|Sitrus Berry|[eat]\n|-heal|p2b: Poliwrath|200/308|[from] item: Sitrus Berry\n|\n|upkeep\n|turn|2\n|\n|t:|1770765316\n|switch|p1b: Calyrex|Calyrex, L94|340/340\n|-ability|p1b: Calyrex|Unnerve\n|move|p1a: Glaceon|Blizzard|p2b: Poliwrath|[spread] p2b\n|-miss|p1a: Glaceon|p2a: Mewtwo\n|-resisted|p2b: Poliwrath\n|-damage|p2b: Poliwrath|122/308\n|-status|p2b: Poliwrath|frz\n|move|p2a: Mewtwo|Psystrike|p1b: Calyrex\n|-resisted|p1b: Calyrex\n|-damage|p1b: Calyrex|282/340\n|cant|p2b: Poliwrath|frz\n|\n|upkeep\n|turn|3\n|\n|t:|1770765337\n|move|p1a: Glaceon|Blizzard|p2a: Mewtwo|[spread] p2b\n|-miss|p1a: Glaceon|p2a: Mewtwo\n|-resisted|p2b: Poliwrath\n|-damage|p2b: Poliwrath|46/308 frz\n|move|p2a: Mewtwo|Aura Sphere|p1a: Glaceon\n|-supereffective|p1a: Glaceon\n|-damage|p1a: Glaceon|0 fnt\n|faint|p1a: Glaceon\n|move|p1b: Calyrex|Giga Drain|p2a: Mewtwo\n|-damage|p2a: Mewtwo|185/275\n|-heal|p1b: Calyrex|327/340|[from] drain|[of] p2a: Mewtwo\n|cant|p2b: Poliwrath|frz\n|\n|-heal|p2a: Mewtwo|202/275|[from] item: Leftovers\n|upkeep\n|inactive|Battle timer is ON: inactive players will automatically lose when time's up. (requested by hongbin1)\n|\n|t:|1770765347\n|switch|p1a: Bellibolt|Bellibolt, L81, F|309/309\n|turn|4\n|\n|t:|1770765367\n|move|p2a: Mewtwo|Nasty Plot|p2a: Mewtwo\n|-boost|p2a: Mewtwo|spa|2\n|move|p1b: Calyrex|Giga Drain|p2a: Mewtwo\n|-damage|p2a: Mewtwo|102/275\n|-heal|p1b: Calyrex|340/340|[from] drain|[of] p2a: Mewtwo\n|cant|p2b: Poliwrath|frz\n|move|p1a: Bellibolt|Thunderbolt|p2a: Mewtwo\n|-damage|p2a: Mewtwo|0 fnt\n|faint|p2a: Mewtwo\n|\n|upkeep\n|inactive|LetherOCE has 120 seconds left.\n|\n|t:|1770765389\n|switch|p2a: Cyclizar|Cyclizar, L87, F|264/264\n|turn|5\n|\n|t:|1770765400\n|move|p2a: Cyclizar|Knock Off|p1b: Calyrex\n|-supereffective|p1b: Calyrex\n|-damage|p1b: Calyrex|166/340\n|-enditem|p1b: Calyrex|Sitrus Berry|[from] move: Knock Off|[of] p2a: Cyclizar\n|-damage|p2a: Cyclizar|238/264|[from] item: Life Orb\n|move|p1b: Calyrex|Giga Drain|p2a: Cyclizar\n|-resisted|p2a: Cyclizar\n|-damage|p2a: Cyclizar|190/264\n|-heal|p1b: Calyrex|190/340|[from] drain|[of] p2a: Cyclizar\n|cant|p2b: Poliwrath|frz\n|move|p1a: Bellibolt|Thunderbolt|p2a: Cyclizar\n|-resisted|p2a: Cyclizar\n|-damage|p2a: Cyclizar|138/264\n|\n|upkeep\n|turn|6\n|\n|t:|1770765430\n|move|p2a: Cyclizar|Shed Tail|p2a: Cyclizar\n|-start|p2a: Cyclizar|Substitute|[from] move: Shed Tail\n|-damage|p2a: Cyclizar|6/264\n|\n|t:|1770765435\n|switch|p2a: Glimmora|Glimmora, L77, F|254/254|[from] Shed Tail\n|move|p1b: Calyrex|Psychic|p2a: Glimmora\n|-supereffective|p2a: Glimmora\n|-end|p2a: Glimmora|Substitute\n|cant|p2b: Poliwrath|frz\n|move|p1a: Bellibolt|Thunderbolt|p2a: Glimmora\n|-damage|p2a: Glimmora|140/254\n|\n|upkeep\n|turn|7\n|\n|t:|1770765454\n|switch|p1a: Sawsbuck|Sawsbuck-Autumn, L91, M|293/293\n|move|p2a: Glimmora|Spiky Shield|p2a: Glimmora\n|-singleturn|p2a: Glimmora|move: Protect\n|move|p1b: Calyrex|Psychic|p2a: Glimmora\n|-activate|p2a: Glimmora|move: Protect\n|cant|p2b: Poliwrath|frz\n|\n|upkeep\n|turn|8\n|\n|t:|1770765472\n|switch|p2a: Skuntank|Skuntank, L85, M|314/314\n|move|p1a: Sawsbuck|Swords Dance|p1a: Sawsbuck\n|-boost|p1a: Sawsbuck|atk|2\n|move|p1b: Calyrex|Psychic|p2a: Skuntank\n|-immune|p2a: Skuntank\n|cant|p2b: Poliwrath|frz\n|\n|upkeep\n|turn|9\n|\n|t:|1770765501\n|move|p2a: Skuntank|Protect|p2a: Skuntank\n|-singleturn|p2a: Skuntank|Protect\n|move|p1a: Sawsbuck|High Horsepower|p2a: Skuntank\n|-activate|p2a: Skuntank|move: Protect\n|move|p1b: Calyrex|Leech Seed|p1a: Sawsbuck\n|-ability|p1a: Sawsbuck|Sap Sipper|boost\n|-boost|p1a: Sawsbuck|atk|1\n|cant|p2b: Poliwrath|frz\n|\n|upkeep\n|turn|10\n|\n|t:|1770765523\n|-terastallize|p2a: Skuntank|Dark\n|move|p1a: Sawsbuck|High Horsepower|p2a: Skuntank|[miss]\n|-miss|p1a: Sawsbuck|p2a: Skuntank\n|move|p1b: Calyrex|Encore|p2a: Skuntank\n|-start|p2a: Skuntank|Encore\n|move|p2a: Skuntank|Protect||[still]\n|-fail|p2a: Skuntank\n|cant|p2b: Poliwrath|frz\n|\n|upkeep\n|turn|11\n|\n|t:|1770765537\n|move|p2a: Skuntank|Protect|p2a: Skuntank\n|-singleturn|p2a: Skuntank|Protect\n|move|p1a: Sawsbuck|Swords Dance|p1a: Sawsbuck\n|-boost|p1a: Sawsbuck|atk|2\n|move|p1b: Calyrex|Leech Seed|p1a: Sawsbuck\n|-ability|p1a: Sawsbuck|Sap Sipper|boost\n|-boost|p1a: Sawsbuck|atk|1\n|cant|p2b: Poliwrath|frz\n|\n|upkeep\n|turn|12\n|\n|t:|1770765553\n|switch|p2a: Cyclizar|Cyclizar, L87, F|94/264\n|move|p1a: Sawsbuck|Horn Leech|p2a: Cyclizar\n|-resisted|p2a: Cyclizar\n|-damage|p2a: Cyclizar|0 fnt\n|faint|p2a: Cyclizar\n|-damage|p1a: Sawsbuck|264/293|[from] item: Life Orb\n|move|p1b: Calyrex|Encore|p2b: Poliwrath\n|-start|p2b: Poliwrath|Encore\n|cant|p2b: Poliwrath|frz\n|\n|upkeep\n|-message|LetherOCE forfeited.\n|\n|win|hongbin1\n|raw|hongbin1's rating: 1893 &rarr; <strong>1910</strong><br />(+17 for winning)\n|raw|LetherOCE's rating: 1840 &rarr; <strong>1823</strong><br />(-17 for losing)\n|l|☆LetherOCE\n|player|p2|\n", "inputlog": ">version ccdc32dd7cde25fd9e4bed64820e885f66e78a4e\n>start {\"formatid\":\"gen9randomdoublesbattle\",\"seed\":\"sodium,9278b8d8ea82a60fb8a67a315b9a42cb\",\"rated\":\"Rated battle\"}\n>player p1 {\"name\":\"hongbin1\",\"avatar\":\"265\",\"rating\":1893,\"seed\":\"sodium,c86ac90479785a8b3765499d5eabdf56\"}\n>player p2 {\"name\":\"LetherOCE\",\"avatar\":\"steven\",\"rating\":1840,\"seed\":\"sodium,b7f2436ea35ca98e233fad86d8d4d05a\"}\n>p1 move blizzard, move secretsword +2\n>p2 switch 3, move closecombat +1\n>p1 move blizzard, switch 6\n>p2 move psystrike +2, move liquidation +1\n>p1 move blizzard, move gigadrain +1\n>p2 move aurasphere +1, move knockoff +2\n>p1 switch 3, pass\n>p1 move thunderbolt +1, move gigadrain +1\n>p2 move nastyplot, move knockoff +2\n>p2 switch 4, pass\n>p1 move thunderbolt +1, move gigadrain +1\n>p2 move knockoff +2, move knockoff +2\n>p1 move thunderbolt +1, move psychic +1\n>p2 move shedtail, move knockoff +2\n>p2 switch 5, pass\n>p1 switch 4, move psychic +1\n>p2 move spikyshield, move knockoff +2\n>p1 move swordsdance, move psychic +1\n>p2 switch 6, move closecombat +1\n>p1 move highhorsepower +1, move leechseed -1\n>p2 move protect, move closecombat +1\n>p1 move highhorsepower +1, move encore +1\n>p2 move gunkshot +1 terastallize, move closecombat +1\n>p1 move swordsdance, move leechseed -1\n>p2 move protect, move closecombat +1\n>p1 move hornleech +1, move encore +1\n>p2 switch 5, move closecombat +1\n>forcelose p2", "uploadtime": 1770765572, "views": 69, "formatid": "gen9randomdoublesbattle", "rating": 1823, "private": 0, "password": null}