{"id": "gen9randomdoublesbattle-2537542971", "format": "[Gen 9] Random Doubles Battle", "players": ["Kimun_Kamui", "bandsgender"], "log": "|j|☆Kimun_Kamui\n|j|☆bandsgender\n|t:|1770825820\n|gametype|doubles\n|player|p1|Kimun_Kamui|gentleman-gen4dp|1620\n|player|p2|bandsgender|erika|1672\n|gen|9\n|tier|[Gen 9] Random Doubles Battle\n|rated|\n|rule|Species Clause: Limit one of each Pokémon\n|rule|HP Percentage Mod: HP is shown in percentages\n|rule|Illusion Level Mod: Illusion disguises the Pokémon's true level\n|rule|Sleep Clause Mod: Limit one foe put to sleep\n|\n|t:|1770825820\n|teamsize|p1|6\n|teamsize|p2|6\n|start\n|switch|p1a: Kricketune|Kricketune, F|316/316\n|switch|p1b: Uxie|Uxie, L85|266/266\n|switch|p2a: Carbink|Carbink, L88|231/231\n|switch|p2b: Arceus|Arceus-Water, L72|292/292\n|turn|1\n|inactive|Battle timer is ON: inactive players will automatically lose when time's up. (requested by Kimun_Kamui)\n|\n|t:|1770825848\n|move|p2b: Arceus|Swords Dance|p2b: Arceus\n|-boost|p2b: Arceus|atk|2\n|move|p1b: Uxie|Thunder Wave|p2b: Arceus\n|-status|p2b: Arceus|par\n|move|p1a: Kricketune|Taunt|p2a: Carbink\n|-start|p2a: Carbink|move: Taunt\n|cant|p2a: Carbink|move: Taunt|Iron Defense\n|\n|upkeep\n|turn|2\n|\n|t:|1770825874\n|move|p1b: Uxie|Encore|p2b: Arceus\n|-start|p2b: Arceus|Encore\n|move|p1a: Kricketune|Sticky Web|p2b: Arceus\n|-sidestart|p2: bandsgender|move: Sticky Web\n|move|p2b: Arceus|Swords Dance|p2b: Arceus\n|-boost|p2b: Arceus|atk|2\n|move|p2a: Carbink|Moonblast|p1a: Kricketune\n|-damage|p1a: Kricketune|225/316\n|\n|upkeep\n|turn|3\n|\n|t:|1770825897\n|move|p1b: Uxie|Mystical Power|p2b: Arceus|[miss]\n|-miss|p1b: Uxie|p2b: Arceus\n|move|p1a: Kricketune|Bug Bite|p2a: Carbink\n|-resisted|p2a: Carbink\n|-damage|p2a: Carbink|191/231\n|move|p2b: Arceus|Swords Dance|p2b: Arceus\n|-boost|p2b: Arceus|atk|2\n|move|p2a: Carbink|Moonblast|p1a: Kricketune\n|-damage|p1a: Kricketune|135/316\n|-unboost|p1a: Kricketune|spa|1\n|-enditem|p1a: Kricketune|Sitrus Berry|[eat]\n|-heal|p1a: Kricketune|214/316|[from] item: Sitrus Berry\n|\n|-heal|p2a: Carbink|205/231|[from] item: Leftovers\n|-end|p2a: Carbink|move: Taunt\n|upkeep\n|turn|4\n|\n|t:|1770825909\n|switch|p2a: Delibird|Delibird, F|252/252\n|move|p1b: Uxie|Mystical Power|p2b: Arceus\n|-damage|p2b: Arceus|234/292 par\n|-boost|p1b: Uxie|spa|1\n|move|p1a: Kricketune|Knock Off|p2a: Delibird\n|-damage|p2a: Delibird|131/252\n|-enditem|p2a: Delibird|Sitrus Berry|[from] move: Knock Off|[of] p1a: Kricketune\n|move|p2b: Arceus|Swords Dance|p2b: Arceus\n|-boost|p2b: Arceus|atk|0\n|\n|-end|p2b: Arceus|Encore\n|upkeep\n|turn|5\n|\n|t:|1770825934\n|move|p2a: Delibird|Fake Out|p1b: Uxie\n|-damage|p1b: Uxie|247/266\n|cant|p1b: Uxie|flinch\n|move|p1a: Kricketune|Bug Bite|p2b: Arceus\n|-damage|p2b: Arceus|126/292 par\n|move|p2b: Arceus|Liquidation|p1a: Kricketune\n|-damage|p1a: Kricketune|0 fnt\n|faint|p1a: Kricketune\n|\n|upkeep\n|\n|t:|1770825946\n|switch|p1a: Walking Wake|Walking Wake, L78|283/283\n|turn|6\n|\n|t:|1770825964\n|cant|p2b: Arceus|par\n|move|p1a: Walking Wake|Draco Meteor|p2b: Arceus\n|-damage|p2b: Arceus|0 fnt\n|-unboost|p1a: Walking Wake|spa|2\n|faint|p2b: Arceus\n|-damage|p1a: Walking Wake|255/283|[from] item: Life Orb\n|move|p1b: Uxie|Mystical Power|p2a: Delibird\n|-damage|p2a: Delibird|0 fnt\n|-boost|p1b: Uxie|spa|1\n|faint|p2a: Delibird\n|\n|upkeep\n|\n|t:|1770825977\n|switch|p2b: Vikavolt|Vikavolt, L84, M|267/267\n|switch|p2a: Carbink|Carbink, L88|205/231\n|-activate|p2a: Carbink|move: Sticky Web\n|-fail|p2a: Carbink|unboost|[from] ability: Clear Body|[of] p2a: Carbink\n|turn|7\n|\n|t:|1770825999\n|-end|p1a: Walking Wake|Protosynthesis|[silent]\n|switch|p1a: Sandaconda|Sandaconda, L88, F|270/270\n|move|p1b: Uxie|Mystical Power|p2b: Vikavolt\n|-crit|p2b: Vikavolt\n|-damage|p2b: Vikavolt|44/267\n|-boost|p1b: Uxie|spa|1\n|-enditem|p2b: Vikavolt|Sitrus Berry|[eat]\n|-heal|p2b: Vikavolt|110/267|[from] item: Sitrus Berry\n|move|p2b: Vikavolt|Bug Buzz|p1b: Uxie\n|-supereffective|p1b: Uxie\n|-damage|p1b: Uxie|47/266\n|-enditem|p1b: Uxie|Sitrus Berry|[eat]\n|-heal|p1b: Uxie|113/266|[from] item: Sitrus Berry\n|move|p2a: Carbink|Trick Room|p2a: Carbink\n|-fieldstart|move: Trick Room|[of] p2a: Carbink\n|\n|-heal|p2a: Carbink|219/231|[from] item: Leftovers\n|upkeep\n|turn|8\n|\n|t:|1770826027\n|move|p2a: Carbink|Iron Defense|p2a: Carbink\n|-boost|p2a: Carbink|def|2\n|move|p2b: Vikavolt|Bug Buzz|p1b: Uxie\n|-supereffective|p1b: Uxie\n|-damage|p1b: Uxie|0 fnt\n|faint|p1b: Uxie\n|move|p1a: Sandaconda|Coil|p1a: Sandaconda\n|-boost|p1a: Sandaconda|atk|1\n|-boost|p1a: Sandaconda|def|1\n|-boost|p1a: Sandaconda|accuracy|1\n|\n|-heal|p2a: Carbink|231/231|[from] item: Leftovers\n|upkeep\n|\n|t:|1770826038\n|switch|p1b: Walking Wake|Walking Wake, L78|255/283\n|turn|9\n|inactive|bandsgender has 120 seconds left.\n|\n|t:|1770826077\n|-terastallize|p2a: Carbink|Fighting\n|move|p1b: Walking Wake|Protect|p1b: Walking Wake\n|-singleturn|p1b: Walking Wake|Protect\n|move|p2a: Carbink|Body Press|p1b: Walking Wake\n|-activate|p1b: Walking Wake|move: Protect\n|move|p2b: Vikavolt|Sticky Web|p1b: Walking Wake\n|-sidestart|p1: Kimun_Kamui|move: Sticky Web\n|move|p1a: Sandaconda|Stone Edge|p2b: Vikavolt\n|-supereffective|p2b: Vikavolt\n|-damage|p2b: Vikavolt|0 fnt\n|faint|p2b: Vikavolt\n|\n|upkeep\n|\n|t:|1770826095\n|switch|p2b: Ceruledge|Ceruledge, L80, M|251/251\n|-activate|p2b: Ceruledge|move: Sticky Web\n|-unboost|p2b: Ceruledge|spe|1\n|turn|10\n|inactive|bandsgender has 120 seconds left.\n|\n|t:|1770826117\n|move|p2a: Carbink|Body Press|p1b: Walking Wake\n|-damage|p1b: Walking Wake|0 fnt\n|faint|p1b: Walking Wake\n|-end|p1b: Walking Wake|Protosynthesis|[silent]\n|move|p2b: Ceruledge|Poltergeist|p1a: Sandaconda\n|-activate|p1a: Sandaconda|move: Poltergeist|Leftovers\n|-damage|p1a: Sandaconda|180/270\n|-damage|p2b: Ceruledge|226/251|[from] item: Life Orb\n|move|p1a: Sandaconda|Coil|p1a: Sandaconda\n|-boost|p1a: Sandaconda|atk|1\n|-boost|p1a: Sandaconda|def|1\n|-boost|p1a: Sandaconda|accuracy|1\n|\n|-heal|p1a: Sandaconda|196/270|[from] item: Leftovers\n|upkeep\n|\n|t:|1770826135\n|switch|p1b: Zangoose|Zangoose, L87, M|269/269\n|-activate|p1b: Zangoose|move: Sticky Web\n|-unboost|p1b: Zangoose|spe|1\n|turn|11\n|inactive|bandsgender has 120 seconds left.\n|\n|t:|1770826168\n|switch|p2b: Gengar|Gengar, L84, F|238/238\n|-activate|p2b: Gengar|move: Sticky Web\n|-unboost|p2b: Gengar|spe|1\n|move|p1b: Zangoose|Protect|p1b: Zangoose\n|-singleturn|p1b: Zangoose|Protect\n|move|p2a: Carbink|Iron Defense|p2a: Carbink\n|-boost|p2a: Carbink|def|2\n|move|p1a: Sandaconda|Coil|p1a: Sandaconda\n|-boost|p1a: Sandaconda|atk|1\n|-boost|p1a: Sandaconda|def|1\n|-boost|p1a: Sandaconda|accuracy|1\n|\n|-heal|p1a: Sandaconda|212/270|[from] item: Leftovers\n|-fieldend|move: Trick Room\n|-status|p1b: Zangoose|tox|[from] item: Toxic Orb\n|upkeep\n|turn|12\n|inactive|bandsgender has 120 seconds left.\n|\n|t:|1770826196\n|move|p2b: Gengar|Protect|p2b: Gengar\n|-singleturn|p2b: Gengar|Protect\n|move|p1a: Sandaconda|High Horsepower|p2b: Gengar\n|-activate|p2b: Gengar|move: Protect\n|move|p1b: Zangoose|Knock Off|p2a: Carbink\n|-resisted|p2a: Carbink\n|-damage|p2a: Carbink|218/231\n|-enditem|p2a: Carbink|Leftovers|[from] move: Knock Off|[of] p1b: Zangoose\n|move|p2a: Carbink|Trick Room|p2a: Carbink\n|-fieldstart|move: Trick Room|[of] p2a: Carbink\n|\n|-heal|p1a: Sandaconda|228/270|[from] item: Leftovers\n|-damage|p1b: Zangoose|253/269 tox|[from] psn\n|upkeep\n|turn|13\n|inactive|Kimun_Kamui has 120 seconds left.\n|\n|t:|1770826229\n|move|p1b: Zangoose|Protect|p1b: Zangoose\n|-singleturn|p1b: Zangoose|Protect\n|move|p2a: Carbink|Body Press|p1b: Zangoose\n|-activate|p1b: Zangoose|move: Protect\n|move|p2b: Gengar|Shadow Ball|p1a: Sandaconda\n|-damage|p1a: Sandaconda|59/270\n|-damage|p2b: Gengar|215/238|[from] item: Life Orb\n|move|p1a: Sandaconda|Coil|p1a: Sandaconda\n|-boost|p1a: Sandaconda|atk|1\n|-boost|p1a: Sandaconda|def|1\n|-boost|p1a: Sandaconda|accuracy|1\n|\n|-heal|p1a: Sandaconda|75/270|[from] item: Leftovers\n|-damage|p1b: Zangoose|221/269 tox|[from] psn\n|upkeep\n|turn|14\n|-message|Kimun_Kamui forfeited.\n|\n|win|bandsgender\n|raw|Kimun_Kamui's rating: 1620 &rarr; <strong>1603</strong><br />(-17 for losing)\n|raw|bandsgender's rating: 1672 &rarr; <strong>1689</strong><br />(+17 for winning)\n|l|☆Kimun_Kamui\n|player|p1|\n", "inputlog": ">version ccdc32dd7cde25fd9e4bed64820e885f66e78a4e\n>start {\"formatid\":\"gen9randomdoublesbattle\",\"seed\":\"sodium,cff015b76fd4cb5543b36435079a7372\",\"rated\":\"Rated battle\"}\n>player p1 {\"name\":\"Kimun_Kamui\",\"avatar\":\"gentleman-gen4dp\",\"rating\":1620,\"seed\":\"sodium,106b9be47096919e808c17696e452ba0\"}\n>player p2 {\"name\":\"bandsgender\",\"avatar\":\"erika\",\"rating\":1672,\"seed\":\"sodium,5c031a8c847b364dd23097e9cdbb9dad\"}\n>p1 move taunt +1, move thunderwave +2\n>p2 move irondefense, move swordsdance\n>p1 move stickyweb, move encore +2\n>p2 move moonblast +1, move swordsdance\n>p1 move bugbite +1, move mysticalpower +2\n>p2 move moonblast +1, move swordsdance\n>p1 move knockoff +1, move mysticalpower +2\n>p2 switch 3, move swordsdance\n>p1 move bugbite +2, move mysticalpower +2\n>p2 move fakeout +2, move liquidation +1\n>p1 switch 5, pass\n>p1 move dracometeor +2, move mysticalpower +2\n>p2 move tailwind, move extremespeed +1\n>p2 switch 3, switch 4\n>p1 switch 6, move mysticalpower +2\n>p2 move trickroom, move bugbuzz +2\n>p1 move coil, move encore +1\n>p2 move irondefense, move bugbuzz +2\n>p1 pass, switch 6\n>p1 move stoneedge +2, move protect\n>p2 move bodypress +2 terastallize, move stickyweb\n>p2 pass, switch 6\n>p1 move coil, move hydropump +2\n>p2 move bodypress +2, move poltergeist +1\n>p1 pass, switch 4\n>p1 move coil, move protect\n>p2 move irondefense, switch 5\n>p1 move highhorsepower +2, move knockoff +1\n>p2 move trickroom, move protect\n>p1 move coil, move protect\n>p2 move bodypress +2, move shadowball +1\n>forcelose p1", "uploadtime": 1770826260, "views": 65, "formatid": "gen9randomdoublesbattle", "rating": 1603, "private": 0, "password": null}