{"id": "gen9randomdoublesbattle-2537192875", "format": "[Gen 9] Random Doubles Battle", "players": ["Pdizzla", "Not_A_Troll68"], "log": "|j|☆Pdizzla\n|j|☆Not_A_Troll68\n|t:|1770777062\n|gametype|doubles\n|player|p1|Pdizzla|ruinmaniac|1703\n|player|p2|Not_A_Troll68|lucas|1642\n|gen|9\n|tier|[Gen 9] Random Doubles Battle\n|rated|\n|rule|Species Clause: Limit one of each Pokémon\n|rule|HP Percentage Mod: HP is shown in percentages\n|rule|Illusion Level Mod: Illusion disguises the Pokémon's true level\n|rule|Sleep Clause Mod: Limit one foe put to sleep\n|\n|t:|1770777062\n|teamsize|p1|6\n|teamsize|p2|6\n|start\n|switch|p1a: Gumshoos|Gumshoos, L93, F|315/315\n|switch|p1b: Overqwil|Overqwil, L82, M|274/274\n|switch|p2a: Blissey|Blissey, L96, F|645/645\n|switch|p2b: Quagsire|Quagsire, L91, F|321/321\n|-ability|p1b: Overqwil|Intimidate|boost\n|-unboost|p2a: Blissey|atk|1\n|-unboost|p2b: Quagsire|atk|1\n|turn|1\n|inactive|Battle timer is ON: inactive players will automatically lose when time's up. (requested by Not_A_Troll68)\n|inactive|Pdizzla also wants the timer to be on.\n|\n|t:|1770777086\n|switch|p2a: Dipplin|Dipplin, L92, F|297/297\n|move|p1b: Overqwil|Swords Dance|p1b: Overqwil\n|-boost|p1b: Overqwil|atk|2\n|move|p1a: Gumshoos|Knock Off|p2a: Dipplin\n|-damage|p2a: Dipplin|219/297\n|-activate|p2a: Dipplin|ability: Sticky Hold\n|move|p2b: Quagsire|High Horsepower|p1b: Overqwil\n|-supereffective|p1b: Overqwil\n|-damage|p1b: Overqwil|146/274\n|\n|upkeep\n|turn|2\n|inactive|Not_A_Troll68 has 120 seconds left.\n|\n|t:|1770777119\n|-terastallize|p2a: Dipplin|Steel\n|move|p1b: Overqwil|Gunk Shot|p2a: Dipplin\n|-immune|p2a: Dipplin\n|move|p1a: Gumshoos|Knock Off|p2b: Quagsire\n|-damage|p2b: Quagsire|191/321\n|-enditem|p2b: Quagsire|Sitrus Berry|[from] move: Knock Off|[of] p1a: Gumshoos\n|move|p2a: Dipplin|Syrup Bomb|p1b: Overqwil\n|-resisted|p1b: Overqwil\n|-damage|p1b: Overqwil|101/274\n|-start|p1b: Overqwil|Syrup Bomb\n|move|p2b: Quagsire|Icy Wind|p1a: Gumshoos|[spread] p1a,p1b\n|-damage|p1a: Gumshoos|286/315\n|-damage|p1b: Overqwil|67/274\n|-unboost|p1a: Gumshoos|spe|1\n|-unboost|p1b: Overqwil|spe|1\n|\n|-unboost|p1b: Overqwil|spe|1\n|upkeep\n|turn|3\n|inactive|Not_A_Troll68 has 120 seconds left.\n|inactive|Pdizzla has 120 seconds left.\n|\n|t:|1770777156\n|switch|p2b: Infernape|Infernape, L82, F|259/259\n|switch|p1a: Toxapex|Toxapex, L92, F|241/241\n|move|p2a: Dipplin|Dragon Pulse|p1b: Overqwil\n|-crit|p1b: Overqwil\n|-damage|p1b: Overqwil|0 fnt\n|faint|p1b: Overqwil\n|\n|upkeep\n|\n|t:|1770777185\n|switch|p1b: Gumshoos|Gumshoos, L93, F|286/315\n|turn|4\n|\n|t:|1770777202\n|move|p2b: Infernape|Knock Off|p1b: Gumshoos\n|-damage|p1b: Gumshoos|209/315\n|-enditem|p1b: Gumshoos|Choice Band|[from] move: Knock Off|[of] p2b: Infernape\n|move|p1b: Gumshoos|Stomping Tantrum|p2a: Dipplin\n|-supereffective|p2a: Dipplin\n|-damage|p2a: Dipplin|147/297\n|move|p2a: Dipplin|Syrup Bomb|p1a: Toxapex\n|-damage|p1a: Toxapex|195/241\n|-start|p1a: Toxapex|Syrup Bomb\n|move|p1a: Toxapex|Infestation|p2b: Infernape\n|-resisted|p2b: Infernape\n|-damage|p2b: Infernape|256/259\n|-activate|p2b: Infernape|move: Infestation|[of] p1a: Toxapex\n|\n|-heal|p1a: Toxapex|210/241|[from] item: Leftovers\n|-damage|p2b: Infernape|224/259|[from] move: Infestation|[partiallytrapped]\n|-unboost|p1a: Toxapex|spe|1\n|upkeep\n|turn|5\n|inactive|Pdizzla has 120 seconds left.\n|\n|t:|1770777239\n|move|p2b: Infernape|Knock Off|p1a: Toxapex\n|-damage|p1a: Toxapex|168/241\n|-enditem|p1a: Toxapex|Leftovers|[from] move: Knock Off|[of] p2b: Infernape\n|move|p1b: Gumshoos|Stomping Tantrum|p2a: Dipplin\n|-supereffective|p2a: Dipplin\n|-damage|p2a: Dipplin|69/297\n|move|p2a: Dipplin|Recover|p2a: Dipplin\n|-heal|p2a: Dipplin|218/297\n|move|p1a: Toxapex|Infestation|p2a: Dipplin\n|-resisted|p2a: Dipplin\n|-damage|p2a: Dipplin|214/297\n|-activate|p2a: Dipplin|move: Infestation|[of] p1a: Toxapex\n|\n|-damage|p2b: Infernape|192/259|[from] move: Infestation|[partiallytrapped]\n|-damage|p2a: Dipplin|177/297|[from] move: Infestation|[partiallytrapped]\n|-unboost|p1a: Toxapex|spe|1\n|upkeep\n|turn|6\n|inactive|Pdizzla has 120 seconds left.\n|\n|t:|1770777264\n|move|p2b: Infernape|Close Combat|p1b: Gumshoos\n|-supereffective|p1b: Gumshoos\n|-damage|p1b: Gumshoos|0 fnt\n|-unboost|p2b: Infernape|def|1\n|-unboost|p2b: Infernape|spd|1\n|faint|p1b: Gumshoos\n|move|p2a: Dipplin|Dragon Pulse|p1a: Toxapex\n|-damage|p1a: Toxapex|98/241\n|move|p1a: Toxapex|Toxic|p2b: Infernape\n|-status|p2b: Infernape|tox\n|\n|-damage|p2b: Infernape|176/259 tox|[from] psn\n|-damage|p2b: Infernape|144/259 tox|[from] move: Infestation|[partiallytrapped]\n|-damage|p2a: Dipplin|140/297|[from] move: Infestation|[partiallytrapped]\n|-unboost|p1a: Toxapex|spe|1\n|upkeep\n|inactive|Pdizzla has 90 seconds left.\n|\n|t:|1770777285\n|switch|p1b: Flutter Mane|Flutter Mane, L73|201/201\n|turn|7\n|\n|t:|1770777298\n|move|p1b: Flutter Mane|Dazzling Gleam|p2a: Dipplin|[spread] p2a,p2b\n|-resisted|p2a: Dipplin\n|-damage|p2a: Dipplin|109/297\n|-damage|p2b: Infernape|0 fnt\n|faint|p2b: Infernape\n|move|p2a: Dipplin|Recover|p2a: Dipplin\n|-heal|p2a: Dipplin|258/297\n|move|p1a: Toxapex|Recover|p1a: Toxapex\n|-heal|p1a: Toxapex|219/241\n|\n|-damage|p2a: Dipplin|221/297|[from] move: Infestation|[partiallytrapped]\n|-end|p1a: Toxapex|Syrup Bomb|[silent]\n|upkeep\n|\n|t:|1770777310\n|switch|p2b: Blissey|Blissey, L96, F|645/645\n|turn|8\n|\n|t:|1770777330\n|-end|p1b: Flutter Mane|Protosynthesis|[silent]\n|switch|p1b: Zarude|Zarude-Dada, L80|299/299\n|move|p2b: Blissey|Thunder Wave|p1b: Zarude\n|-status|p1b: Zarude|par\n|move|p2a: Dipplin|Syrup Bomb|p1b: Zarude\n|-resisted|p1b: Zarude\n|-damage|p1b: Zarude|260/299 par\n|-start|p1b: Zarude|Syrup Bomb\n|move|p1a: Toxapex|Toxic|p2b: Blissey\n|-status|p2b: Blissey|tox\n|\n|-damage|p2b: Blissey|605/645 tox|[from] psn\n|-damage|p2a: Dipplin|184/297|[from] move: Infestation|[partiallytrapped]\n|-unboost|p1b: Zarude|spe|1\n|upkeep\n|turn|9\n|\n|t:|1770777360\n|switch|p2b: Swanna|Swanna, L87, M|272/272\n|move|p1b: Zarude|Protect|p1b: Zarude\n|-singleturn|p1b: Zarude|Protect\n|move|p2a: Dipplin|Pollen Puff|p1b: Zarude\n|-activate|p1b: Zarude|move: Protect\n|move|p1a: Toxapex|Infestation|p2b: Swanna\n|-resisted|p2b: Swanna\n|-damage|p2b: Swanna|265/272\n|-activate|p2b: Swanna|move: Infestation|[of] p1a: Toxapex\n|\n|-damage|p2b: Swanna|231/272|[from] move: Infestation|[partiallytrapped]\n|-end|p2a: Dipplin|Infestation|[partiallytrapped]\n|-unboost|p1b: Zarude|spe|1\n|upkeep\n|turn|10\n|\n|t:|1770777388\n|-terastallize|p1b: Zarude|Poison\n|move|p2b: Swanna|Brave Bird|p1b: Zarude\n|-damage|p1b: Zarude|143/299 par\n|-damage|p2b: Swanna|192/272|[from] Recoil\n|move|p2a: Dipplin|Pollen Puff|p1b: Zarude\n|-resisted|p1b: Zarude\n|-damage|p1b: Zarude|105/299 par\n|cant|p1b: Zarude|par\n|move|p1a: Toxapex|Toxic|p2b: Swanna\n|-status|p2b: Swanna|tox\n|\n|-damage|p2b: Swanna|175/272 tox|[from] psn\n|-damage|p2b: Swanna|141/272 tox|[from] move: Infestation|[partiallytrapped]\n|-unboost|p1b: Zarude|spe|1\n|upkeep\n|turn|11\n|\n|t:|1770777412\n|move|p2b: Swanna|Tailwind|p2b: Swanna\n|-sidestart|p2: Not_A_Troll68|move: Tailwind\n|move|p2a: Dipplin|Recover|p2a: Dipplin\n|-heal|p2a: Dipplin|297/297\n|move|p1a: Toxapex|Infestation|p2a: Dipplin\n|-resisted|p2a: Dipplin\n|-damage|p2a: Dipplin|294/297\n|-activate|p2a: Dipplin|move: Infestation|[of] p1a: Toxapex\n|move|p1b: Zarude|Jungle Healing|p1b: Zarude|[spread] p1a,p1b\n|-heal|p1a: Toxapex|241/241\n|-heal|p1b: Zarude|180/299 par\n|-curestatus|p1b: Zarude|par|[msg]\n|\n|-damage|p2b: Swanna|107/272 tox|[from] psn\n|-damage|p2b: Swanna|73/272 tox|[from] move: Infestation|[partiallytrapped]\n|-damage|p2a: Dipplin|257/297|[from] move: Infestation|[partiallytrapped]\n|-end|p1b: Zarude|Syrup Bomb|[silent]\n|upkeep\n|-enditem|p2b: Swanna|Sitrus Berry|[eat]\n|-heal|p2b: Swanna|141/272 tox|[from] item: Sitrus Berry\n|turn|12\n|\n|t:|1770777433\n|move|p1b: Zarude|Protect|p1b: Zarude\n|-singleturn|p1b: Zarude|Protect\n|move|p1a: Toxapex|Baneful Bunker|p1a: Toxapex\n|-singleturn|p1a: Toxapex|move: Protect\n|move|p2b: Swanna|Brave Bird|p1b: Zarude\n|-activate|p1b: Zarude|move: Protect\n|move|p2a: Dipplin|Dragon Pulse|p1b: Zarude\n|-activate|p1b: Zarude|move: Protect\n|\n|-damage|p2b: Swanna|90/272 tox|[from] psn\n|-damage|p2b: Swanna|56/272 tox|[from] move: Infestation|[partiallytrapped]\n|-damage|p2a: Dipplin|220/297|[from] move: Infestation|[partiallytrapped]\n|upkeep\n|turn|13\n|\n|t:|1770777454\n|switch|p1b: Armarouge|Armarouge, L80, F|267/267\n|move|p2b: Swanna|Brave Bird|p1b: Armarouge\n|-damage|p1b: Armarouge|144/267\n|-ability|p1b: Armarouge|Weak Armor|boost\n|-unboost|p1b: Armarouge|def|1\n|-boost|p1b: Armarouge|spe|2\n|-damage|p2b: Swanna|15/272 tox|[from] Recoil\n|move|p2a: Dipplin|Syrup Bomb|p1b: Armarouge\n|-resisted|p1b: Armarouge\n|-damage|p1b: Armarouge|106/267\n|-start|p1b: Armarouge|Syrup Bomb\n|move|p1a: Toxapex|Recover||[still]\n|-fail|p1a: Toxapex|heal\n|\n|-damage|p2b: Swanna|0 fnt|[from] psn\n|faint|p2b: Swanna\n|-damage|p2a: Dipplin|183/297|[from] move: Infestation|[partiallytrapped]\n|-unboost|p1b: Armarouge|spe|1\n|upkeep\n|inactive|Not_A_Troll68 has 120 seconds left.\n|\n|t:|1770777495\n|switch|p2b: Necrozma|Necrozma, L80|286/286\n|turn|14\n|\n|t:|1770777519\n|move|p2b: Necrozma|Photon Geyser|p1a: Toxapex\n|-supereffective|p1a: Toxapex\n|-damage|p1a: Toxapex|97/241\n|move|p2a: Dipplin|Recover|p2a: Dipplin\n|-heal|p2a: Dipplin|297/297\n|move|p1b: Armarouge|Heat Wave|p2b: Necrozma|[spread] p2a,p2b\n|-supereffective|p2a: Dipplin\n|-damage|p2a: Dipplin|187/297\n|-damage|p2b: Necrozma|193/286\n|-status|p2a: Dipplin|brn\n|move|p1a: Toxapex|Infestation|p2b: Necrozma\n|-supereffective|p2b: Necrozma\n|-damage|p2b: Necrozma|174/286\n|-activate|p2b: Necrozma|move: Infestation|[of] p1a: Toxapex\n|\n|-heal|p2b: Necrozma|191/286|[from] item: Leftovers\n|-damage|p2a: Dipplin|169/297 brn|[from] brn\n|-damage|p2b: Necrozma|156/286|[from] move: Infestation|[partiallytrapped]\n|-damage|p2a: Dipplin|132/297 brn|[from] move: Infestation|[partiallytrapped]\n|-unboost|p1b: Armarouge|spe|1\n|-sideend|p2: Not_A_Troll68|move: Tailwind\n|upkeep\n|turn|15\n|\n|t:|1770777547\n|switch|p1a: Zarude|Zarude-Dada, L80, tera:Poison|180/299\n|move|p2b: Necrozma|Earth Power|p1b: Armarouge\n|-supereffective|p1b: Armarouge\n|-damage|p1b: Armarouge|0 fnt\n|faint|p1b: Armarouge\n|move|p2a: Dipplin|Recover|p2a: Dipplin\n|-heal|p2a: Dipplin|281/297 brn\n|\n|-heal|p2b: Necrozma|173/286|[from] item: Leftovers\n|-damage|p2a: Dipplin|263/297 brn|[from] brn\n|-end|p2b: Necrozma|Infestation|[partiallytrapped]|[silent]\n|-end|p2a: Dipplin|Infestation|[partiallytrapped]|[silent]\n|upkeep\n|inactive|Pdizzla has 120 seconds left.\n|\n|t:|1770777562\n|switch|p1b: Toxapex|Toxapex, L92, F|177/241\n|turn|16\n|\n|t:|1770777573\n|move|p2b: Necrozma|Protect|p2b: Necrozma\n|-singleturn|p2b: Necrozma|Protect\n|move|p1a: Zarude|Knock Off|p2b: Necrozma\n|-activate|p2b: Necrozma|move: Protect\n|move|p2a: Dipplin|Pollen Puff|p1a: Zarude\n|-resisted|p1a: Zarude\n|-damage|p1a: Zarude|143/299\n|move|p1b: Toxapex|Infestation|p2b: Necrozma\n|-activate|p2b: Necrozma|move: Protect\n|\n|-heal|p2b: Necrozma|190/286|[from] item: Leftovers\n|-damage|p2a: Dipplin|245/297 brn|[from] brn\n|upkeep\n|turn|17\n|inactive|Not_A_Troll68 has 120 seconds left.\n|\n|t:|1770777604\n|switch|p2b: Blissey|Blissey, L96, F|605/645 tox\n|move|p1a: Zarude|Knock Off|p2b: Blissey\n|-damage|p2b: Blissey|214/645 tox\n|-enditem|p2b: Blissey|Sitrus Berry|[from] move: Knock Off|[of] p1a: Zarude\n|-damage|p1a: Zarude|114/299|[from] item: Life Orb\n|move|p2a: Dipplin|Dragon Pulse|p1a: Zarude\n|-damage|p1a: Zarude|18/299\n|move|p1b: Toxapex|Toxic|p2b: Blissey\n|-fail|p2b: Blissey|tox\n|\n|-activate|p2b: Blissey|ability: Healer\n|-curestatus|p2a: Dipplin|brn|[msg]\n|-damage|p2b: Blissey|174/645 tox|[from] psn\n|upkeep\n|turn|18\n|\n|t:|1770777627\n|move|p1a: Zarude|Protect|p1a: Zarude\n|-singleturn|p1a: Zarude|Protect\n|move|p2b: Blissey|Thunder Wave|p1b: Toxapex\n|-status|p1b: Toxapex|par\n|move|p2a: Dipplin|Dragon Pulse|p1a: Zarude\n|-activate|p1a: Zarude|move: Protect\n|cant|p1b: Toxapex|par\n|\n|-damage|p2b: Blissey|94/645 tox|[from] psn\n|upkeep\n|turn|19\n|inactive|Pdizzla has 120 seconds left.\n|\n|t:|1770777660\n|move|p1a: Zarude|Jungle Healing|p1a: Zarude|[spread] p1a,p1b\n|-heal|p1a: Zarude|93/299\n|-heal|p1b: Toxapex|237/241 par\n|-curestatus|p1b: Toxapex|par|[msg]\n|move|p2b: Blissey|Soft-Boiled|p2b: Blissey\n|-heal|p2b: Blissey|417/645 tox\n|move|p2a: Dipplin|Syrup Bomb|p1a: Zarude\n|-resisted|p1a: Zarude\n|-damage|p1a: Zarude|60/299\n|-start|p1a: Zarude|Syrup Bomb\n|move|p1b: Toxapex|Infestation|p2a: Dipplin\n|-resisted|p2a: Dipplin\n|-damage|p2a: Dipplin|241/297\n|-activate|p2a: Dipplin|move: Infestation|[of] p1b: Toxapex\n|\n|-damage|p2b: Blissey|297/645 tox|[from] psn\n|-damage|p2a: Dipplin|204/297|[from] move: Infestation|[partiallytrapped]\n|-unboost|p1a: Zarude|spe|1\n|upkeep\n|turn|20\n|inactive|Not_A_Troll68 has 120 seconds left.\n|\n|t:|1770777691\n|move|p1a: Zarude|Protect|p1a: Zarude\n|-singleturn|p1a: Zarude|Protect\n|move|p2b: Blissey|Hyper Voice|p1a: Zarude|[spread] p1b\n|-activate|p1a: Zarude|move: Protect\n|-damage|p1b: Toxapex|186/241\n|move|p2a: Dipplin|Dragon Pulse|p1a: Zarude\n|-activate|p1a: Zarude|move: Protect\n|move|p1b: Toxapex|Infestation|p2b: Blissey\n|-damage|p2b: Blissey|290/645 tox\n|-activate|p2b: Blissey|move: Infestation|[of] p1b: Toxapex\n|\n|-damage|p2b: Blissey|130/645 tox|[from] psn\n|-damage|p2b: Blissey|50/645 tox|[from] move: Infestation|[partiallytrapped]\n|-damage|p2a: Dipplin|167/297|[from] move: Infestation|[partiallytrapped]\n|-unboost|p1a: Zarude|spe|1\n|upkeep\n|turn|21\n|inactive|Pdizzla has 120 seconds left.\n|inactive|Pdizzla has 90 seconds left.\n|inactive|Not_A_Troll68 has 120 seconds left.\n|inactive|Pdizzla has 60 seconds left.\n|\n|t:|1770777787\n|switch|p1a: Flutter Mane|Flutter Mane, L73|201/201\n|move|p2b: Blissey|Thunder Wave|p1a: Flutter Mane\n|-status|p1a: Flutter Mane|par\n|move|p2a: Dipplin|Dragon Pulse|p1a: Flutter Mane\n|-immune|p1a: Flutter Mane\n|move|p1b: Toxapex|Recover|p1b: Toxapex\n|-heal|p1b: Toxapex|241/241\n|\n|-damage|p2b: Blissey|0 fnt|[from] psn\n|faint|p2b: Blissey\n|-damage|p2a: Dipplin|130/297|[from] move: Infestation|[partiallytrapped]\n|upkeep\n|inactive|Not_A_Troll68 has 120 seconds left.\n|\n|t:|1770777796\n|switch|p2b: Quagsire|Quagsire, L91, F|191/321\n|turn|22\n|\n|t:|1770777815\n|move|p2a: Dipplin|Recover|p2a: Dipplin\n|-heal|p2a: Dipplin|279/297\n|move|p1a: Flutter Mane|Shadow Ball|p2a: Dipplin\n|-damage|p2a: Dipplin|201/297\n|move|p1b: Toxapex|Toxic|p2b: Quagsire\n|-status|p2b: Quagsire|tox\n|move|p2b: Quagsire|Liquidation|p1a: Flutter Mane\n|-damage|p1a: Flutter Mane|42/201 par\n|\n|-damage|p2b: Quagsire|171/321 tox|[from] psn\n|-damage|p2a: Dipplin|164/297|[from] move: Infestation|[partiallytrapped]\n|upkeep\n|turn|23\n|inactive|Pdizzla has 90 seconds left.\n|\n|t:|1770777837\n|move|p2a: Dipplin|Pollen Puff|p2b: Quagsire\n|-heal|p2b: Quagsire|321/321 tox\n|cant|p1a: Flutter Mane|par\n|move|p1b: Toxapex|Infestation|p2b: Quagsire\n|-damage|p2b: Quagsire|308/321 tox\n|-activate|p2b: Quagsire|move: Infestation|[of] p1b: Toxapex\n|move|p2b: Quagsire|High Horsepower|p1a: Flutter Mane\n|-damage|p1a: Flutter Mane|0 fnt\n|faint|p1a: Flutter Mane\n|-end|p1a: Flutter Mane|Protosynthesis|[silent]\n|\n|-damage|p2b: Quagsire|268/321 tox|[from] psn\n|-end|p2a: Dipplin|Infestation|[partiallytrapped]\n|-damage|p2b: Quagsire|228/321 tox|[from] move: Infestation|[partiallytrapped]\n|upkeep\n|\n|t:|1770777853\n|switch|p1a: Zarude|Zarude-Dada, L80, tera:Poison|60/299\n|turn|24\n|\n|t:|1770777863\n|move|p1a: Zarude|Protect|p1a: Zarude\n|-singleturn|p1a: Zarude|Protect\n|move|p2a: Dipplin|Dragon Pulse|p1a: Zarude\n|-activate|p1a: Zarude|move: Protect\n|move|p1b: Toxapex|Infestation|p2b: Quagsire\n|-damage|p2b: Quagsire|215/321 tox\n|move|p2b: Quagsire|Liquidation|p1a: Zarude\n|-activate|p1a: Zarude|move: Protect\n|\n|-damage|p2b: Quagsire|155/321 tox|[from] psn\n|-damage|p2b: Quagsire|115/321 tox|[from] move: Infestation|[partiallytrapped]\n|upkeep\n|turn|25\n|inactive|Pdizzla has 90 seconds left.\n|\n|t:|1770777889\n|move|p1a: Zarude|Knock Off|p2b: Quagsire\n|-damage|p2b: Quagsire|25/321 tox\n|-damage|p1a: Zarude|31/299|[from] item: Life Orb\n|move|p2a: Dipplin|Dragon Pulse|p1a: Zarude\n|-damage|p1a: Zarude|0 fnt\n|faint|p1a: Zarude\n|move|p1b: Toxapex|Infestation|p2a: Dipplin\n|-resisted|p2a: Dipplin\n|-damage|p2a: Dipplin|160/297\n|-activate|p2a: Dipplin|move: Infestation|[of] p1b: Toxapex\n|move|p2b: Quagsire|Liquidation|p1b: Toxapex\n|-resisted|p1b: Toxapex\n|-damage|p1b: Toxapex|210/241\n|\n|-damage|p2b: Quagsire|0 fnt|[from] psn\n|faint|p2b: Quagsire\n|-damage|p2a: Dipplin|123/297|[from] move: Infestation|[partiallytrapped]\n|upkeep\n|\n|t:|1770777899\n|switch|p2b: Necrozma|Necrozma, L80|190/286\n|turn|26\n|\n|t:|1770777911\n|move|p2b: Necrozma|Photon Geyser|p1b: Toxapex\n|-supereffective|p1b: Toxapex\n|-damage|p1b: Toxapex|58/241\n|move|p2a: Dipplin|Recover|p2a: Dipplin\n|-heal|p2a: Dipplin|272/297\n|move|p1b: Toxapex|Toxic|p2b: Necrozma\n|-status|p2b: Necrozma|tox\n|\n|-heal|p2b: Necrozma|207/286 tox|[from] item: Leftovers\n|-damage|p2b: Necrozma|190/286 tox|[from] psn\n|-damage|p2a: Dipplin|235/297|[from] move: Infestation|[partiallytrapped]\n|upkeep\n|turn|27\n|-message|Pdizzla forfeited.\n|\n|win|Not_A_Troll68\n|raw|Pdizzla's rating: 1703 &rarr; <strong>1680</strong><br />(-23 for losing)\n|raw|Not_A_Troll68's rating: 1642 &rarr; <strong>1665</strong><br />(+23 for winning)\n|l|☆Pdizzla\n|player|p1|\n", "inputlog": ">version ccdc32dd7cde25fd9e4bed64820e885f66e78a4e\n>start {\"formatid\":\"gen9randomdoublesbattle\",\"seed\":\"sodium,4def4d05144169020cd170cfaeb8a427\",\"rated\":\"Rated battle\"}\n>player p1 {\"name\":\"Pdizzla\",\"avatar\":\"ruinmaniac\",\"rating\":1703,\"seed\":\"sodium,6d9da95ea079204fcf60290f5e1dccb7\"}\n>player p2 {\"name\":\"Not_A_Troll68\",\"avatar\":\"lucas\",\"rating\":1642,\"seed\":\"sodium,07612400bb9f36b8866cb66daf213483\"}\n>p1 move knockoff +1, move swordsdance\n>p2 switch 5, move highhorsepower +2\n>p1 move knockoff +2, move gunkshot +1\n>p2 move syrupbomb +2 terastallize, move icywind\n>p1 switch 6, move liquidation +1\n>p2 move dragonpulse +2, switch 3\n>p1 pass, switch 6\n>p1 move infestation +2, move stompingtantrum +1\n>p2 move syrupbomb +1, move knockoff +2\n>p1 move infestation +1, move stompingtantrum +1\n>p2 move recover, move knockoff +1\n>p1 move toxic +2, move stompingtantrum +1\n>p2 move dragonpulse +1, move closecombat +2\n>p1 pass, switch 5\n>p1 move recover, move dazzlinggleam\n>p2 move recover, move knockoff +2\n>p2 pass, switch 5\n>p1 move toxic +2, switch 3\n>p2 move syrupbomb +2, move thunderwave +2\n>p1 move infestation +2, move protect\n>p2 move pollenpuff +2, switch 4\n>p1 move toxic +2, move junglehealing terastallize\n>p2 move pollenpuff +2, move bravebird +2\n>p1 move infestation +1, move junglehealing\n>p2 move recover, move tailwind\n>p1 move banefulbunker, move protect\n>p2 move dragonpulse +2, move bravebird +2\n>p1 move recover, switch 4\n>p2 move syrupbomb +2, move bravebird +2\n>p2 pass, switch 6\n>p1 move infestation +2, move heatwave\n>p2 move recover, move photongeyser +1\n>p1 switch 4, move heatwave\n>p2 move recover, move earthpower +2\n>p1 pass, switch 4\n>p1 move knockoff +2, move infestation +2\n>p2 move pollenpuff +1, move protect\n>p1 move knockoff +2, move toxic +2\n>p2 move dragonpulse +1, switch 4\n>p1 move protect, move infestation +1\n>p2 move dragonpulse +1, move thunderwave +2\n>p1 move junglehealing, move infestation +1\n>p2 move syrupbomb +1, move softboiled\n>p1 move protect, move infestation +2\n>p2 move dragonpulse +1, move hypervoice\n>p1 switch 3, move recover\n>p2 move dragonpulse +1, move thunderwave +1\n>p2 pass, switch 3\n>p1 move shadowball +1, move toxic +2\n>p2 move recover, move liquidation +1\n>p1 move shadowball +2, move infestation +2\n>p2 move pollenpuff -2, move highhorsepower +1\n>p1 switch 3, pass\n>p1 move protect, move infestation +2\n>p2 move dragonpulse +1, move liquidation +1\n>p1 move knockoff +2, move infestation +1\n>p2 move dragonpulse +1, move liquidation +1\n>p2 pass, switch 4\n>p1 pass, move toxic +2\n>p2 move recover, move photongeyser +2\n>forcelose p1", "uploadtime": 1770777931, "views": 68, "formatid": "gen9randomdoublesbattle", "rating": 1665, "private": 0, "password": null}