{"id": "gen9randomdoublesbattle-2536890735", "format": "[Gen 9] Random Doubles Battle", "players": ["Juani5", "Jenome"], "log": "|j|☆Juani5\n|j|☆Jenome\n|t:|1770746003\n|gametype|doubles\n|player|p1|Juani5|n|1600\n|player|p2|Jenome|gentleman-gen4|1690\n|gen|9\n|tier|[Gen 9] Random Doubles Battle\n|rated|\n|rule|Species Clause: Limit one of each Pokémon\n|rule|HP Percentage Mod: HP is shown in percentages\n|rule|Illusion Level Mod: Illusion disguises the Pokémon's true level\n|rule|Sleep Clause Mod: Limit one foe put to sleep\n|\n|t:|1770746003\n|teamsize|p1|6\n|teamsize|p2|6\n|start\n|switch|p1a: Zapdos|Zapdos, L77|265/265\n|switch|p1b: Dedenne|Dedenne, L85, F|253/253\n|switch|p2a: Vigoroth|Vigoroth, L91, M|293/293\n|switch|p2b: Hoopa|Hoopa-Unbound, L80|259/259\n|turn|1\n|inactive|Battle timer is ON: inactive players will automatically lose when time's up. (requested by Jenome)\n|\n|t:|1770746049\n|move|p2b: Hoopa|Gunk Shot|p1b: Dedenne\n|-supereffective|p1b: Dedenne\n|-damage|p1b: Dedenne|0 fnt\n|faint|p1b: Dedenne\n|move|p2a: Vigoroth|Double-Edge|p1a: Zapdos\n|-damage|p1a: Zapdos|123/265\n|-enditem|p1a: Zapdos|Sitrus Berry|[eat]\n|-heal|p1a: Zapdos|189/265|[from] item: Sitrus Berry\n|-damage|p2a: Vigoroth|246/293|[from] Recoil\n|move|p1a: Zapdos|Tailwind|p1a: Zapdos\n|-sidestart|p1: Juani5|move: Tailwind\n|\n|upkeep\n|\n|t:|1770746065\n|switch|p1b: Samurott|Samurott-Hisui, L83, F|285/285\n|turn|2\n|\n|t:|1770746074\n|switch|p2b: Cetitan|Cetitan, L83, F|418/418\n|move|p1a: Zapdos|Thunderbolt|p2b: Cetitan\n|-damage|p2b: Cetitan|273/418\n|move|p1b: Samurott|Ceaseless Edge|p2a: Vigoroth|[miss]\n|-miss|p1b: Samurott|p2a: Vigoroth\n|move|p2a: Vigoroth|Thunder Wave|p1b: Samurott\n|-status|p1b: Samurott|par\n|\n|upkeep\n|turn|3\n|\n|t:|1770746089\n|move|p1a: Zapdos|Thunderbolt|p2b: Cetitan\n|-damage|p2b: Cetitan|140/418\n|move|p2a: Vigoroth|Double-Edge|p1b: Samurott\n|-damage|p1b: Samurott|146/285 par\n|-damage|p2a: Vigoroth|200/293|[from] Recoil\n|move|p1b: Samurott|Ceaseless Edge|p2a: Vigoroth\n|-damage|p2a: Vigoroth|106/293\n|-sidestart|p2: Jenome|Spikes\n|-damage|p1b: Samurott|118/285 par|[from] item: Life Orb\n|move|p2b: Cetitan|Icicle Crash|p1a: Zapdos\n|-supereffective|p1a: Zapdos\n|-damage|p1a: Zapdos|0 fnt\n|faint|p1a: Zapdos\n|\n|upkeep\n|\n|t:|1770746102\n|switch|p1a: Tyranitar|Tyranitar, L81, F|295/295\n|-weather|Sandstorm|[from] ability: Sand Stream|[of] p1a: Tyranitar\n|turn|4\n|\n|t:|1770746115\n|move|p1a: Tyranitar|Rock Slide|p2b: Cetitan|[spread] p2a,p2b\n|-supereffective|p2b: Cetitan\n|-damage|p2a: Vigoroth|58/293\n|-damage|p2b: Cetitan|0 fnt\n|faint|p2b: Cetitan\n|cant|p2a: Vigoroth|flinch\n|move|p1b: Samurott|Ceaseless Edge|p2a: Vigoroth\n|-damage|p2a: Vigoroth|0 fnt\n|-sidestart|p2: Jenome|Spikes\n|faint|p2a: Vigoroth\n|-damage|p1b: Samurott|90/285 par|[from] item: Life Orb\n|\n|-weather|Sandstorm|[upkeep]\n|-damage|p1b: Samurott|73/285 par|[from] Sandstorm\n|-sideend|p1: Juani5|move: Tailwind\n|upkeep\n|\n|t:|1770746123\n|switch|p2a: Hoopa|Hoopa-Unbound, L80|259/259\n|switch|p2b: Entei|Entei, L77|304/304\n|-damage|p2a: Hoopa|216/259|[from] Spikes\n|-damage|p2b: Entei|254/304|[from] Spikes\n|turn|5\n|\n|t:|1770746144\n|move|p1a: Tyranitar|Protect|p1a: Tyranitar\n|-singleturn|p1a: Tyranitar|Protect\n|cant|p1b: Samurott|par\n|move|p2a: Hoopa|Drain Punch|p1b: Samurott\n|-supereffective|p1b: Samurott\n|-damage|p1b: Samurott|0 fnt\n|-heal|p2a: Hoopa|253/259|[from] drain|[of] p1b: Samurott\n|faint|p1b: Samurott\n|move|p2b: Entei|Sacred Fire|p1a: Tyranitar\n|-activate|p1a: Tyranitar|move: Protect\n|\n|-weather|Sandstorm|[upkeep]\n|-damage|p2a: Hoopa|237/259|[from] Sandstorm\n|-damage|p2b: Entei|235/304|[from] Sandstorm\n|upkeep\n|inactive|Juani5 has 120 seconds left.\n|\n|t:|1770746169\n|switch|p1b: Smeargle|Smeargle, F|272/272\n|turn|6\n|\n|t:|1770746180\n|-terastallize|p1b: Smeargle|Ghost\n|move|p1b: Smeargle|Follow Me|p1b: Smeargle\n|-singleturn|p1b: Smeargle|move: Follow Me\n|move|p2a: Hoopa|Drain Punch|p1b: Smeargle\n|-immune|p1b: Smeargle\n|move|p2b: Entei|Sacred Fire|p1b: Smeargle\n|-damage|p1b: Smeargle|28/272\n|-status|p1b: Smeargle|brn\n|-enditem|p1b: Smeargle|Sitrus Berry|[eat]\n|-heal|p1b: Smeargle|96/272 brn|[from] item: Sitrus Berry\n|move|p1a: Tyranitar|Dragon Dance|p1a: Tyranitar\n|-boost|p1a: Tyranitar|atk|1\n|-boost|p1a: Tyranitar|spe|1\n|\n|-weather|Sandstorm|[upkeep]\n|-damage|p2a: Hoopa|221/259|[from] Sandstorm\n|-damage|p1b: Smeargle|79/272 brn|[from] Sandstorm\n|-damage|p2b: Entei|216/304|[from] Sandstorm\n|-damage|p1b: Smeargle|62/272 brn|[from] brn\n|upkeep\n|turn|7\n|\n|t:|1770746203\n|-terastallize|p2b: Entei|Normal\n|move|p1b: Smeargle|Follow Me|p1b: Smeargle\n|-singleturn|p1b: Smeargle|move: Follow Me\n|move|p2a: Hoopa|Drain Punch|p1b: Smeargle\n|-immune|p1b: Smeargle\n|move|p1a: Tyranitar|Rock Slide|p2a: Hoopa|[spread] p2a,p2b\n|-damage|p2a: Hoopa|64/259\n|-damage|p2b: Entei|96/304\n|move|p2b: Entei|Sacred Fire|p1b: Smeargle\n|-damage|p1b: Smeargle|0 fnt\n|faint|p1b: Smeargle\n|\n|-weather|Sandstorm|[upkeep]\n|-damage|p2a: Hoopa|48/259|[from] Sandstorm\n|-damage|p2b: Entei|77/304|[from] Sandstorm\n|upkeep\n|\n|t:|1770746216\n|switch|p1b: Gogoat|Gogoat, L90, F|368/368\n|turn|8\n|\n|t:|1770746229\n|move|p1a: Tyranitar|Protect|p1a: Tyranitar\n|-singleturn|p1a: Tyranitar|Protect\n|move|p2a: Hoopa|Drain Punch|p1a: Tyranitar\n|-activate|p1a: Tyranitar|move: Protect\n|move|p2b: Entei|Sacred Fire|p1b: Gogoat\n|-supereffective|p1b: Gogoat\n|-damage|p1b: Gogoat|26/368\n|-status|p1b: Gogoat|brn\n|move|p1b: Gogoat|Horn Leech|p2a: Hoopa\n|-damage|p2a: Hoopa|0 fnt\n|-heal|p1b: Gogoat|50/368 brn|[from] drain|[of] p2a: Hoopa\n|faint|p2a: Hoopa\n|\n|-weather|none\n|-damage|p1b: Gogoat|27/368 brn|[from] brn\n|upkeep\n|\n|t:|1770746233\n|switch|p2a: Talonflame|Talonflame, L82, F|262/262\n|turn|9\n|\n|t:|1770746251\n|move|p2a: Talonflame|Tailwind|p2a: Talonflame\n|-sidestart|p2: Jenome|move: Tailwind\n|move|p2b: Entei|Sacred Fire|p1a: Tyranitar\n|-resisted|p1a: Tyranitar\n|-damage|p1a: Tyranitar|230/295\n|-status|p1a: Tyranitar|brn\n|move|p1a: Tyranitar|Rock Slide|p2a: Talonflame|[spread] p2a,p2b\n|-supereffective|p2a: Talonflame\n|-damage|p2a: Talonflame|20/262\n|-damage|p2b: Entei|16/304\n|-enditem|p2a: Talonflame|Sitrus Berry|[eat]\n|-heal|p2a: Talonflame|85/262|[from] item: Sitrus Berry\n|move|p1b: Gogoat|Double-Edge|p2a: Talonflame\n|-damage|p2a: Talonflame|24/262\n|-damage|p1b: Gogoat|7/368 brn|[from] Recoil\n|\n|-damage|p1a: Tyranitar|212/295 brn|[from] brn\n|-damage|p1b: Gogoat|0 fnt|[from] brn\n|faint|p1b: Gogoat\n|upkeep\n|turn|10\n|\n|t:|1770746264\n|move|p2a: Talonflame|Overheat|p1a: Tyranitar\n|-resisted|p1a: Tyranitar\n|-damage|p1a: Tyranitar|163/295 brn\n|-unboost|p2a: Talonflame|spa|2\n|move|p2b: Entei|Sacred Fire|p1a: Tyranitar\n|-resisted|p1a: Tyranitar\n|-damage|p1a: Tyranitar|100/295 brn\n|move|p1a: Tyranitar|Rock Slide|p2a: Talonflame|[spread] p2a,p2b\n|-supereffective|p2a: Talonflame\n|-damage|p2a: Talonflame|0 fnt\n|-damage|p2b: Entei|0 fnt\n|faint|p2a: Talonflame\n|faint|p2b: Entei\n|\n|-damage|p1a: Tyranitar|82/295 brn|[from] brn\n|upkeep\n|c|☆Juani5|all burned\n|\n|t:|1770746274\n|switch|p2b: Iron Crown|Iron Crown, L78|268/268\n|-damage|p2b: Iron Crown|224/268|[from] Spikes\n|turn|11\n|\n|t:|1770746287\n|move|p1a: Tyranitar|Protect|p1a: Tyranitar\n|-singleturn|p1a: Tyranitar|Protect\n|move|p2b: Iron Crown|Tachyon Cutter|p1a: Tyranitar\n|-activate|p1a: Tyranitar|move: Protect\n|\n|-damage|p1a: Tyranitar|64/295 brn|[from] brn\n|upkeep\n|turn|12\n|c|☆Jenome|gg\n|\n|t:|1770746296\n|move|p1a: Tyranitar|Protect||[still]\n|-fail|p1a: Tyranitar\n|move|p2b: Iron Crown|Tachyon Cutter|p1a: Tyranitar\n|-supereffective|p1a: Tyranitar\n|-damage|p1a: Tyranitar|0 fnt\n|faint|p1a: Tyranitar\n|-hitcount|p1: Tyranitar|1\n|\n|win|Jenome\n|raw|Juani5's rating: 1600 &rarr; <strong>1585</strong><br />(-15 for losing)\n|raw|Jenome's rating: 1690 &rarr; <strong>1705</strong><br />(+15 for winning)\n|l|☆Juani5\n|player|p1|\n", "inputlog": ">version ccdc32dd7cde25fd9e4bed64820e885f66e78a4e\n>start {\"formatid\":\"gen9randomdoublesbattle\",\"seed\":\"sodium,e730a1ef12dad7bc51715f37ed74ba1d\",\"rated\":\"Rated battle\"}\n>player p1 {\"name\":\"Juani5\",\"avatar\":\"n\",\"rating\":1600,\"seed\":\"sodium,72aca978151126fc12d09a1d74321d44\"}\n>player p2 {\"name\":\"Jenome\",\"avatar\":\"gentleman-gen4\",\"rating\":1690,\"seed\":\"sodium,9f2554d76548cee5cbd54a406a0f5f79\"}\n>p1 move tailwind, move dazzlinggleam\n>p2 move doubleedge +2, move gunkshot +2\n>p1 pass, switch 4\n>p1 move thunderbolt +2, move ceaselessedge +1\n>p2 move thunderwave +2, switch 6\n>p1 move thunderbolt +2, move ceaselessedge +1\n>p2 move doubleedge +2, move iciclecrash +1\n>p1 switch 3, pass\n>p1 move rockslide, move ceaselessedge +1\n>p2 move thunderwave +1, move liquidation +1\n>p2 switch 6, switch 4\n>p1 move protect, move suckerpunch +2\n>p2 move drainpunch +2, move sacredfire +1\n>p1 pass, switch 5\n>p1 move dragondance, move followme terastallize\n>p2 move drainpunch +2, move sacredfire +1\n>p1 move rockslide, move followme\n>p2 move drainpunch +1, move sacredfire +1 terastallize\n>p1 pass, switch 6\n>p1 move protect, move hornleech +1\n>p2 move drainpunch +1, move sacredfire +2\n>p2 switch 5, pass\n>p1 move rockslide, move doubleedge +1\n>p2 move tailwind, move sacredfire +1\n>p1 move rockslide, pass\n>p2 move overheat +1, move sacredfire +1\n>chat ☆Juani5|all burned\n>p2 pass, switch 3\n>p1 move protect, pass\n>p2 pass, move tachyoncutter +1\n>chat ☆Jenome|gg\n>p1 move protect, pass\n>p2 pass, move tachyoncutter +1", "uploadtime": 1770746315, "views": 67, "formatid": "gen9randomdoublesbattle", "rating": 1585, "private": 0, "password": null}