{"id": "gen9randomdoublesbattle-2537244829", "format": "[Gen 9] Random Doubles Battle", "players": ["Dr. Watermelon", "DragonNub55"], "log": "|j|☆Dr. Watermelon\n|j|☆DragonNub55\n|t:|1770784117\n|gametype|doubles\n|player|p1|Dr. Watermelon|firebreather-gen2|1686\n|player|p2|DragonNub55|swimmer-gen4|1658\n|gen|9\n|tier|[Gen 9] Random Doubles Battle\n|rated|\n|rule|Species Clause: Limit one of each Pokémon\n|rule|HP Percentage Mod: HP is shown in percentages\n|rule|Illusion Level Mod: Illusion disguises the Pokémon's true level\n|rule|Sleep Clause Mod: Limit one foe put to sleep\n|\n|t:|1770784117\n|teamsize|p1|6\n|teamsize|p2|6\n|start\n|switch|p1a: Iron Thorns|Iron Thorns, L82|298/298\n|switch|p1b: Luvdisc|Luvdisc, M|248/248\n|switch|p2a: Leavanny|Leavanny, L91, F|284/284\n|switch|p2b: Torkoal|Torkoal, L86, F|261/261\n|-weather|SunnyDay|[from] ability: Drought|[of] p2b: Torkoal\n|turn|1\n|inactive|Battle timer is ON: inactive players will automatically lose when time's up. (requested by DragonNub55)\n|\n|t:|1770784146\n|move|p2a: Leavanny|Leaf Blade|p1b: Luvdisc\n|-supereffective|p1b: Luvdisc\n|-damage|p1b: Luvdisc|0 fnt\n|faint|p1b: Luvdisc\n|move|p1a: Iron Thorns|Dragon Dance|p1a: Iron Thorns\n|-boost|p1a: Iron Thorns|atk|1\n|-boost|p1a: Iron Thorns|spe|1\n|move|p2b: Torkoal|Will-O-Wisp|p1a: Iron Thorns\n|-status|p1a: Iron Thorns|brn\n|\n|-weather|SunnyDay|[upkeep]\n|-damage|p1a: Iron Thorns|280/298 brn|[from] brn\n|upkeep\n|\n|t:|1770784168\n|switch|p1b: Iron Treads|Iron Treads, L81|278/278\n|turn|2\n|\n|t:|1770784182\n|move|p2a: Leavanny|Leaf Blade|p1a: Iron Thorns\n|-supereffective|p1a: Iron Thorns\n|-damage|p1a: Iron Thorns|62/298 brn\n|move|p1a: Iron Thorns|Rock Slide|p2a: Leavanny|[spread] p2a,p2b\n|-supereffective|p2a: Leavanny\n|-supereffective|p2b: Torkoal\n|-damage|p2a: Leavanny|166/284\n|-damage|p2b: Torkoal|194/261\n|move|p1b: Iron Treads|High Horsepower|p2b: Torkoal\n|-supereffective|p2b: Torkoal\n|-damage|p2b: Torkoal|62/261\n|-enditem|p2b: Torkoal|Sitrus Berry|[eat]\n|-heal|p2b: Torkoal|127/261|[from] item: Sitrus Berry\n|move|p2b: Torkoal|Heat Wave|p1a: Iron Thorns|[spread] p1a,p1b\n|-resisted|p1a: Iron Thorns\n|-supereffective|p1b: Iron Treads\n|-damage|p1a: Iron Thorns|9/298 brn\n|-damage|p1b: Iron Treads|0 fnt\n|faint|p1b: Iron Treads\n|-end|p1b: Iron Treads|Quark Drive|[silent]\n|\n|-weather|SunnyDay|[upkeep]\n|-damage|p1a: Iron Thorns|0 fnt|[from] brn\n|faint|p1a: Iron Thorns\n|-end|p1a: Iron Thorns|Quark Drive|[silent]\n|upkeep\n|\n|t:|1770784189\n|switch|p1b: Tsareena|Tsareena, L85, F|261/261\n|switch|p1a: Vileplume|Vileplume, L89, M|278/278\n|turn|3\n|\n|t:|1770784203\n|move|p2a: Leavanny|Pollen Puff|p2b: Torkoal\n|-heal|p2b: Torkoal|257/261\n|move|p1b: Tsareena|Triple Axel|p2a: Leavanny\n|-supereffective|p2a: Leavanny\n|-damage|p2a: Leavanny|128/284\n|-enditem|p2a: Leavanny|Sitrus Berry|[eat]\n|-heal|p2a: Leavanny|199/284|[from] item: Sitrus Berry\n|-supereffective|p2a: Leavanny\n|-damage|p2a: Leavanny|131/284\n|-hitcount|p2a: Leavanny|2\n|move|p1a: Vileplume|Sludge Bomb|p2b: Torkoal\n|-damage|p2b: Torkoal|119/261\n|move|p2b: Torkoal|Heat Wave|p1a: Vileplume|[spread] p1a,p1b\n|-supereffective|p1a: Vileplume\n|-supereffective|p1b: Tsareena\n|-damage|p1a: Vileplume|84/278\n|-damage|p1b: Tsareena|117/261\n|-status|p1b: Tsareena|brn\n|-enditem|p1a: Vileplume|Sitrus Berry|[eat]\n|-heal|p1a: Vileplume|153/278|[from] item: Sitrus Berry\n|\n|-weather|SunnyDay|[upkeep]\n|-damage|p1b: Tsareena|101/261 brn|[from] brn\n|upkeep\n|turn|4\n|\n|t:|1770784224\n|move|p2a: Leavanny|Pollen Puff|p2b: Torkoal\n|-heal|p2b: Torkoal|249/261\n|move|p1b: Tsareena|Triple Axel|p2a: Leavanny\n|-supereffective|p2a: Leavanny\n|-damage|p2a: Leavanny|113/284\n|-supereffective|p2a: Leavanny\n|-damage|p2a: Leavanny|81/284\n|-supereffective|p2a: Leavanny\n|-damage|p2a: Leavanny|32/284\n|-hitcount|p2a: Leavanny|3\n|move|p1a: Vileplume|Sludge Bomb|p2b: Torkoal\n|-damage|p2b: Torkoal|123/261\n|move|p2b: Torkoal|Heat Wave|p1a: Vileplume|[spread] p1a,p1b\n|-supereffective|p1a: Vileplume\n|-supereffective|p1b: Tsareena\n|-damage|p1a: Vileplume|0 fnt\n|-damage|p1b: Tsareena|0 fnt\n|faint|p1a: Vileplume\n|faint|p1b: Tsareena\n|\n|-weather|SunnyDay|[upkeep]\n|upkeep\n|\n|t:|1770784235\n|switch|p1b: Gumshoos|Gumshoos, L93, F|315/315\n|turn|5\n|\n|t:|1770784250\n|-terastallize|p1b: Gumshoos|Normal\n|move|p2a: Leavanny|Knock Off|p1b: Gumshoos\n|-damage|p1b: Gumshoos|221/315\n|-enditem|p1b: Gumshoos|Choice Band|[from] move: Knock Off|[of] p2a: Leavanny\n|move|p1b: Gumshoos|Double-Edge|p2b: Torkoal\n|-damage|p2b: Torkoal|0 fnt\n|faint|p2b: Torkoal\n|-damage|p1b: Gumshoos|180/315|[from] Recoil\n|\n|-weather|none\n|upkeep\n|\n|t:|1770784260\n|switch|p2b: Keldeo|Keldeo-Resolute, L78|270/270\n|turn|6\n|\n|t:|1770784266\n|move|p2a: Leavanny|Leaf Blade|p1b: Gumshoos\n|-damage|p1b: Gumshoos|48/315\n|move|p2b: Keldeo|Secret Sword|p1b: Gumshoos\n|-supereffective|p1b: Gumshoos\n|-damage|p1b: Gumshoos|0 fnt\n|faint|p1b: Gumshoos\n|\n|win|DragonNub55\n|raw|Dr. Watermelon's rating: 1686 &rarr; <strong>1664</strong><br />(-22 for losing)\n|raw|DragonNub55's rating: 1658 &rarr; <strong>1680</strong><br />(+22 for winning)\n", "inputlog": ">version ccdc32dd7cde25fd9e4bed64820e885f66e78a4e\n>start {\"formatid\":\"gen9randomdoublesbattle\",\"seed\":\"sodium,49ae8332f0dda947c40b83d1459c116c\",\"rated\":\"Rated battle\"}\n>player p1 {\"name\":\"Dr. Watermelon\",\"avatar\":\"firebreather-gen2\",\"rating\":1686,\"seed\":\"sodium,1470e727a26ba629206975fb0bee5fbc\"}\n>player p2 {\"name\":\"DragonNub55\",\"avatar\":\"swimmer-gen4\",\"rating\":1658,\"seed\":\"sodium,bb5d376374d51ff500ed6dcbfb34bb67\"}\n>p1 move dragondance, move charm +1\n>p2 move leafblade +2, move willowisp +1\n>p1 pass, switch 4\n>p1 move rockslide, move highhorsepower +2\n>p2 move leafblade +1, move heatwave\n>p1 switch 6, switch 5\n>p1 move sludgebomb +2, move tripleaxel +1\n>p2 move pollenpuff -2, move heatwave\n>p1 move sludgebomb +2, move tripleaxel +1\n>p2 move pollenpuff -2, move heatwave\n>p1 pass, switch 3\n>p1 pass, move doubleedge +2 terastallize\n>p2 move knockoff +2, move willowisp +2\n>p2 pass, switch 5\n>p1 pass, move doubleedge +2\n>p2 move leafblade +2, move secretsword +2", "uploadtime": 1770784272, "views": 68, "formatid": "gen9randomdoublesbattle", "rating": 1664, "private": 0, "password": null}