{"id": "gen9randomdoublesbattle-2539655511", "format": "[Gen 9] Random Doubles Battle", "players": ["pejelegante", "emizzzzz"], "log": "|j|☆pejelegante\n|j|☆emizzzzz\n|t:|1771092834\n|gametype|doubles\n|player|p1|pejelegante|hugh|1781\n|player|p2|emizzzzz|flint|1793\n|gen|9\n|tier|[Gen 9] Random Doubles Battle\n|rated|\n|rule|Species Clause: Limit one of each Pokémon\n|rule|HP Percentage Mod: HP is shown in percentages\n|rule|Illusion Level Mod: Illusion disguises the Pokémon's true level\n|rule|Sleep Clause Mod: Limit one foe put to sleep\n|\n|t:|1771092834\n|teamsize|p1|6\n|teamsize|p2|6\n|start\n|switch|p1a: Spidops|Spidops, M|282/282\n|switch|p1b: Magnezone|Magnezone, L84|255/255\n|switch|p2a: Braviary|Braviary-Hisui, L84, M|322/322\n|switch|p2b: Regigigas|Regigigas, L86|329/329\n|-start|p2b: Regigigas|ability: Slow Start\n|turn|1\n|inactive|Battle timer is ON: inactive players will automatically lose when time's up. (requested by pejelegante)\n|\n|t:|1771092860\n|switch|p2a: Whiscash|Whiscash, L88, F|337/337\n|switch|p2b: Maushold|Maushold, L79|247/247\n|move|p1b: Magnezone|Electroweb|p2b: Maushold|[spread] p2b\n|-immune|p2a: Whiscash\n|-damage|p2b: Maushold|175/247\n|-unboost|p2b: Maushold|spe|1\n|move|p1a: Spidops|Sticky Web|p2b: Maushold\n|-sidestart|p2: emizzzzz|move: Sticky Web\n|\n|upkeep\n|turn|2\n|\n|t:|1771092876\n|move|p2a: Whiscash|High Horsepower|p1b: Magnezone\n|-supereffective|p1b: Magnezone\n|-ability|p1b: Magnezone|Sturdy\n|-damage|p1b: Magnezone|1/255\n|move|p1b: Magnezone|Volt Switch|p2b: Maushold\n|-damage|p2b: Maushold|70/247\n|\n|t:|1771092885\n|switch|p1b: Ludicolo|Ludicolo, L89, F|287/287|[from] Volt Switch\n|move|p2b: Maushold|Encore|p1a: Spidops\n|-start|p1a: Spidops|Encore\n|move|p1a: Spidops|Sticky Web||[still]\n|-fail|p1a: Spidops\n|\n|upkeep\n|turn|3\n|\n|t:|1771092905\n|switch|p1a: Magnezone|Magnezone, L84|1/255\n|move|p2b: Maushold|Follow Me|p2b: Maushold\n|-singleturn|p2b: Maushold|move: Follow Me\n|move|p1b: Ludicolo|Rain Dance|p1b: Ludicolo\n|-weather|RainDance\n|move|p2a: Whiscash|Muddy Water|p1b: Ludicolo|[spread] p1b\n|-miss|p2a: Whiscash|p1a: Magnezone\n|-resisted|p1b: Ludicolo\n|-damage|p1b: Ludicolo|268/287\n|\n|-weather|RainDance|[upkeep]\n|upkeep\n|turn|4\n|\n|t:|1771092923\n|move|p2b: Maushold|Follow Me|p2b: Maushold\n|-singleturn|p2b: Maushold|move: Follow Me\n|move|p1b: Ludicolo|Muddy Water|p2b: Maushold|[spread] p2a,p2b\n|-damage|p2a: Whiscash|185/337\n|-damage|p2b: Maushold|0 fnt\n|faint|p2b: Maushold\n|-damage|p1b: Ludicolo|240/287|[from] item: Life Orb\n|move|p2a: Whiscash|Muddy Water|p1a: Magnezone|[spread] p1b\n|-miss|p2a: Whiscash|p1a: Magnezone\n|-resisted|p1b: Ludicolo\n|-damage|p1b: Ludicolo|219/287\n|-unboost|p1b: Ludicolo|accuracy|1\n|move|p1a: Magnezone|Flash Cannon|p2a: Whiscash\n|-resisted|p2a: Whiscash\n|-damage|p2a: Whiscash|128/337\n|-enditem|p2a: Whiscash|Sitrus Berry|[eat]\n|-heal|p2a: Whiscash|212/337|[from] item: Sitrus Berry\n|\n|-weather|RainDance|[upkeep]\n|upkeep\n|inactive|emizzzzz has 120 seconds left.\n|\n|t:|1771092944\n|switch|p2b: Spidops|Spidops, F|282/282\n|-activate|p2b: Spidops|move: Sticky Web\n|-unboost|p2b: Spidops|spe|1\n|turn|5\n|c|☆pejelegante|Remember magnezone...\n|c|☆pejelegante|Dying is gay\n|\n|t:|1771092961\n|move|p1b: Ludicolo|Energy Ball|p2a: Whiscash\n|-supereffective|p2a: Whiscash\n|-damage|p2a: Whiscash|0 fnt\n|faint|p2a: Whiscash\n|-damage|p1b: Ludicolo|191/287|[from] item: Life Orb\n|move|p1a: Magnezone|Volt Switch|p2b: Spidops\n|-damage|p2b: Spidops|203/282\n|\n|t:|1771092969\n|switch|p1a: Whiscash|Whiscash, L88, F|337/337|[from] Volt Switch\n|move|p2b: Spidops|Sticky Web|p1b: Ludicolo\n|-sidestart|p1: pejelegante|move: Sticky Web\n|\n|-weather|RainDance|[upkeep]\n|upkeep\n|\n|t:|1771092977\n|switch|p2a: Braviary|Braviary-Hisui, L84, M|322/322\n|turn|6\n|\n|t:|1771092987\n|move|p1b: Ludicolo|Muddy Water|p2b: Spidops|[spread] p2a,p2b\n|-damage|p2a: Braviary|135/322\n|-damage|p2b: Spidops|89/282\n|-enditem|p2b: Spidops|Sitrus Berry|[eat]\n|-heal|p2b: Spidops|159/282|[from] item: Sitrus Berry\n|-damage|p1b: Ludicolo|163/287|[from] item: Life Orb\n|move|p2a: Braviary|Hurricane|p1b: Ludicolo\n|-supereffective|p1b: Ludicolo\n|-damage|p1b: Ludicolo|0 fnt\n|faint|p1b: Ludicolo\n|move|p1a: Whiscash|Muddy Water|p2b: Spidops|[spread] p2a,p2b\n|-crit|p2a: Braviary\n|-damage|p2a: Braviary|0 fnt\n|-damage|p2b: Spidops|75/282\n|-unboost|p2b: Spidops|accuracy|1\n|faint|p2a: Braviary\n|move|p2b: Spidops|Circle Throw|p1a: Whiscash|[miss]\n|-miss|p2b: Spidops|p1a: Whiscash\n|\n|-weather|RainDance|[upkeep]\n|upkeep\n|\n|t:|1771093008\n|switch|p1b: Dedenne|Dedenne, L85, M|253/253\n|switch|p2a: Regigigas|Regigigas, L86|329/329\n|-activate|p2a: Regigigas|move: Sticky Web\n|-unboost|p2a: Regigigas|spe|1\n|-start|p2a: Regigigas|ability: Slow Start\n|-activate|p1b: Dedenne|move: Sticky Web\n|-unboost|p1b: Dedenne|spe|1\n|turn|7\n|\n|t:|1771093017\n|move|p2a: Regigigas|Protect|p2a: Regigigas\n|-singleturn|p2a: Regigigas|Protect\n|move|p1a: Whiscash|Muddy Water|p2a: Regigigas|[spread] p2b\n|-activate|p2a: Regigigas|move: Protect\n|-crit|p2b: Spidops\n|-damage|p2b: Spidops|0 fnt\n|faint|p2b: Spidops\n|move|p1b: Dedenne|Dazzling Gleam|p2a: Regigigas\n|-activate|p2a: Regigigas|move: Protect\n|\n|-weather|none\n|upkeep\n|\n|t:|1771093029\n|switch|p2b: Flutter Mane|Flutter Mane, L73|201/201\n|-activate|p2b: Flutter Mane|move: Sticky Web\n|-unboost|p2b: Flutter Mane|spe|1\n|turn|8\n|\n|t:|1771093038\n|move|p2b: Flutter Mane|Dazzling Gleam|p1b: Dedenne|[spread] p1a,p1b\n|-damage|p1a: Whiscash|223/337\n|-damage|p1b: Dedenne|132/253\n|move|p1a: Whiscash|Muddy Water|p2a: Regigigas|[spread] p2a,p2b\n|-damage|p2a: Regigigas|275/329\n|-damage|p2b: Flutter Mane|146/201\n|-unboost|p2b: Flutter Mane|accuracy|1\n|move|p1b: Dedenne|Nuzzle|p2b: Flutter Mane\n|-damage|p2b: Flutter Mane|121/201\n|-status|p2b: Flutter Mane|par\n|move|p2a: Regigigas|Knock Off|p1b: Dedenne\n|-resisted|p1b: Dedenne\n|-damage|p1b: Dedenne|93/253\n|-enditem|p1b: Dedenne|Sitrus Berry|[from] move: Knock Off|[of] p2a: Regigigas\n|\n|-heal|p2a: Regigigas|295/329|[from] item: Leftovers\n|upkeep\n|turn|9\n|\n|t:|1771093062\n|move|p2a: Regigigas|Protect|p2a: Regigigas\n|-singleturn|p2a: Regigigas|Protect\n|move|p1a: Whiscash|High Horsepower|p2b: Flutter Mane\n|-damage|p2b: Flutter Mane|0 fnt\n|faint|p2b: Flutter Mane\n|-end|p2b: Flutter Mane|Protosynthesis|[silent]\n|move|p1b: Dedenne|Nuzzle|p2a: Regigigas\n|-activate|p2a: Regigigas|move: Protect\n|\n|-heal|p2a: Regigigas|315/329|[from] item: Leftovers\n|upkeep\n|turn|10\n|\n|t:|1771093080\n|move|p1a: Whiscash|High Horsepower|p2a: Regigigas\n|-damage|p2a: Regigigas|233/329\n|move|p1b: Dedenne|Nuzzle|p2a: Regigigas\n|-damage|p2a: Regigigas|220/329\n|-status|p2a: Regigigas|par\n|move|p2a: Regigigas|Double-Edge|p1b: Dedenne\n|-damage|p1b: Dedenne|0 fnt\n|faint|p1b: Dedenne\n|-damage|p2a: Regigigas|189/329 par|[from] Recoil\n|\n|-heal|p2a: Regigigas|209/329 par|[from] item: Leftovers\n|upkeep\n|\n|t:|1771093088\n|switch|p1b: Magnezone|Magnezone, L84|1/255\n|-activate|p1b: Magnezone|move: Sticky Web\n|-unboost|p1b: Magnezone|spe|1\n|turn|11\n|\n|t:|1771093093\n|move|p2a: Regigigas|Protect|p2a: Regigigas\n|-singleturn|p2a: Regigigas|Protect\n|move|p1a: Whiscash|High Horsepower|p2a: Regigigas\n|-activate|p2a: Regigigas|move: Protect\n|move|p1b: Magnezone|Volt Switch|p2a: Regigigas\n|-activate|p2a: Regigigas|move: Protect\n|\n|-heal|p2a: Regigigas|229/329 par|[from] item: Leftovers\n|-end|p2a: Regigigas|Slow Start\n|upkeep\n|turn|12\n|\n|t:|1771093110\n|move|p1a: Whiscash|High Horsepower|p2a: Regigigas\n|-damage|p2a: Regigigas|153/329 par\n|move|p1b: Magnezone|Volt Switch|p2a: Regigigas\n|-damage|p2a: Regigigas|78/329 par\n|\n|t:|1771093117\n|switch|p1b: Blissey|Blissey, L96, F|645/645|[from] Volt Switch\n|-activate|p1b: Blissey|move: Sticky Web\n|-unboost|p1b: Blissey|spe|1\n|move|p2a: Regigigas|Knock Off|p1b: Blissey\n|-damage|p1b: Blissey|348/645\n|-enditem|p1b: Blissey|Sitrus Berry|[from] move: Knock Off|[of] p2a: Regigigas\n|\n|-heal|p2a: Regigigas|98/329 par|[from] item: Leftovers\n|upkeep\n|turn|13\n|l|☆emizzzzz\n|inactive|emizzzzz disconnected and has a minute to reconnect!\n|player|p2|\n|inactive|emizzzzz has 30 seconds to reconnect!\n|c|☆pejelegante|NO\n|inactive|emizzzzz has 20 seconds to reconnect!\n|c|☆pejelegante|COME BACK HERE!\n|inactive|emizzzzz has 15 seconds to reconnect!\n|inactive|emizzzzz has 10 seconds to reconnect!\n|c|☆pejelegante|NO NO NO!!\n|inactive|emizzzzz has 5 seconds to reconnect!\n|-message|emizzzzz lost due to inactivity.\n|\n|win|pejelegante\n|raw|pejelegante's rating: 1781 &rarr; <strong>1802</strong><br />(+21 for winning)\n|raw|emizzzzz's rating: 1793 &rarr; <strong>1772</strong><br />(-21 for losing)\n|c|☆pejelegante|>:/\n", "inputlog": ">version ccdc32dd7cde25fd9e4bed64820e885f66e78a4e\n>start {\"formatid\":\"gen9randomdoublesbattle\",\"seed\":\"sodium,4dcb5efbadd42829ad7a65f745d3eba5\",\"rated\":\"Rated battle\"}\n>player p1 {\"name\":\"pejelegante\",\"avatar\":\"hugh\",\"rating\":1781,\"seed\":\"sodium,0636b807d4bdd24460db1d6f56481b1f\"}\n>player p2 {\"name\":\"emizzzzz\",\"avatar\":\"flint\",\"rating\":1793,\"seed\":\"sodium,f8fc29ba7399d6aa738e8b9d2336d02b\"}\n>p1 move stickyweb, move electroweb\n>p2 switch 4, switch 3\n>p1 move lunge +2, move voltswitch +2\n>p2 move highhorsepower +2, move encore +1\n>p1 pass, switch 4\n>p1 switch 4, move raindance\n>p2 move muddywater, move followme\n>p1 move flashcannon +1, move muddywater\n>p2 move muddywater, move followme\n>p2 pass, switch 5\n>chat ☆pejelegante|Remember magnezone...\n>chat ☆pejelegante|Dying is gay \n>p1 move voltswitch +2, move energyball +1\n>p2 move muddywater, move stickyweb\n>p1 switch 3, pass\n>p2 switch 4, pass\n>p1 move muddywater, move muddywater\n>p2 move hurricane +2, move circlethrow +1\n>p1 pass, switch 5\n>p2 switch 3, pass\n>p1 move muddywater, move dazzlinggleam\n>p2 move protect, move circlethrow +1\n>p2 pass, switch 6\n>p1 move muddywater, move nuzzle +2\n>p2 move knockoff +2, move dazzlinggleam\n>p1 move highhorsepower +2, move nuzzle +1\n>p2 move protect, move dazzlinggleam\n>p1 move highhorsepower +1, move nuzzle +1\n>p2 move doubleedge +2, pass\n>p1 pass, switch 3\n>p1 move highhorsepower +1, move voltswitch +1\n>p2 move protect, pass\n>p1 move highhorsepower +1, move voltswitch +1\n>p2 move knockoff +2, pass\n>p1 pass, switch 6\n>chat ☆pejelegante|NO\n>chat ☆pejelegante|COME BACK HERE!\n>chat ☆pejelegante|NO NO NO!!\n>forcelose p2", "uploadtime": 1771093194, "views": 70, "formatid": "gen9randomdoublesbattle", "rating": 1772, "private": 0, "password": null}