{"id": "gen9randomdoublesbattle-2534289955", "format": "[Gen 9] Random Doubles Battle", "players": ["JobberKatie", "Jenome"], "log": "|j|☆JobberKatie\n|j|☆Jenome\n|t:|1770405465\n|gametype|doubles\n|player|p1|JobberKatie|bellelba|1665\n|player|p2|Jenome|gentleman-gen4|1799\n|gen|9\n|tier|[Gen 9] Random Doubles Battle\n|rated|\n|rule|Species Clause: Limit one of each Pokémon\n|rule|HP Percentage Mod: HP is shown in percentages\n|rule|Illusion Level Mod: Illusion disguises the Pokémon's true level\n|rule|Sleep Clause Mod: Limit one foe put to sleep\n|\n|t:|1770405465\n|teamsize|p1|6\n|teamsize|p2|6\n|start\n|switch|p1a: Mamoswine|Mamoswine, L82, F|315/315\n|switch|p1b: Great Tusk|Great Tusk, L81|319/319\n|switch|p2a: Ariados|Ariados, F|302/302\n|switch|p2b: Jirachi|Jirachi, L80|291/291\n|turn|1\n|\n|t:|1770405502\n|move|p2b: Jirachi|Iron Head|p1a: Mamoswine\n|-supereffective|p1a: Mamoswine\n|-damage|p1a: Mamoswine|145/315\n|move|p1b: Great Tusk|Headlong Rush|p2a: Ariados\n|-damage|p2a: Ariados|154/302\n|-unboost|p1b: Great Tusk|def|1\n|-unboost|p1b: Great Tusk|spd|1\n|-damage|p1b: Great Tusk|266/319|[from] item: Rocky Helmet|[of] p2a: Ariados\n|move|p1a: Mamoswine|High Horsepower|p2a: Ariados\n|-damage|p2a: Ariados|0 fnt\n|-damage|p1a: Mamoswine|93/315|[from] item: Rocky Helmet|[of] p2a: Ariados\n|faint|p2a: Ariados\n|-damage|p1a: Mamoswine|62/315|[from] item: Life Orb\n|\n|upkeep\n|inactive|Battle timer is ON: inactive players will automatically lose when time's up. (requested by Jenome)\n|\n|t:|1770405517\n|switch|p2a: Suicune|Suicune, L79|288/288\n|turn|2\n|\n|t:|1770405527\n|move|p2b: Jirachi|Iron Head|p1b: Great Tusk\n|-damage|p1b: Great Tusk|169/319\n|cant|p1b: Great Tusk|flinch\n|move|p2a: Suicune|Scald|p1a: Mamoswine\n|-supereffective|p1a: Mamoswine\n|-damage|p1a: Mamoswine|0 fnt\n|faint|p1a: Mamoswine\n|\n|upkeep\n|\n|t:|1770405541\n|switch|p1a: Clefable|Clefable, L87, F|307/307\n|turn|3\n|\n|t:|1770405551\n|move|p1a: Clefable|Follow Me|p1a: Clefable\n|-singleturn|p1a: Clefable|move: Follow Me\n|move|p2b: Jirachi|Iron Head|p1a: Clefable\n|-supereffective|p1a: Clefable\n|-damage|p1a: Clefable|131/307\n|-damage|p2b: Jirachi|243/291|[from] item: Rocky Helmet|[of] p1a: Clefable\n|move|p1b: Great Tusk|Headlong Rush|p2b: Jirachi\n|-supereffective|p2b: Jirachi\n|-damage|p2b: Jirachi|0 fnt\n|-unboost|p1b: Great Tusk|def|1\n|-unboost|p1b: Great Tusk|spd|1\n|faint|p2b: Jirachi\n|move|p2a: Suicune|Scald|p1a: Clefable\n|-damage|p1a: Clefable|58/307\n|\n|upkeep\n|\n|t:|1770405561\n|switch|p2b: Drednaw|Drednaw, L83, M|285/285\n|turn|4\n|\n|t:|1770405577\n|-terastallize|p2b: Drednaw|Water\n|move|p1a: Clefable|Follow Me|p1a: Clefable\n|-singleturn|p1a: Clefable|move: Follow Me\n|move|p1b: Great Tusk|Headlong Rush|p2b: Drednaw\n|-damage|p2b: Drednaw|125/285\n|-unboost|p1b: Great Tusk|def|1\n|-unboost|p1b: Great Tusk|spd|1\n|move|p2a: Suicune|Calm Mind|p2a: Suicune\n|-boost|p2a: Suicune|spa|1\n|-boost|p2a: Suicune|spd|1\n|move|p2b: Drednaw|Shell Smash|p2b: Drednaw\n|-unboost|p2b: Drednaw|def|1\n|-unboost|p2b: Drednaw|spd|1\n|-boost|p2b: Drednaw|atk|2\n|-boost|p2b: Drednaw|spa|2\n|-boost|p2b: Drednaw|spe|2\n|-enditem|p2b: Drednaw|White Herb\n|-clearnegativeboost|p2b: Drednaw|[silent]\n|\n|upkeep\n|turn|5\n|\n|t:|1770405585\n|move|p1a: Clefable|Follow Me|p1a: Clefable\n|-singleturn|p1a: Clefable|move: Follow Me\n|move|p2b: Drednaw|Rock Slide|p1b: Great Tusk|[spread] p1a,p1b\n|-resisted|p1b: Great Tusk\n|-damage|p1a: Clefable|0 fnt\n|-damage|p1b: Great Tusk|103/319\n|faint|p1a: Clefable\n|move|p1b: Great Tusk|Headlong Rush|p2b: Drednaw\n|-damage|p2b: Drednaw|0 fnt\n|-unboost|p1b: Great Tusk|def|1\n|-unboost|p1b: Great Tusk|spd|1\n|faint|p2b: Drednaw\n|move|p2a: Suicune|Scald|p1b: Great Tusk\n|-supereffective|p1b: Great Tusk\n|-damage|p1b: Great Tusk|0 fnt\n|faint|p1b: Great Tusk\n|-end|p1b: Great Tusk|Protosynthesis|[silent]\n|\n|upkeep\n|\n|t:|1770405593\n|switch|p1b: Crabominable|Crabominable, L89, M|317/317\n|switch|p2b: Miraidon|Miraidon, L65|238/238\n|switch|p1a: Skeledirge|Skeledirge, L80, M|298/298\n|-fieldstart|move: Electric Terrain|[from] ability: Hadron Engine|[of] p2b: Miraidon\n|turn|6\n|\n|t:|1770405606\n|switch|p1a: Vaporeon|Vaporeon, L84, F|356/356\n|move|p2b: Miraidon|Electro Drift|p1b: Crabominable\n|-damage|p1b: Crabominable|110/317\n|-damage|p2b: Miraidon|215/238|[from] item: Life Orb\n|move|p2a: Suicune|Scald|p1b: Crabominable\n|-damage|p1b: Crabominable|0 fnt\n|faint|p1b: Crabominable\n|\n|upkeep\n|\n|t:|1770405617\n|switch|p1b: Skeledirge|Skeledirge, L80, M|298/298\n|turn|7\n|\n|t:|1770405627\n|-terastallize|p1a: Vaporeon|Fire\n|move|p2b: Miraidon|Electro Drift|p1b: Skeledirge\n|-damage|p1b: Skeledirge|56/298\n|-damage|p2b: Miraidon|192/238|[from] item: Life Orb\n|move|p2a: Suicune|Scald|p1b: Skeledirge\n|-supereffective|p1b: Skeledirge\n|-damage|p1b: Skeledirge|0 fnt\n|faint|p1b: Skeledirge\n|move|p1a: Vaporeon|Icy Wind|p2b: Miraidon|[spread] p2a,p2b\n|-resisted|p2a: Suicune\n|-supereffective|p2b: Miraidon\n|-damage|p2a: Suicune|278/288\n|-damage|p2b: Miraidon|124/238\n|-unboost|p2a: Suicune|spe|1\n|-unboost|p2b: Miraidon|spe|1\n|\n|-heal|p2a: Suicune|288/288|[from] item: Leftovers\n|upkeep\n|turn|8\n|\n|t:|1770405642\n|move|p1a: Vaporeon|Protect|p1a: Vaporeon\n|-singleturn|p1a: Vaporeon|Protect\n|move|p2b: Miraidon|Volt Switch|p1a: Vaporeon\n|-activate|p1a: Vaporeon|move: Protect\n|move|p2a: Suicune|Calm Mind|p2a: Suicune\n|-boost|p2a: Suicune|spa|1\n|-boost|p2a: Suicune|spd|1\n|\n|upkeep\n|turn|9\n|\n|t:|1770405655\n|move|p1a: Vaporeon|Icy Wind|p2a: Suicune|[spread] p2a,p2b\n|-resisted|p2a: Suicune\n|-supereffective|p2b: Miraidon\n|-damage|p2a: Suicune|282/288\n|-damage|p2b: Miraidon|54/238\n|-unboost|p2a: Suicune|spe|1\n|-unboost|p2b: Miraidon|spe|1\n|move|p2b: Miraidon|Volt Switch|p1a: Vaporeon\n|-damage|p1a: Vaporeon|230/356\n|-damage|p2b: Miraidon|31/238|[from] item: Life Orb\n|\n|t:|1770405659\n|switch|p2b: Maushold|Maushold-Four, L79|247/247|[from] Volt Switch\n|move|p2a: Suicune|Calm Mind|p2a: Suicune\n|-boost|p2a: Suicune|spa|1\n|-boost|p2a: Suicune|spd|1\n|\n|-heal|p2a: Suicune|288/288|[from] item: Leftovers\n|upkeep\n|turn|10\n|\n|t:|1770405676\n|move|p2b: Maushold|Tidy Up|p2b: Maushold\n|-boost|p2b: Maushold|atk|1\n|-boost|p2b: Maushold|spe|1\n|move|p1a: Vaporeon|Icy Wind|p2b: Maushold|[spread] p2a,p2b\n|-resisted|p2a: Suicune\n|-damage|p2a: Suicune|283/288\n|-damage|p2b: Maushold|210/247\n|-unboost|p2a: Suicune|spe|1\n|-unboost|p2b: Maushold|spe|1\n|move|p2a: Suicune|Ice Beam|p1a: Vaporeon\n|-resisted|p1a: Vaporeon\n|-damage|p1a: Vaporeon|169/356\n|-enditem|p1a: Vaporeon|Sitrus Berry|[eat]\n|-heal|p1a: Vaporeon|258/356|[from] item: Sitrus Berry\n|\n|-heal|p2a: Suicune|288/288|[from] item: Leftovers\n|-fieldend|move: Electric Terrain\n|upkeep\n|turn|11\n|c|☆Jenome|gg\n|\n|t:|1770405696\n|move|p2b: Maushold|Population Bomb|p1a: Vaporeon\n|-damage|p1a: Vaporeon|215/356\n|-damage|p1a: Vaporeon|167/356\n|-damage|p1a: Vaporeon|116/356\n|-damage|p1a: Vaporeon|71/356\n|-damage|p1a: Vaporeon|28/356\n|-hitcount|p1a: Vaporeon|5\n|move|p1a: Vaporeon|Yawn|p2a: Suicune\n|-start|p2a: Suicune|move: Yawn|[of] p1a: Vaporeon\n|move|p2a: Suicune|Ice Beam|p1a: Vaporeon\n|-resisted|p1a: Vaporeon\n|-damage|p1a: Vaporeon|0 fnt\n|faint|p1a: Vaporeon\n|\n|win|Jenome\n|raw|JobberKatie's rating: 1665 &rarr; <strong>1652</strong><br />(-13 for losing)\n|raw|Jenome's rating: 1799 &rarr; <strong>1812</strong><br />(+13 for winning)\n|l|☆JobberKatie\n|player|p1|\n", "inputlog": ">version ccdc32dd7cde25fd9e4bed64820e885f66e78a4e\n>start {\"formatid\":\"gen9randomdoublesbattle\",\"seed\":\"sodium,496630cbb247a47b45bbd9b285d57320\",\"rated\":\"Rated battle\"}\n>player p1 {\"name\":\"JobberKatie\",\"avatar\":\"bellelba\",\"rating\":1665,\"seed\":\"sodium,4dfc0787e533a4287505e86fa3cd3a7f\"}\n>player p2 {\"name\":\"Jenome\",\"avatar\":\"gentleman-gen4\",\"rating\":1799,\"seed\":\"sodium,b57b4ba4e05b56975ba034b08e0cfeda\"}\n>p1 move highhorsepower +1, move headlongrush +1\n>p2 move stickyweb, move ironhead +1\n>p2 switch 6, pass\n>p1 move highhorsepower +2, move headlongrush +2\n>p2 move scald +1, move ironhead +2\n>p1 switch 6, pass\n>p1 move followme, move headlongrush +2\n>p2 move scald +2, move ironhead +1\n>p2 pass, switch 3\n>p1 move followme, move headlongrush +2\n>p2 move calmmind, move shellsmash terastallize\n>p1 move followme, move headlongrush +2\n>p2 move scald +2, move rockslide\n>p1 switch 5, switch 3\n>p2 pass, switch 4\n>p1 switch 4, move icehammer +2\n>p2 move scald +2, move electrodrift +2\n>p1 pass, switch 4\n>p1 move icywind terastallize, move shadowball +2\n>p2 move scald +2, move electrodrift +2\n>p1 move protect, pass\n>p2 move calmmind, move voltswitch +1\n>p1 move icywind, pass\n>p2 move calmmind, move voltswitch +1\n>p2 pass, switch 5\n>p1 move icywind, pass\n>p2 move icebeam +1, move tidyup\n>chat ☆Jenome|gg\n>p1 move yawn +1, pass\n>p2 move icebeam +1, move populationbomb +1", "uploadtime": 1770405711, "views": 86, "formatid": "gen9randomdoublesbattle", "rating": 1652, "private": 0, "password": null}