{"id": "gen9randomdoublesbattle-2538403781", "format": "[Gen 9] Random Doubles Battle", "players": ["baseballlover", "el teq"], "log": "|j|☆baseballlover\n|j|☆el teq\n|t:|1770924373\n|gametype|doubles\n|player|p1|baseballlover|266|1647\n|player|p2|el teq|cyclist-gen4|1613\n|gen|9\n|tier|[Gen 9] Random Doubles Battle\n|rated|\n|rule|Species Clause: Limit one of each Pokémon\n|rule|HP Percentage Mod: HP is shown in percentages\n|rule|Illusion Level Mod: Illusion disguises the Pokémon's true level\n|rule|Sleep Clause Mod: Limit one foe put to sleep\n|\n|t:|1770924373\n|teamsize|p1|6\n|teamsize|p2|6\n|start\n|switch|p1a: Tauros|Tauros, L82, M|257/257\n|switch|p1b: Mewtwo|Mewtwo, L73|275/275\n|switch|p2a: Chandelure|Chandelure, L81, F|230/230\n|switch|p2b: Minior|Minior-Blue, L83|232/232\n|-ability|p1b: Mewtwo|Unnerve\n|-ability|p1a: Tauros|Intimidate|boost\n|-unboost|p2a: Chandelure|atk|1\n|-unboost|p2b: Minior|atk|1\n|-formechange|p2b: Minior|Minior-Meteor||[from] ability: Shields Down\n|-enditem|p2b: Minior|White Herb\n|-clearnegativeboost|p2b: Minior|[silent]\n|turn|1\n|inactive|Battle timer is ON: inactive players will automatically lose when time's up. (requested by baseballlover)\n|\n|t:|1770924396\n|move|p2a: Chandelure|Protect|p2a: Chandelure\n|-singleturn|p2a: Chandelure|Protect\n|move|p1b: Mewtwo|Psystrike|p2b: Minior\n|-damage|p2b: Minior|124/232\n|move|p1a: Tauros|Lash Out|p2a: Chandelure\n|-activate|p2a: Chandelure|move: Protect\n|move|p2b: Minior|Shell Smash|p2b: Minior\n|-unboost|p2b: Minior|def|1\n|-unboost|p2b: Minior|spd|1\n|-boost|p2b: Minior|atk|2\n|-boost|p2b: Minior|spa|2\n|-boost|p2b: Minior|spe|2\n|\n|upkeep\n|turn|2\n|\n|t:|1770924412\n|switch|p2a: Clefable|Clefable, L87, M|307/307\n|move|p2b: Minior|Acrobatics|p1b: Mewtwo\n|-damage|p1b: Mewtwo|92/275\n|move|p1b: Mewtwo|Psystrike|p2b: Minior\n|-damage|p2b: Minior|0 fnt\n|faint|p2b: Minior\n|move|p1a: Tauros|Lash Out|p2a: Clefable\n|-resisted|p2a: Clefable\n|-damage|p2a: Clefable|266/307\n|-damage|p1a: Tauros|215/257|[from] item: Rocky Helmet|[of] p2a: Clefable\n|\n|-heal|p1b: Mewtwo|109/275|[from] item: Leftovers\n|upkeep\n|\n|t:|1770924430\n|switch|p2b: Cramorant|Cramorant, L86, M|261/261\n|turn|3\n|inactive|baseballlover has 120 seconds left.\n|\n|t:|1770924466\n|switch|p1b: Carbink|Carbink, L88|231/231\n|switch|p1a: Slowking|Slowking, L88, F|310/310\n|move|p2b: Cramorant|Tailwind|p2b: Cramorant\n|-sidestart|p2: el teq|move: Tailwind\n|move|p2a: Clefable|Moonblast|p1b: Carbink\n|-damage|p1b: Carbink|161/231\n|\n|-heal|p1b: Carbink|175/231|[from] item: Leftovers\n|upkeep\n|turn|4\n|\n|t:|1770924478\n|switch|p2a: Sawsbuck|Sawsbuck, L91, F|293/293\n|move|p2b: Cramorant|Surf|p1a: Slowking|[spread] p2a,p1a,p1b\n|-formechange|p2b: Cramorant|Cramorant-Gulping|\n|-resisted|p2a: Sawsbuck\n|-crit|p2a: Sawsbuck\n|-resisted|p1a: Slowking\n|-crit|p1a: Slowking\n|-supereffective|p1b: Carbink\n|-damage|p2a: Sawsbuck|236/293\n|-damage|p1a: Slowking|269/310\n|-damage|p1b: Carbink|91/231\n|move|p1b: Carbink|Iron Defense|p1b: Carbink\n|-boost|p1b: Carbink|def|2\n|move|p1a: Slowking|Trick Room|p1a: Slowking\n|-fieldstart|move: Trick Room|[of] p1a: Slowking\n|\n|-heal|p1b: Carbink|105/231|[from] item: Leftovers\n|upkeep\n|turn|5\n|\n|t:|1770924506\n|switch|p2a: Chandelure|Chandelure, L81, F|230/230\n|move|p1a: Slowking|Fire Blast|p2a: Chandelure\n|-start|p2a: Chandelure|ability: Flash Fire\n|move|p1b: Carbink|Moonblast|p2b: Cramorant\n|-damage|p2b: Cramorant|195/261\n|-unboost|p2b: Cramorant|spa|1\n|-damage|p1b: Carbink|48/231|[from] ability: Gulp Missile|[of] p2b: Cramorant\n|-fail|p1b: Carbink|unboost|[from] ability: Clear Body|[of] p1b: Carbink\n|-formechange|p2b: Cramorant|Cramorant|\n|move|p2b: Cramorant|Brave Bird|p1a: Slowking\n|-damage|p1a: Slowking|134/310\n|-damage|p2b: Cramorant|150/261|[from] Recoil\n|\n|-heal|p1b: Carbink|62/231|[from] item: Leftovers\n|upkeep\n|turn|6\n|\n|t:|1770924522\n|move|p2a: Chandelure|Protect|p2a: Chandelure\n|-singleturn|p2a: Chandelure|Protect\n|move|p1a: Slowking|Scald|p2a: Chandelure\n|-activate|p2a: Chandelure|move: Protect\n|move|p1b: Carbink|Body Press|p2b: Cramorant\n|-resisted|p2b: Cramorant\n|-damage|p2b: Cramorant|39/261\n|-enditem|p2b: Cramorant|Sitrus Berry|[eat]\n|-heal|p2b: Cramorant|104/261|[from] item: Sitrus Berry\n|move|p2b: Cramorant|Surf|p1a: Slowking|[spread] p1a,p1b\n|-activate|p2a: Chandelure|move: Protect\n|-formechange|p2b: Cramorant|Cramorant-Gorging|\n|-resisted|p1a: Slowking\n|-supereffective|p1b: Carbink\n|-damage|p1a: Slowking|116/310\n|-damage|p1b: Carbink|8/231\n|\n|-heal|p1b: Carbink|22/231|[from] item: Leftovers\n|-sideend|p2: el teq|move: Tailwind\n|upkeep\n|turn|7\n|\n|t:|1770924539\n|-end|p2a: Chandelure|ability: Flash Fire|[silent]\n|switch|p2a: Sawsbuck|Sawsbuck, L91, F|236/293\n|move|p1a: Slowking|Scald|p2a: Sawsbuck\n|-resisted|p2a: Sawsbuck\n|-damage|p2a: Sawsbuck|166/293\n|-status|p2a: Sawsbuck|brn\n|-damage|p1a: Slowking|85/310|[from] item: Life Orb\n|move|p1b: Carbink|Body Press|p2b: Cramorant\n|-resisted|p2b: Cramorant\n|-damage|p2b: Cramorant|0 fnt\n|-damage|p1b: Carbink|0 fnt|[from] ability: Gulp Missile|[of] p2b: Cramorant\n|-formechange|p2b: Cramorant|Cramorant|\n|faint|p2b: Cramorant\n|faint|p1b: Carbink\n|\n|-damage|p2a: Sawsbuck|148/293 brn|[from] brn\n|upkeep\n|inactive|baseballlover has 120 seconds left.\n|\n|t:|1770924564\n|switch|p1b: Rotom|Rotom-Heat, L84|221/221\n|switch|p2b: Chandelure|Chandelure, L81, F|230/230\n|turn|8\n|\n|t:|1770924575\n|move|p2b: Chandelure|Protect|p2b: Chandelure\n|-singleturn|p2b: Chandelure|Protect\n|move|p1a: Slowking|Scald|p2b: Chandelure\n|-activate|p2b: Chandelure|move: Protect\n|move|p1b: Rotom|Overheat|p2a: Sawsbuck\n|-supereffective|p2a: Sawsbuck\n|-damage|p2a: Sawsbuck|0 fnt\n|-unboost|p1b: Rotom|spa|2\n|faint|p2a: Sawsbuck\n|\n|-fieldend|move: Trick Room\n|upkeep\n|\n|t:|1770924583\n|switch|p2a: Clefable|Clefable, L87, M|266/307\n|turn|9\n|\n|t:|1770924598\n|switch|p1a: Talonflame|Talonflame, L82, F|262/262\n|move|p1b: Rotom|Thunderbolt|p2b: Chandelure\n|-damage|p2b: Chandelure|176/230\n|move|p2b: Chandelure|Shadow Ball|p1a: Talonflame\n|-damage|p1a: Talonflame|77/262\n|-enditem|p1a: Talonflame|Sitrus Berry|[eat]\n|-heal|p1a: Talonflame|142/262|[from] item: Sitrus Berry\n|-damage|p2b: Chandelure|153/230|[from] item: Life Orb\n|move|p2a: Clefable|Encore|p1b: Rotom\n|-start|p1b: Rotom|Encore\n|\n|upkeep\n|turn|10\n|\n|t:|1770924609\n|switch|p1b: Slowking|Slowking, L88, F|188/310\n|move|p2a: Clefable|Follow Me|p2a: Clefable\n|-singleturn|p2a: Clefable|move: Follow Me\n|move|p1a: Talonflame|Tailwind|p1a: Talonflame\n|-sidestart|p1: baseballlover|move: Tailwind\n|move|p2b: Chandelure|Shadow Ball|p1a: Talonflame\n|-damage|p1a: Talonflame|0 fnt\n|faint|p1a: Talonflame\n|-damage|p2b: Chandelure|130/230|[from] item: Life Orb\n|\n|upkeep\n|\n|t:|1770924617\n|switch|p1a: Tauros|Tauros, L82, M|215/257\n|-ability|p1a: Tauros|Intimidate|boost\n|-unboost|p2a: Clefable|atk|1\n|-unboost|p2b: Chandelure|atk|1\n|turn|11\n|\n|t:|1770924622\n|move|p2a: Clefable|Follow Me|p2a: Clefable\n|-singleturn|p2a: Clefable|move: Follow Me\n|move|p1a: Tauros|Double-Edge|p2a: Clefable\n|-damage|p2a: Clefable|80/307\n|-damage|p1a: Tauros|173/257|[from] item: Rocky Helmet|[of] p2a: Clefable\n|-damage|p1a: Tauros|112/257|[from] Recoil\n|move|p2b: Chandelure|Shadow Ball|p1b: Slowking\n|-supereffective|p1b: Slowking\n|-damage|p1b: Slowking|0 fnt\n|faint|p1b: Slowking\n|-damage|p2b: Chandelure|107/230|[from] item: Life Orb\n|\n|upkeep\n|\n|t:|1770924629\n|switch|p1b: Rotom|Rotom-Heat, L84|221/221\n|turn|12\n|\n|t:|1770924652\n|move|p1a: Tauros|Double-Edge|p2a: Clefable\n|-damage|p2a: Clefable|0 fnt\n|-damage|p1a: Tauros|70/257|[from] item: Rocky Helmet|[of] p2a: Clefable\n|faint|p2a: Clefable\n|-damage|p1a: Tauros|44/257|[from] Recoil\n|move|p1b: Rotom|Thunderbolt|p2b: Chandelure\n|-damage|p2b: Chandelure|5/230\n|move|p2b: Chandelure|Shadow Ball|p1b: Rotom\n|-damage|p1b: Rotom|100/221\n|-enditem|p1b: Rotom|Sitrus Berry|[eat]\n|-heal|p1b: Rotom|155/221|[from] item: Sitrus Berry\n|-damage|p2b: Chandelure|0 fnt|[from] item: Life Orb\n|faint|p2b: Chandelure\n|\n|upkeep\n|\n|t:|1770924663\n|switch|p2a: Garchomp|Garchomp, L77, M|293/293\n|turn|13\n|\n|t:|1770924673\n|move|p1a: Tauros|Double-Edge|p2a: Garchomp\n|-damage|p2a: Garchomp|112/293\n|-damage|p1a: Tauros|12/257|[from] ability: Rough Skin|[of] p2a: Garchomp\n|-damage|p1a: Tauros|0 fnt|[from] Recoil\n|faint|p1a: Tauros\n|move|p1b: Rotom|Will-O-Wisp|p2a: Garchomp\n|-status|p2a: Garchomp|brn\n|move|p2a: Garchomp|Scale Shot|p1b: Rotom\n|-damage|p1b: Rotom|143/221\n|-damage|p1b: Rotom|131/221\n|-damage|p1b: Rotom|118/221\n|-damage|p1b: Rotom|105/221\n|-damage|p1b: Rotom|93/221\n|-hitcount|p1b: Rotom|5\n|-unboost|p2a: Garchomp|def|1\n|-boost|p2a: Garchomp|spe|1\n|\n|-damage|p2a: Garchomp|94/293 brn|[from] brn\n|-sideend|p1: baseballlover|move: Tailwind\n|upkeep\n|\n|t:|1770924680\n|switch|p1a: Mewtwo|Mewtwo, L73|109/275\n|-ability|p1a: Mewtwo|Unnerve\n|turn|14\n|\n|t:|1770924697\n|-terastallize|p2a: Garchomp|Fire\n|move|p2a: Garchomp|Earthquake|p1b: Rotom|[spread] p1a\n|-immune|p1b: Rotom|[from] ability: Levitate\n|-damage|p1a: Mewtwo|61/275\n|move|p1a: Mewtwo|Psystrike|p2a: Garchomp\n|-damage|p2a: Garchomp|0 fnt\n|faint|p2a: Garchomp\n|\n|win|baseballlover\n|raw|baseballlover's rating: 1647 &rarr; <strong>1665</strong><br />(+18 for winning)\n|raw|el teq's rating: 1613 &rarr; <strong>1595</strong><br />(-18 for losing)\n", "inputlog": ">version ccdc32dd7cde25fd9e4bed64820e885f66e78a4e\n>start {\"formatid\":\"gen9randomdoublesbattle\",\"seed\":\"sodium,c416c58f9238a6fbd1a90c51ab60732d\",\"rated\":\"Rated battle\"}\n>player p1 {\"name\":\"baseballlover\",\"avatar\":\"266\",\"rating\":1647,\"seed\":\"sodium,d2bbaa63d26d3170cc416147cef1dd79\"}\n>player p2 {\"name\":\"el teq\",\"avatar\":\"cyclist-gen4\",\"rating\":1613,\"seed\":\"sodium,1208234392da9e4194dd2c50c90ee16c\"}\n>p1 move lashout +1, move psystrike +2\n>p2 move protect, move shellsmash\n>p1 move lashout +1, move psystrike +2\n>p2 switch 6, move acrobatics +2\n>p2 pass, switch 3\n>p1 switch 3, switch 4\n>p2 move moonblast +2, move tailwind\n>p1 move trickroom, move irondefense\n>p2 switch 4, move surf\n>p1 move fireblast +1, move moonblast +2\n>p2 switch 6, move bravebird +1\n>p1 move scald +1, move bodypress +2\n>p2 move protect, move surf\n>p1 move scald +1, move bodypress +2\n>p2 switch 6, move bravebird +1\n>p1 pass, switch 6\n>p2 pass, switch 6\n>p1 move scald +2, move overheat +1\n>p2 move hornleech +1, move protect\n>p2 switch 4, pass\n>p1 switch 5, move thunderbolt +2\n>p2 move encore +2, move shadowball +1\n>p1 move tailwind, switch 5\n>p2 move followme, move shadowball +1\n>p1 switch 3, pass\n>p1 move doubleedge +1, move scald +2\n>p2 move followme, move shadowball +2\n>p1 pass, switch 5\n>p1 move doubleedge +1, move thunderbolt +2\n>p2 move moonlight, move shadowball +2\n>p2 switch 5, pass\n>p1 move doubleedge +1, move willowisp +1\n>p2 move scaleshot +1, pass\n>p1 switch 4, pass\n>p1 move psystrike +1, move overheat +1\n>p2 move earthquake terastallize, pass", "uploadtime": 1770924697, "views": 70, "formatid": "gen9randomdoublesbattle", "rating": 1595, "private": 0, "password": null}