{"id": "gen9randomdoublesbattle-2537290547", "format": "[Gen 9] Random Doubles Battle", "players": ["baseballlover", "rrxt"], "log": "|j|☆baseballlover\n|j|☆rrxt\n|t:|1770791803\n|gametype|doubles\n|player|p1|baseballlover|266|1615\n|player|p2|rrxt|sabrina|1735\n|gen|9\n|tier|[Gen 9] Random Doubles Battle\n|rated|\n|rule|Species Clause: Limit one of each Pokémon\n|rule|HP Percentage Mod: HP is shown in percentages\n|rule|Illusion Level Mod: Illusion disguises the Pokémon's true level\n|rule|Sleep Clause Mod: Limit one foe put to sleep\n|\n|t:|1770791803\n|teamsize|p1|6\n|teamsize|p2|6\n|start\n|switch|p1a: Regieleki|Regieleki, L79|256/256\n|switch|p1b: Sceptile|Sceptile, L88, F|266/266\n|switch|p2a: Araquanid|Araquanid, L84, M|251/251\n|switch|p2b: Giratina|Giratina, L76|353/353\n|-ability|p2b: Giratina|Pressure\n|turn|1\n|inactive|Battle timer is ON: inactive players will automatically lose when time's up. (requested by baseballlover)\n|\n|t:|1770791818\n|move|p1a: Regieleki|Thunderbolt|p2a: Araquanid\n|-supereffective|p2a: Araquanid\n|-damage|p2a: Araquanid|69/251\n|-enditem|p2a: Araquanid|Sitrus Berry|[eat]\n|-heal|p2a: Araquanid|131/251|[from] item: Sitrus Berry\n|move|p1b: Sceptile|Shed Tail|p1b: Sceptile\n|-start|p1b: Sceptile|Substitute|[from] move: Shed Tail\n|-damage|p1b: Sceptile|133/266\n|-enditem|p1b: Sceptile|Sitrus Berry|[eat]\n|-heal|p1b: Sceptile|199/266|[from] item: Sitrus Berry\n|\n|t:|1770791830\n|switch|p1b: Altaria|Altaria, L91, M|284/284|[from] Shed Tail\n|move|p2b: Giratina|Icy Wind|p1b: Altaria|[spread] p1a,p1b\n|-supereffective|p1b: Altaria\n|-end|p1b: Altaria|Substitute\n|-damage|p1a: Regieleki|220/256\n|-unboost|p1a: Regieleki|spe|1\n|move|p2a: Araquanid|Sticky Web|p1b: Altaria\n|-sidestart|p1: baseballlover|move: Sticky Web\n|\n|upkeep\n|turn|2\n|\n|t:|1770791843\n|move|p2a: Araquanid|Protect|p2a: Araquanid\n|-singleturn|p2a: Araquanid|Protect\n|move|p1a: Regieleki|Thunderbolt|p2a: Araquanid\n|-activate|p2a: Araquanid|move: Protect\n|move|p1b: Altaria|Brave Bird|p2b: Giratina\n|-damage|p2b: Giratina|254/353\n|-damage|p1b: Altaria|251/284|[from] Recoil\n|move|p2b: Giratina|Icy Wind|p1b: Altaria|[spread] p1a,p1b\n|-supereffective|p1b: Altaria\n|-damage|p1a: Regieleki|182/256\n|-damage|p1b: Altaria|179/284\n|-unboost|p1a: Regieleki|spe|1\n|-unboost|p1b: Altaria|spe|1\n|\n|upkeep\n|turn|3\n|\n|t:|1770791867\n|switch|p2a: Lunala|Lunala, L71|312/312\n|move|p2b: Giratina|Breaking Swipe|p1a: Regieleki|[spread] p1a,p1b\n|-crit|p1a: Regieleki\n|-supereffective|p1b: Altaria\n|-damage|p1a: Regieleki|94/256\n|-damage|p1b: Altaria|107/284\n|-unboost|p1a: Regieleki|atk|1\n|-unboost|p1b: Altaria|atk|1\n|-enditem|p1b: Altaria|Sitrus Berry|[eat]\n|-heal|p1b: Altaria|178/284|[from] item: Sitrus Berry\n|move|p1a: Regieleki|Thunderbolt|p2a: Lunala\n|-damage|p2a: Lunala|240/312\n|move|p1b: Altaria|Will-O-Wisp|p2b: Giratina|[miss]\n|-miss|p1b: Altaria|p2b: Giratina\n|\n|-heal|p2a: Lunala|259/312|[from] item: Leftovers\n|upkeep\n|turn|4\n|\n|t:|1770791883\n|move|p2b: Giratina|Icy Wind|p1b: Altaria|[spread] p1a,p1b\n|-supereffective|p1b: Altaria\n|-damage|p1a: Regieleki|52/256\n|-damage|p1b: Altaria|102/284\n|-unboost|p1a: Regieleki|spe|1\n|-unboost|p1b: Altaria|spe|1\n|move|p2a: Lunala|Calm Mind|p2a: Lunala\n|-boost|p2a: Lunala|spa|1\n|-boost|p2a: Lunala|spd|1\n|move|p1a: Regieleki|Electroweb|p2a: Lunala|[spread] p2a,p2b\n|-crit|p2a: Lunala\n|-resisted|p2b: Giratina\n|-damage|p2a: Lunala|162/312\n|-damage|p2b: Giratina|227/353\n|-unboost|p2a: Lunala|spe|1\n|-unboost|p2b: Giratina|spe|1\n|move|p1b: Altaria|Will-O-Wisp|p2b: Giratina\n|-status|p2b: Giratina|brn\n|\n|-heal|p2a: Lunala|181/312|[from] item: Leftovers\n|-damage|p2b: Giratina|205/353 brn|[from] brn\n|upkeep\n|turn|5\n|inactive|baseballlover has 120 seconds left.\n|\n|t:|1770791918\n|switch|p1a: Sneasler|Sneasler, L77, F|250/250\n|-activate|p1a: Sneasler|move: Sticky Web\n|-unboost|p1a: Sneasler|spe|1\n|-enditem|p1a: Sneasler|White Herb\n|-clearnegativeboost|p1a: Sneasler|[silent]\n|move|p2b: Giratina|Rest|p2b: Giratina\n|-status|p2b: Giratina|slp|[from] move: Rest\n|-heal|p2b: Giratina|353/353 slp|[silent]\n|-enditem|p2b: Giratina|Chesto Berry|[eat]\n|-curestatus|p2b: Giratina|slp|[msg]\n|move|p2a: Lunala|Moonblast|p1b: Altaria\n|-supereffective|p1b: Altaria\n|-damage|p1b: Altaria|0 fnt\n|faint|p1b: Altaria\n|\n|-heal|p2a: Lunala|200/312|[from] item: Leftovers\n|upkeep\n|\n|t:|1770791929\n|switch|p1b: Inteleon|Inteleon, L78, F|237/237\n|-activate|p1b: Inteleon|move: Sticky Web\n|-unboost|p1b: Inteleon|spe|1\n|turn|6\n|\n|t:|1770791940\n|move|p2a: Lunala|Protect|p2a: Lunala\n|-singleturn|p2a: Lunala|Protect\n|move|p1a: Sneasler|Dire Claw|p2a: Lunala\n|-activate|p2a: Lunala|move: Protect\n|move|p1b: Inteleon|Ice Beam|p2b: Giratina\n|-supereffective|p2b: Giratina\n|-damage|p2b: Giratina|185/353\n|move|p2b: Giratina|Breaking Swipe|p1b: Inteleon|[spread] p1a,p1b\n|-damage|p1a: Sneasler|198/250\n|-damage|p1b: Inteleon|177/237\n|-unboost|p1a: Sneasler|atk|1\n|-unboost|p1b: Inteleon|atk|1\n|\n|-heal|p2a: Lunala|219/312|[from] item: Leftovers\n|upkeep\n|turn|7\n|\n|t:|1770791959\n|move|p1a: Sneasler|Dire Claw|p2a: Lunala\n|-resisted|p2a: Lunala\n|-damage|p2a: Lunala|187/312\n|move|p1b: Inteleon|Ice Beam|p2b: Giratina\n|-supereffective|p2b: Giratina\n|-damage|p2b: Giratina|9/353\n|move|p2b: Giratina|Breaking Swipe|p1b: Inteleon|[spread] p1a,p1b\n|-damage|p1a: Sneasler|138/250\n|-damage|p1b: Inteleon|123/237\n|-unboost|p1a: Sneasler|atk|1\n|-unboost|p1b: Inteleon|atk|1\n|move|p2a: Lunala|Moongeist Beam|p1b: Inteleon\n|-crit|p1b: Inteleon\n|-damage|p1b: Inteleon|0 fnt\n|faint|p1b: Inteleon\n|\n|-heal|p2a: Lunala|206/312|[from] item: Leftovers\n|upkeep\n|\n|t:|1770791978\n|switch|p1b: Regieleki|Regieleki, L79|52/256\n|-activate|p1b: Regieleki|move: Sticky Web\n|-unboost|p1b: Regieleki|spe|1\n|turn|8\n|\n|t:|1770791987\n|move|p1a: Sneasler|Dire Claw|p2a: Lunala\n|-resisted|p2a: Lunala\n|-damage|p2a: Lunala|182/312\n|-status|p2a: Lunala|slp\n|move|p1b: Regieleki|Electroweb|p2b: Giratina|[spread] p2a,p2b\n|-resisted|p2b: Giratina\n|-damage|p2a: Lunala|140/312 slp\n|-damage|p2b: Giratina|0 fnt\n|-unboost|p2a: Lunala|spe|1\n|faint|p2b: Giratina\n|cant|p2a: Lunala|slp\n|\n|-heal|p2a: Lunala|159/312 slp|[from] item: Leftovers\n|upkeep\n|\n|t:|1770792002\n|switch|p2b: Falinks|Falinks, L87|255/255\n|turn|9\n|\n|t:|1770792014\n|-curestatus|p2a: Lunala|slp|[msg]\n|move|p2a: Lunala|Protect|p2a: Lunala\n|-singleturn|p2a: Lunala|Protect\n|move|p1a: Sneasler|Swords Dance|p1a: Sneasler\n|-boost|p1a: Sneasler|atk|2\n|move|p1b: Regieleki|Thunderbolt|p2b: Falinks\n|-damage|p2b: Falinks|72/255\n|move|p2b: Falinks|No Retreat|p2b: Falinks\n|-boost|p2b: Falinks|atk|1\n|-boost|p2b: Falinks|def|1\n|-boost|p2b: Falinks|spa|1\n|-boost|p2b: Falinks|spd|1\n|-boost|p2b: Falinks|spe|1\n|-start|p2b: Falinks|move: No Retreat\n|\n|-heal|p2a: Lunala|178/312|[from] item: Leftovers\n|upkeep\n|turn|10\n|\n|t:|1770792031\n|move|p1a: Sneasler|Close Combat|p2b: Falinks\n|-damage|p2b: Falinks|0 fnt\n|-unboost|p1a: Sneasler|def|1\n|-unboost|p1a: Sneasler|spd|1\n|faint|p2b: Falinks\n|move|p1b: Regieleki|Thunderbolt|p2a: Lunala\n|-crit|p2a: Lunala\n|-damage|p2a: Lunala|0 fnt\n|faint|p2a: Lunala\n|\n|upkeep\n|\n|t:|1770792037\n|switch|p2b: Squawkabilly|Squawkabilly-White, L91, M|297/297\n|switch|p2a: Dragonite|Dragonite, L82, M|283/283\n|-ability|p2b: Squawkabilly|Intimidate|boost\n|-unboost|p1a: Sneasler|atk|1\n|-unboost|p1b: Regieleki|atk|1\n|turn|11\n|\n|t:|1770792046\n|move|p2b: Squawkabilly|Protect|p2b: Squawkabilly\n|-singleturn|p2b: Squawkabilly|Protect\n|move|p1a: Sneasler|Dire Claw|p2a: Dragonite\n|-damage|p2a: Dragonite|219/283\n|move|p1b: Regieleki|Thunderbolt|p2b: Squawkabilly\n|-activate|p2b: Squawkabilly|move: Protect\n|move|p2a: Dragonite|Tailwind|p2a: Dragonite\n|-sidestart|p2: rrxt|move: Tailwind\n|\n|upkeep\n|turn|12\n|\n|t:|1770792068\n|move|p1a: Sneasler|Dire Claw|p2a: Dragonite\n|-damage|p2a: Dragonite|158/283\n|-status|p2a: Dragonite|slp\n|move|p2b: Squawkabilly|Double-Edge|p1b: Regieleki\n|-damage|p1b: Regieleki|0 fnt\n|faint|p1b: Regieleki\n|-damage|p2b: Squawkabilly|280/297|[from] Recoil\n|-damage|p2b: Squawkabilly|251/297|[from] item: Life Orb\n|cant|p2a: Dragonite|slp\n|\n|upkeep\n|\n|t:|1770792080\n|switch|p1b: Sawsbuck|Sawsbuck-Autumn, L91, M|293/293\n|-activate|p1b: Sawsbuck|move: Sticky Web\n|-unboost|p1b: Sawsbuck|spe|1\n|turn|13\n|\n|t:|1770792096\n|-terastallize|p1b: Sawsbuck|Normal\n|move|p1a: Sneasler|Swords Dance|p1a: Sneasler\n|-boost|p1a: Sneasler|atk|2\n|move|p2b: Squawkabilly|Brave Bird|p1a: Sneasler\n|-supereffective|p1a: Sneasler\n|-damage|p1a: Sneasler|0 fnt\n|faint|p1a: Sneasler\n|-damage|p2b: Squawkabilly|205/297|[from] Recoil\n|-damage|p2b: Squawkabilly|176/297|[from] item: Life Orb\n|cant|p2a: Dragonite|slp\n|move|p1b: Sawsbuck|Double-Edge|p2b: Squawkabilly\n|-damage|p2b: Squawkabilly|0 fnt\n|faint|p2b: Squawkabilly\n|-damage|p1b: Sawsbuck|235/293|[from] Recoil\n|-damage|p1b: Sawsbuck|206/293|[from] item: Life Orb\n|\n|upkeep\n|\n|t:|1770792108\n|switch|p1a: Sceptile|Sceptile, L88, F|199/266\n|switch|p2b: Araquanid|Araquanid, L84, M|131/251\n|-activate|p1a: Sceptile|move: Sticky Web\n|-unboost|p1a: Sceptile|spe|1\n|turn|14\n|inactive|rrxt has 120 seconds left.\n|\n|t:|1770792143\n|-terastallize|p2a: Dragonite|Fire\n|cant|p2a: Dragonite|slp\n|move|p2b: Araquanid|Lunge|p1b: Sawsbuck\n|-damage|p1b: Sawsbuck|139/293\n|-unboost|p1b: Sawsbuck|atk|1\n|move|p1a: Sceptile|Focus Blast|p2a: Dragonite\n|-damage|p2a: Dragonite|65/283 slp\n|move|p1b: Sawsbuck|Double-Edge|p2b: Araquanid\n|-damage|p2b: Araquanid|0 fnt\n|faint|p2b: Araquanid\n|-damage|p1b: Sawsbuck|96/293|[from] Recoil\n|-damage|p1b: Sawsbuck|67/293|[from] item: Life Orb\n|\n|-sideend|p2: rrxt|move: Tailwind\n|upkeep\n|turn|15\n|\n|t:|1770792157\n|-curestatus|p2a: Dragonite|slp|[msg]\n|move|p2a: Dragonite|Fire Blast|p1a: Sceptile|[miss]\n|-miss|p2a: Dragonite|p1a: Sceptile\n|move|p1a: Sceptile|Leaf Storm|p2a: Dragonite\n|-resisted|p2a: Dragonite\n|-damage|p2a: Dragonite|0 fnt\n|-unboost|p1a: Sceptile|spa|2\n|faint|p2a: Dragonite\n|\n|win|baseballlover\n|raw|baseballlover's rating: 1615 &rarr; <strong>1642</strong><br />(+27 for winning)\n|raw|rrxt's rating: 1735 &rarr; <strong>1708</strong><br />(-27 for losing)\n", "inputlog": ">version ccdc32dd7cde25fd9e4bed64820e885f66e78a4e\n>start {\"formatid\":\"gen9randomdoublesbattle\",\"seed\":\"sodium,075136c24e666169d7d424e1f76d9090\",\"rated\":\"Rated battle\"}\n>player p1 {\"name\":\"baseballlover\",\"avatar\":\"266\",\"rating\":1615,\"seed\":\"sodium,3a48c77a6e6f622fc8c6997a5cb4ce31\"}\n>player p2 {\"name\":\"rrxt\",\"avatar\":\"sabrina\",\"rating\":1735,\"seed\":\"sodium,9fe99a0da8cef157b431e436deeaae09\"}\n>p1 move thunderbolt +1, move shedtail\n>p2 move stickyweb, move icywind\n>p1 pass, switch 4\n>p1 move thunderbolt +1, move bravebird +2\n>p2 move protect, move icywind\n>p1 move thunderbolt +1, move willowisp +2\n>p2 switch 3, move breakingswipe\n>p1 move electroweb, move willowisp +2\n>p2 move calmmind, move icywind\n>p1 switch 6, move tailwind\n>p2 move moonblast +2, move rest\n>p1 pass, switch 5\n>p1 move direclaw +1, move icebeam +2\n>p2 move protect, move breakingswipe\n>p1 move direclaw +1, move icebeam +2\n>p2 move moongeistbeam +2, move breakingswipe\n>p1 pass, switch 6\n>p1 move direclaw +1, move electroweb\n>p2 move moonblast +2, move rest\n>p2 pass, switch 6\n>p1 move swordsdance, move thunderbolt +2\n>p2 move protect, move noretreat\n>p1 move closecombat +2, move thunderbolt +2\n>p2 move moonblast +1, move rockslide\n>p2 switch 5, switch 4\n>p1 move direclaw +1, move thunderbolt +2\n>p2 move tailwind, move protect\n>p1 move direclaw +1, move thunderbolt +2\n>p2 move scaleshot +1, move doubleedge +2\n>p1 pass, switch 3\n>p1 move swordsdance, move doubleedge +2 terastallize\n>p2 move fireblast +2, move bravebird +1\n>p1 switch 4, pass\n>p2 pass, switch 3\n>p1 move focusblast +1, move doubleedge +2\n>p2 move fireblast +1 terastallize, move lunge +2\n>p1 move leafstorm +1, move doubleedge +1\n>p2 move fireblast +1, pass", "uploadtime": 1770792157, "views": 67, "formatid": "gen9randomdoublesbattle", "rating": 1642, "private": 0, "password": null}