{"id": "gen9randomdoublesbattle-2540900169", "format": "[Gen 9] Random Doubles Battle", "players": ["jlwalker708", "pipeei"], "log": "|j|☆jlwalker708\n|j|☆pipeei\n|t:|1771265310\n|gametype|doubles\n|player|p1|jlwalker708|1|1544\n|player|p2|pipeei|ingo|1564\n|gen|9\n|tier|[Gen 9] Random Doubles Battle\n|rated|\n|rule|Species Clause: Limit one of each Pokémon\n|rule|HP Percentage Mod: HP is shown in percentages\n|rule|Illusion Level Mod: Illusion disguises the Pokémon's true level\n|rule|Sleep Clause Mod: Limit one foe put to sleep\n|\n|t:|1771265310\n|teamsize|p1|6\n|teamsize|p2|6\n|start\n|switch|p1a: Vespiquen|Vespiquen, F|302/302\n|switch|p1b: Gardevoir|Gardevoir, L83, F|249/249\n|switch|p2a: Mew|Mew, L84|305/305\n|switch|p2b: Golurk|Golurk, L86|293/293\n|-ability|p1a: Vespiquen|Unnerve\n|-ability|p1b: Gardevoir|No Guard|Trace|[from] ability: Trace|[of] p2b: Golurk\n|turn|1\n|\n|t:|1771265346\n|switch|p1b: Duraludon|Duraludon, L83, M|252/252\n|move|p2a: Mew|Imprison|p2a: Mew\n|-start|p2a: Mew|move: Imprison\n|move|p2b: Golurk|Stone Edge|p1a: Vespiquen\n|-supereffective|p1a: Vespiquen\n|-crit|p1a: Vespiquen\n|-damage|p1a: Vespiquen|0 fnt\n|faint|p1a: Vespiquen\n|\n|upkeep\n|\n|t:|1771265365\n|switch|p1a: Dragapult|Dragapult, L79, F|269/269\n|turn|2\n|\n|t:|1771265384\n|move|p1a: Dragapult|Phantom Force||[still]\n|-prepare|p1a: Dragapult|Phantom Force\n|move|p2a: Mew|Transform|p1a: Dragapult|[miss]\n|-miss|p2a: Mew|p1a: Dragapult\n|move|p1b: Duraludon|Iron Defense|p1b: Duraludon\n|-boost|p1b: Duraludon|def|2\n|move|p2b: Golurk|Dynamic Punch|p1b: Duraludon\n|-supereffective|p1b: Duraludon\n|-damage|p1b: Duraludon|202/252\n|-start|p1b: Duraludon|confusion\n|\n|upkeep\n|turn|3\n|\n|t:|1771265406\n|switch|p2b: Moltres|Moltres, L79|272/272\n|move|p1a: Dragapult|Phantom Force|p2b: Moltres|[from] lockedmove\n|-damage|p2b: Moltres|122/272\n|-status|p1a: Dragapult|brn|[from] ability: Flame Body|[of] p2b: Moltres\n|-enditem|p2b: Moltres|Sitrus Berry|[eat]\n|-heal|p2b: Moltres|190/272|[from] item: Sitrus Berry\n|move|p2a: Mew|Transform|p1a: Dragapult\n|-transform|p2a: Mew|p1a: Dragapult\n|-activate|p1b: Duraludon|confusion\n|-damage|p1b: Duraludon|193/252|[from] confusion\n|\n|-damage|p1a: Dragapult|253/269 brn|[from] brn\n|upkeep\n|turn|4\n|\n|t:|1771265432\n|switch|p1a: Diancie|Diancie, L77|204/204\n|move|p2a: Mew|Dragon Darts|p1b: Duraludon\n|-damage|p1b: Duraludon|175/252\n|-anim|p2a: Mew|Dragon Darts|p1b: Duraludon\n|-damage|p1b: Duraludon|157/252\n|-activate|p1b: Duraludon|confusion\n|-damage|p1b: Duraludon|148/252|[from] confusion\n|move|p2b: Moltres|Scorching Sands|p1b: Duraludon\n|-supereffective|p1b: Duraludon\n|-damage|p1b: Duraludon|30/252\n|\n|upkeep\n|turn|5\n|\n|t:|1771265449\n|move|p2a: Mew|U-turn|p1a: Diancie\n|-resisted|p1a: Diancie\n|-damage|p1a: Diancie|183/204\n|\n|t:|1771265452\n|switch|p2a: Golurk|Golurk, L86|293/293|[from] U-turn\n|-activate|p1b: Duraludon|confusion\n|move|p1b: Duraludon|Draco Meteor|p2a: Golurk\n|-damage|p2a: Golurk|175/293\n|-unboost|p1b: Duraludon|spa|2\n|move|p2b: Moltres|Heat Wave|p1b: Duraludon|[spread] p1a,p1b\n|-resisted|p1a: Diancie\n|-damage|p1a: Diancie|155/204\n|-damage|p1b: Duraludon|0 fnt\n|faint|p1b: Duraludon\n|move|p1a: Diancie|Diamond Storm|p2b: Moltres|[spread] p2a,p2b\n|-resisted|p2a: Golurk\n|-supereffective|p2b: Moltres\n|-damage|p2a: Golurk|141/293\n|-damage|p2b: Moltres|0 fnt\n|faint|p2b: Moltres\n|\n|upkeep\n|\n|t:|1771265479\n|switch|p1b: Cryogonal|Cryogonal, L88|284/284\n|switch|p2b: Cryogonal|Cryogonal, L88|284/284\n|turn|6\n|\n|t:|1771265492\n|switch|p2a: Salazzle|Salazzle, L86, F|257/257\n|move|p1b: Cryogonal|Freeze-Dry|p2a: Salazzle\n|-resisted|p2a: Salazzle\n|-damage|p2a: Salazzle|210/257\n|move|p2b: Cryogonal|Flash Cannon|p1a: Diancie\n|-supereffective|p1a: Diancie\n|-damage|p1a: Diancie|0 fnt\n|faint|p1a: Diancie\n|\n|upkeep\n|\n|t:|1771265504\n|switch|p1a: Gardevoir|Gardevoir, L83, F|249/249\n|-ability|p1a: Gardevoir|Corrosion|Trace|[from] ability: Trace|[of] p2a: Salazzle\n|turn|7\n|\n|t:|1771265517\n|switch|p2a: Mew|Mew, L84|305/305\n|move|p1b: Cryogonal|Icy Wind|p2a: Mew|[spread] p2a,p2b\n|-resisted|p2b: Cryogonal\n|-damage|p2a: Mew|263/305\n|-damage|p2b: Cryogonal|266/284\n|-unboost|p2a: Mew|spe|1\n|-unboost|p2b: Cryogonal|spe|1\n|move|p1a: Gardevoir|Psychic|p2a: Mew\n|-resisted|p2a: Mew\n|-damage|p2a: Mew|188/305\n|move|p2b: Cryogonal|Icy Wind|p1b: Cryogonal|[spread] p1a,p1b\n|-resisted|p1b: Cryogonal\n|-damage|p1a: Gardevoir|207/249\n|-damage|p1b: Cryogonal|269/284\n|-unboost|p1a: Gardevoir|spe|1\n|-unboost|p1b: Cryogonal|spe|1\n|\n|upkeep\n|turn|8\n|\n|t:|1771265537\n|move|p2b: Cryogonal|Flash Cannon|p1b: Cryogonal\n|-supereffective|p1b: Cryogonal\n|-damage|p1b: Cryogonal|183/284\n|move|p1b: Cryogonal|Flash Cannon|p2b: Cryogonal\n|-supereffective|p2b: Cryogonal\n|-damage|p2b: Cryogonal|182/284\n|move|p2a: Mew|Pollen Puff|p2b: Cryogonal\n|-heal|p2b: Cryogonal|284/284\n|move|p1a: Gardevoir|Psychic|p2b: Cryogonal\n|-damage|p2b: Cryogonal|172/284\n|\n|upkeep\n|turn|9\n|\n|t:|1771265588\n|move|p1b: Cryogonal|Flash Cannon|p2b: Cryogonal\n|-supereffective|p2b: Cryogonal\n|-damage|p2b: Cryogonal|90/284\n|-enditem|p2b: Cryogonal|Sitrus Berry|[eat]\n|-heal|p2b: Cryogonal|161/284|[from] item: Sitrus Berry\n|move|p2b: Cryogonal|Recover|p2b: Cryogonal\n|-heal|p2b: Cryogonal|284/284\n|move|p2a: Mew|Imprison|p2a: Mew\n|-start|p2a: Mew|move: Imprison\n|move|p1a: Gardevoir|Psychic|p2b: Cryogonal\n|-damage|p2b: Cryogonal|172/284\n|\n|upkeep\n|turn|10\n|\n|t:|1771265610\n|switch|p1b: Dragapult|Dragapult, L79, F|253/269 brn\n|move|p2b: Cryogonal|Flash Cannon|p1a: Gardevoir\n|-supereffective|p1a: Gardevoir\n|-damage|p1a: Gardevoir|105/249\n|move|p2a: Mew|Transform|p1b: Dragapult\n|-transform|p2a: Mew|p1b: Dragapult\n|move|p1a: Gardevoir|Psychic|p2b: Cryogonal\n|-damage|p2b: Cryogonal|64/284\n|\n|-damage|p1b: Dragapult|237/269 brn|[from] brn\n|upkeep\n|turn|11\n|\n|t:|1771265637\n|move|p2a: Mew|Phantom Force||[still]\n|-prepare|p2a: Mew|Phantom Force\n|-activate|p1b: Dragapult|move: Struggle\n|move|p1b: Dragapult|Struggle|p2a: Mew|[miss]\n|-miss|p1b: Dragapult|p2a: Mew\n|move|p2b: Cryogonal|Flash Cannon|p1a: Gardevoir\n|-supereffective|p1a: Gardevoir\n|-damage|p1a: Gardevoir|9/249\n|move|p1a: Gardevoir|Psychic|p2a: Mew|[miss]\n|-miss|p1a: Gardevoir|p2a: Mew\n|\n|-damage|p1b: Dragapult|221/269 brn|[from] brn\n|upkeep\n|turn|12\n|-message|jlwalker708 forfeited.\n|\n|win|pipeei\n|raw|jlwalker708's rating: 1544 &rarr; <strong>1525</strong><br />(-19 for losing)\n|raw|pipeei's rating: 1564 &rarr; <strong>1583</strong><br />(+19 for winning)\n|l|☆jlwalker708\n|player|p1|\n", "inputlog": ">version 686819e5e19f8a7fd2345cfc5a08a5085efa2cc3\n>start {\"formatid\":\"gen9randomdoublesbattle\",\"seed\":\"sodium,9746e7ac0652409a9d0f323f171de812\",\"rated\":\"Rated battle\"}\n>player p1 {\"name\":\"jlwalker708\",\"avatar\":\"1\",\"rating\":1544,\"seed\":\"sodium,2b11e6a37486e295be48b4e0e983909b\"}\n>player p2 {\"name\":\"pipeei\",\"avatar\":\"ingo\",\"rating\":1564,\"seed\":\"sodium,0b61b0829a789c1841b2c09de31adc4d\"}\n>p1 move pollenpuff +1, switch 3\n>p2 move imprison, move stoneedge +1\n>p1 switch 6, pass\n>p1 move phantomforce +2, move irondefense\n>p2 move transform +1, move dynamicpunch +2\n>p1 move phantomforce +2, move flashcannon +1\n>p2 move transform +1, switch 3\n>p1 switch 4, move dracometeor +1\n>p2 move dragondarts +2, move scorchingsands +2\n>p1 move diamondstorm, move dracometeor +1\n>p2 move uturn +1, move heatwave\n>p2 switch 3, pass\n>p1 pass, switch 5\n>p2 pass, switch 5\n>p1 move diamondstorm, move freezedry +1\n>p2 switch 4, move flashcannon +1\n>p1 switch 3, pass\n>p1 move psychic +1, move icywind\n>p2 switch 3, move icywind\n>p1 move psychic +2, move flashcannon +2\n>p2 move pollenpuff -2, move flashcannon +2\n>p1 move psychic +2, move flashcannon +2\n>p2 move imprison, move recover\n>p1 move psychic +2, switch 4\n>p2 move transform +2, move flashcannon +1\n>p1 move psychic +1, move struggle\n>p2 move phantomforce +2, move flashcannon +1\n>forcelose p1", "uploadtime": 1771265720, "views": 2, "formatid": "gen9randomdoublesbattle", "rating": 1525, "private": 0, "password": null}