{"id": "gen9randomdoublesbattle-2537781179", "format": "[Gen 9] Random Doubles Battle", "players": ["thatguy1234567!", "hongbin1"], "log": "|j|☆thatguy1234567!\n|j|☆hongbin1\n|t:|1770847428\n|gametype|doubles\n|player|p1|thatguy1234567!|101|1770\n|player|p2|hongbin1|170|1826\n|gen|9\n|tier|[Gen 9] Random Doubles Battle\n|rated|\n|rule|Species Clause: Limit one of each Pokémon\n|rule|HP Percentage Mod: HP is shown in percentages\n|rule|Illusion Level Mod: Illusion disguises the Pokémon's true level\n|rule|Sleep Clause Mod: Limit one foe put to sleep\n|\n|t:|1770847428\n|teamsize|p1|6\n|teamsize|p2|6\n|start\n|switch|p1a: Stonjourner|Stonjourner, L88, M|319/319\n|switch|p1b: Wugtrio|Wugtrio, L92, M|214/214\n|switch|p2a: Iron Moth|Iron Moth, L78|253/253\n|switch|p2b: Suicune|Suicune, L79|288/288\n|turn|1\n|\n|t:|1770847477\n|-end|p2a: Iron Moth|Quark Drive|[silent]\n|switch|p2a: Houndstone|Houndstone, L73, M|226/226\n|switch|p1a: Minun|Minun, L91, M|257/257\n|move|p1b: Wugtrio|Liquidation|p2a: Houndstone\n|-damage|p2a: Houndstone|145/226\n|-unboost|p2a: Houndstone|def|1\n|move|p2b: Suicune|Calm Mind|p2b: Suicune\n|-boost|p2b: Suicune|spa|1\n|-boost|p2b: Suicune|spd|1\n|\n|upkeep\n|turn|2\n|inactive|Battle timer is ON: inactive players will automatically lose when time's up. (requested by thatguy1234567!)\n|inactive|hongbin1 has 120 seconds left.\n|\n|t:|1770847527\n|move|p2b: Suicune|Protect|p2b: Suicune\n|-singleturn|p2b: Suicune|Protect\n|move|p1b: Wugtrio|Liquidation|p2a: Houndstone\n|-damage|p2a: Houndstone|28/226\n|move|p1a: Minun|Encore|p2b: Suicune\n|-activate|p2b: Suicune|move: Protect\n|move|p2a: Houndstone|Trick|p1a: Minun\n|-activate|p2a: Houndstone|move: Trick|[of] p1a: Minun\n|-item|p1a: Minun|Choice Scarf|[from] move: Trick\n|-item|p2a: Houndstone|Sitrus Berry|[from] move: Trick\n|-enditem|p2a: Houndstone|Sitrus Berry|[eat]\n|-heal|p2a: Houndstone|84/226|[from] item: Sitrus Berry\n|\n|upkeep\n|turn|3\n|\n|t:|1770847546\n|switch|p2a: Brute Bonnet|Brute Bonnet, L80|309/309\n|move|p1a: Minun|Nuzzle|p2b: Suicune\n|-supereffective|p2b: Suicune\n|-damage|p2b: Suicune|264/288\n|-status|p2b: Suicune|par\n|move|p1b: Wugtrio|Liquidation|p2a: Brute Bonnet\n|-resisted|p2a: Brute Bonnet\n|-damage|p2a: Brute Bonnet|230/309\n|cant|p2b: Suicune|par\n|\n|-heal|p2b: Suicune|282/288 par|[from] item: Leftovers\n|upkeep\n|turn|4\n|\n|t:|1770847559\n|switch|p1b: Glimmora|Glimmora, L77, F|254/254\n|move|p1a: Minun|Nuzzle|p2a: Brute Bonnet\n|-resisted|p2a: Brute Bonnet\n|-damage|p2a: Brute Bonnet|224/309\n|-status|p2a: Brute Bonnet|par\n|move|p2b: Suicune|Calm Mind|p2b: Suicune\n|-boost|p2b: Suicune|spa|1\n|-boost|p2b: Suicune|spd|1\n|move|p2a: Brute Bonnet|Spore|p1b: Glimmora\n|-status|p1b: Glimmora|slp|[from] move: Spore\n|\n|-heal|p2b: Suicune|288/288 par|[from] item: Leftovers\n|upkeep\n|turn|5\n|\n|t:|1770847578\n|switch|p1a: Banette|Banette, L94, F|273/273\n|-item|p2a: Brute Bonnet|Sitrus Berry|[from] ability: Frisk|[of] p1a: Banette\n|-item|p2b: Suicune|Leftovers|[from] ability: Frisk|[of] p1a: Banette\n|switch|p1b: Wugtrio|Wugtrio, L92, M|214/214\n|move|p2b: Suicune|Scald|p1a: Banette\n|-damage|p1a: Banette|101/273\n|move|p2a: Brute Bonnet|Seed Bomb|p1a: Banette\n|-damage|p1a: Banette|0 fnt\n|faint|p1a: Banette\n|\n|upkeep\n|\n|t:|1770847596\n|switch|p1a: Quaquaval|Quaquaval, L82, F|274/274\n|turn|6\n|\n|t:|1770847607\n|-terastallize|p1a: Quaquaval|Steel\n|move|p1b: Wugtrio|Throat Chop|p2b: Suicune\n|-damage|p2b: Suicune|207/288 par\n|-start|p2b: Suicune|Throat Chop|[silent]\n|move|p1a: Quaquaval|Close Combat|p2a: Brute Bonnet\n|-supereffective|p2a: Brute Bonnet\n|-damage|p2a: Brute Bonnet|0 fnt\n|-unboost|p1a: Quaquaval|def|1\n|-unboost|p1a: Quaquaval|spd|1\n|faint|p2a: Brute Bonnet\n|-end|p2a: Brute Bonnet|Protosynthesis|[silent]\n|-ability|p1a: Quaquaval|Moxie|boost\n|-boost|p1a: Quaquaval|atk|1\n|-damage|p1a: Quaquaval|247/274|[from] item: Life Orb\n|move|p2b: Suicune|Scald|p1a: Quaquaval\n|-damage|p1a: Quaquaval|0 fnt\n|faint|p1a: Quaquaval\n|\n|-heal|p2b: Suicune|225/288 par|[from] item: Leftovers\n|upkeep\n|inactive|thatguy1234567! has 120 seconds left.\n|\n|t:|1770847656\n|switch|p1a: Stonjourner|Stonjourner, L88, M|319/319\n|switch|p2a: Furret|Furret, L98, M|325/325\n|-item|p1a: Stonjourner|Choice Band|[from] ability: Frisk|[of] p2a: Furret\n|-item|p1b: Wugtrio|Choice Band|[from] ability: Frisk|[of] p2a: Furret\n|turn|7\n|inactive|hongbin1 has 120 seconds left.\n|\n|t:|1770847709\n|move|p1b: Wugtrio|Throat Chop|p2a: Furret\n|-damage|p2a: Furret|184/325\n|-start|p2a: Furret|Throat Chop|[silent]\n|move|p2a: Furret|Body Slam|p1b: Wugtrio\n|-damage|p1b: Wugtrio|67/214\n|-ability|p1b: Wugtrio|Gooey\n|-unboost|p2a: Furret|spe|1\n|move|p1a: Stonjourner|Rock Slide|p2b: Suicune|[spread] p2a,p2b\n|-damage|p2a: Furret|60/325\n|-damage|p2b: Suicune|128/288 par\n|-enditem|p2a: Furret|Sitrus Berry|[eat]\n|-heal|p2a: Furret|141/325|[from] item: Sitrus Berry\n|cant|p2b: Suicune|par\n|\n|-heal|p2b: Suicune|146/288 par|[from] item: Leftovers\n|-end|p2b: Suicune|Throat Chop|[silent]\n|upkeep\n|turn|8\n|inactive|hongbin1 has 120 seconds left.\n|inactive|thatguy1234567! has 120 seconds left.\n|\n|t:|1770847759\n|move|p2a: Furret|Protect|p2a: Furret\n|-singleturn|p2a: Furret|Protect\n|move|p2b: Suicune|Protect|p2b: Suicune\n|-singleturn|p2b: Suicune|Protect\n|move|p1b: Wugtrio|Throat Chop|p2b: Suicune\n|-activate|p2b: Suicune|move: Protect\n|move|p1a: Stonjourner|Rock Slide|p2b: Suicune|[spread] \n|-activate|p2a: Furret|move: Protect\n|-activate|p2b: Suicune|move: Protect\n|\n|-heal|p2b: Suicune|164/288 par|[from] item: Leftovers\n|-end|p2a: Furret|Throat Chop|[silent]\n|upkeep\n|turn|9\n|inactive|hongbin1 has 120 seconds left.\n|\n|t:|1770847791\n|move|p1b: Wugtrio|Throat Chop|p2a: Furret\n|-damage|p2a: Furret|0 fnt\n|faint|p2a: Furret\n|move|p1a: Stonjourner|Rock Slide|p2b: Suicune\n|-damage|p2b: Suicune|16/288 par\n|cant|p2b: Suicune|par\n|\n|-heal|p2b: Suicune|34/288 par|[from] item: Leftovers\n|upkeep\n|\n|t:|1770847801\n|switch|p2a: Iron Moth|Iron Moth, L78|253/253\n|turn|10\n|\n|t:|1770847807\n|move|p1b: Wugtrio|Throat Chop|p2a: Iron Moth\n|-damage|p2a: Iron Moth|57/253\n|-start|p2a: Iron Moth|Throat Chop|[silent]\n|-enditem|p2a: Iron Moth|Sitrus Berry|[eat]\n|-heal|p2a: Iron Moth|120/253|[from] item: Sitrus Berry\n|move|p2a: Iron Moth|Energy Ball|p1a: Stonjourner\n|-supereffective|p1a: Stonjourner\n|-damage|p1a: Stonjourner|0 fnt\n|faint|p1a: Stonjourner\n|cant|p2b: Suicune|par\n|\n|-heal|p2b: Suicune|52/288 par|[from] item: Leftovers\n|upkeep\n|\n|t:|1770847815\n|switch|p1a: Minun|Minun, L91, M|257/257\n|turn|11\n|\n|t:|1770847826\n|-terastallize|p2b: Suicune|Grass\n|move|p2a: Iron Moth|Protect|p2a: Iron Moth\n|-singleturn|p2a: Iron Moth|Protect\n|move|p1a: Minun|Thunderbolt|p2b: Suicune\n|-resisted|p2b: Suicune\n|-damage|p2b: Suicune|34/288 par\n|move|p1b: Wugtrio|Throat Chop|p2a: Iron Moth\n|-activate|p2a: Iron Moth|move: Protect\n|move|p2b: Suicune|Scald|p1b: Wugtrio\n|-resisted|p1b: Wugtrio\n|-damage|p1b: Wugtrio|0 fnt\n|faint|p1b: Wugtrio\n|\n|-heal|p2b: Suicune|52/288 par|[from] item: Leftovers\n|-end|p2a: Iron Moth|Throat Chop|[silent]\n|upkeep\n|l|☆thatguy1234567!\n|inactive|thatguy1234567! disconnected and has a minute to reconnect!\n|player|p1|\n|j|☆thatguy1234567!\n|inactive|thatguy1234567! reconnected and has 120 seconds left.\n|player|p1|thatguy1234567!|101|\n|-message|thatguy1234567! forfeited.\n|\n|win|hongbin1\n|raw|thatguy1234567!'s rating: 1770 &rarr; <strong>1753</strong><br />(-17 for losing)\n|raw|hongbin1's rating: 1826 &rarr; <strong>1843</strong><br />(+17 for winning)\n|l|☆thatguy1234567!\n|player|p1|\n|l|☆hongbin1\n|player|p2|\n|j|☆hongbin1\n|player|p2|hongbin1|170|\n", "inputlog": ">version ccdc32dd7cde25fd9e4bed64820e885f66e78a4e\n>start {\"formatid\":\"gen9randomdoublesbattle\",\"seed\":\"sodium,274172b631c7ca125dae67129bacadd6\",\"rated\":\"Rated battle\"}\n>player p1 {\"name\":\"thatguy1234567!\",\"avatar\":\"101\",\"rating\":1770,\"seed\":\"sodium,753227b6653b3bc3bb27e88a5b0f6b4b\"}\n>player p2 {\"name\":\"hongbin1\",\"avatar\":\"170\",\"rating\":1826,\"seed\":\"sodium,0b5d5c3b70adb075a38d90b902b075d6\"}\n>p1 switch 6, move liquidation +1\n>p2 switch 3, move calmmind\n>p1 move encore +2, move liquidation +1\n>p2 move trick +1, move protect\n>p1 move nuzzle +2, move liquidation +1\n>p2 switch 4, move scald +1\n>p1 move nuzzle +1, switch 3\n>p2 move spore +2, move calmmind\n>p1 switch 4, switch 3\n>p2 move seedbomb +1, move scald +1\n>p1 switch 5, pass\n>p1 move closecombat +1 terastallize, move throatchop +2\n>p2 move seedbomb +2, move scald +1\n>p1 switch 6, pass\n>p2 switch 6, pass\n>p1 move rockslide, move throatchop +1\n>p2 move bodyslam +2, move scald +1\n>p1 move rockslide, move throatchop +2\n>p2 move protect, move protect\n>p1 move rockslide, move throatchop +1\n>p2 move bodyslam +2, move scald +1\n>p2 switch 3, pass\n>p1 move rockslide, move throatchop +1\n>p2 move energyball +1, move scald +2\n>p1 switch 4, pass\n>p1 move thunderbolt +2, move throatchop +1\n>p2 move protect, move scald +2 terastallize\n>forcelose p1", "uploadtime": 1770847882, "views": 67, "formatid": "gen9randomdoublesbattle", "rating": 1753, "private": 0, "password": null}