{"id": "gen9randomdoublesbattle-2536724940", "format": "[Gen 9] Random Doubles Battle", "players": ["Ududu", "vevsjjs"], "log": "|j|☆Ududu\n|j|☆vevsjjs\n|t:|1770730603\n|gametype|doubles\n|player|p1|Ududu|102|1560\n|player|p2|vevsjjs|101|1563\n|gen|9\n|tier|[Gen 9] Random Doubles Battle\n|rated|\n|rule|Species Clause: Limit one of each Pokémon\n|rule|HP Percentage Mod: HP is shown in percentages\n|rule|Illusion Level Mod: Illusion disguises the Pokémon's true level\n|rule|Sleep Clause Mod: Limit one foe put to sleep\n|\n|t:|1770730603\n|teamsize|p1|6\n|teamsize|p2|6\n|start\n|switch|p1a: Great Tusk|Great Tusk, L81|319/319\n|switch|p1b: Cyclizar|Cyclizar, L87, F|264/264\n|switch|p2a: Pawmot|Pawmot, L80, M|243/243\n|switch|p2b: Landorus|Landorus, L75, M|257/257\n|turn|1\n|inactive|Battle timer is ON: inactive players will automatically lose when time's up. (requested by vevsjjs)\n|\n|t:|1770730638\n|move|p2a: Pawmot|Protect|p2a: Pawmot\n|-singleturn|p2a: Pawmot|Protect\n|move|p1b: Cyclizar|Shed Tail|p1b: Cyclizar\n|-start|p1b: Cyclizar|Substitute|[from] move: Shed Tail\n|-damage|p1b: Cyclizar|132/264\n|\n|t:|1770730654\n|switch|p1b: Meowstic|Meowstic, L88, M|274/274|[from] Shed Tail\n|move|p2b: Landorus|Earth Power|p1a: Great Tusk\n|-damage|p1a: Great Tusk|97/319\n|-enditem|p1a: Great Tusk|Sitrus Berry|[eat]\n|-heal|p1a: Great Tusk|176/319|[from] item: Sitrus Berry\n|move|p1a: Great Tusk|Ice Spinner|p2b: Landorus\n|-supereffective|p2b: Landorus\n|-damage|p2b: Landorus|0 fnt\n|faint|p2b: Landorus\n|\n|upkeep\n|\n|t:|1770730679\n|switch|p2b: Slowking|Slowking, L88, F|310/310\n|turn|2\n|\n|t:|1770730698\n|switch|p2a: Deoxys|Deoxys-Defense, L88|231/231\n|-ability|p2a: Deoxys|Pressure\n|move|p1a: Great Tusk|Protect|p1a: Great Tusk\n|-singleturn|p1a: Great Tusk|Protect\n|move|p1b: Meowstic|Reflect|p1b: Meowstic\n|-sidestart|p1: Ududu|Reflect\n|move|p2b: Slowking|Scald|p1a: Great Tusk\n|-activate|p1a: Great Tusk|move: Protect\n|\n|upkeep\n|turn|3\n|\n|t:|1770730725\n|-end|p1a: Great Tusk|Protosynthesis|[silent]\n|switch|p1a: Cyclizar|Cyclizar, L87, F|220/264\n|move|p1b: Meowstic|Light Screen|p1b: Meowstic\n|-sidestart|p1: Ududu|move: Light Screen\n|move|p2a: Deoxys|Knock Off|p1b: Meowstic\n|-supereffective|p1b: Meowstic\n|-end|p1b: Meowstic|Substitute\n|move|p2b: Slowking|Psychic|p1a: Cyclizar\n|-damage|p1a: Cyclizar|135/264\n|\n|upkeep\n|turn|4\n|\n|t:|1770730742\n|move|p1b: Meowstic|Helping Hand|p1a: Cyclizar\n|-singleturn|p1a: Cyclizar|Helping Hand|[of] p1b: Meowstic\n|move|p1a: Cyclizar|Knock Off|p2a: Deoxys\n|-supereffective|p2a: Deoxys\n|-damage|p2a: Deoxys|62/231\n|-enditem|p2a: Deoxys|Sitrus Berry|[from] move: Knock Off|[of] p1a: Cyclizar\n|-damage|p1a: Cyclizar|109/264|[from] item: Life Orb\n|move|p2a: Deoxys|Icy Wind|p1a: Cyclizar|[spread] p1a,p1b\n|-supereffective|p1a: Cyclizar\n|-damage|p1a: Cyclizar|64/264\n|-damage|p1b: Meowstic|257/274\n|-unboost|p1a: Cyclizar|spe|1\n|-unboost|p1b: Meowstic|spe|1\n|move|p2b: Slowking|Psychic|p1a: Cyclizar\n|-damage|p1a: Cyclizar|0 fnt\n|faint|p1a: Cyclizar\n|\n|upkeep\n|inactive|Ududu has 120 seconds left.\n|\n|t:|1770730773\n|switch|p1a: Great Tusk|Great Tusk, L81|176/319\n|turn|5\n|\n|t:|1770730786\n|switch|p1b: Pawmot|Pawmot, L80, M|243/243\n|move|p2a: Deoxys|Knock Off|p1b: Pawmot\n|-resisted|p1b: Pawmot\n|-damage|p1b: Pawmot|218/243\n|-enditem|p1b: Pawmot|Life Orb|[from] move: Knock Off|[of] p2a: Deoxys\n|move|p1a: Great Tusk|Headlong Rush|p2a: Deoxys\n|-damage|p2a: Deoxys|0 fnt\n|-unboost|p1a: Great Tusk|def|1\n|-unboost|p1a: Great Tusk|spd|1\n|faint|p2a: Deoxys\n|move|p2b: Slowking|Psychic|p1a: Great Tusk\n|-supereffective|p1a: Great Tusk\n|-damage|p1a: Great Tusk|0 fnt\n|faint|p1a: Great Tusk\n|-end|p1a: Great Tusk|Protosynthesis|[silent]\n|\n|upkeep\n|inactive|Ududu has 120 seconds left.\n|inactive|vevsjjs has 120 seconds left.\n|\n|t:|1770730819\n|switch|p2a: Snorlax|Snorlax, L84, M|406/406\n|switch|p1a: Dudunsparce|Dudunsparce-Three-Segment, L86, F|355/355\n|turn|6\n|inactive|Ududu has 120 seconds left.\n|\n|t:|1770730838\n|move|p1b: Pawmot|Double Shock|p2b: Slowking\n|-supereffective|p2b: Slowking\n|-damage|p2b: Slowking|22/310\n|-start|p1b: Pawmot|typechange|???/Fighting|[from] move: Double Shock\n|-enditem|p2b: Slowking|Sitrus Berry|[eat]\n|-heal|p2b: Slowking|99/310|[from] item: Sitrus Berry\n|move|p1a: Dudunsparce|Tailwind|p1a: Dudunsparce\n|-sidestart|p1: Ududu|move: Tailwind\n|move|p2a: Snorlax|High Horsepower|p1b: Pawmot\n|-damage|p1b: Pawmot|153/243\n|move|p2b: Slowking|Psychic|p1b: Pawmot\n|-supereffective|p1b: Pawmot\n|-damage|p1b: Pawmot|0 fnt\n|faint|p1b: Pawmot\n|\n|upkeep\n|inactive|Ududu has 120 seconds left.\n|\n|t:|1770730856\n|switch|p1b: Copperajah|Copperajah, L86, F|350/350\n|turn|7\n|\n|t:|1770730873\n|move|p1a: Dudunsparce|Hyper Drill|p2b: Slowking\n|-damage|p2b: Slowking|0 fnt\n|faint|p2b: Slowking\n|move|p1b: Copperajah|Rock Slide|p2a: Snorlax\n|-damage|p2a: Snorlax|250/406\n|move|p2a: Snorlax|High Horsepower|p1b: Copperajah\n|-supereffective|p1b: Copperajah\n|-damage|p1b: Copperajah|245/350\n|\n|upkeep\n|\n|t:|1770730887\n|switch|p2b: Regirock|Regirock, L82|265/265\n|turn|8\n|inactive|vevsjjs has 120 seconds left.\n|\n|t:|1770730919\n|-terastallize|p2b: Regirock|Fighting\n|move|p1a: Dudunsparce|Earth Power|p2b: Regirock\n|-damage|p2b: Regirock|207/265\n|move|p1b: Copperajah|Iron Head|p2a: Snorlax\n|-damage|p2a: Snorlax|0 fnt\n|faint|p2a: Snorlax\n|move|p2b: Regirock|Body Press|p1a: Dudunsparce\n|-supereffective|p1a: Dudunsparce\n|-damage|p1a: Dudunsparce|166/355\n|-enditem|p1a: Dudunsparce|Sitrus Berry|[eat]\n|-heal|p1a: Dudunsparce|254/355|[from] item: Sitrus Berry\n|\n|-heal|p2b: Regirock|223/265|[from] item: Leftovers\n|upkeep\n|inactive|vevsjjs has 120 seconds left.\n|\n|t:|1770730934\n|switch|p2a: Pawmot|Pawmot, L80, M|243/243\n|turn|9\n|inactive|vevsjjs has 120 seconds left.\n|\n|t:|1770730969\n|switch|p1b: Meowstic|Meowstic, L88, M|257/274\n|move|p2a: Pawmot|Protect|p2a: Pawmot\n|-singleturn|p2a: Pawmot|Protect\n|move|p1a: Dudunsparce|Earth Power|p2a: Pawmot\n|-activate|p2a: Pawmot|move: Protect\n|move|p2b: Regirock|Body Press|p1b: Meowstic\n|-resisted|p1b: Meowstic\n|-damage|p1b: Meowstic|208/274\n|\n|-heal|p2b: Regirock|239/265|[from] item: Leftovers\n|-sideend|p1: Ududu|Reflect\n|-sideend|p1: Ududu|move: Tailwind\n|upkeep\n|turn|10\n|inactive|vevsjjs has 120 seconds left.\n|\n|t:|1770730990\n|move|p1b: Meowstic|Psychic|p2b: Regirock\n|-supereffective|p2b: Regirock\n|-damage|p2b: Regirock|63/265\n|move|p2a: Pawmot|Revival Blessing|p2a: Pawmot\n|inactive|vevsjjs has 90 seconds left.\n|\n|t:|1770731023\n|-heal|p2: Landorus|128/257|[from] move: Revival Blessing\n|move|p1a: Dudunsparce|Earth Power|p2a: Pawmot\n|-supereffective|p2a: Pawmot\n|-damage|p2a: Pawmot|69/243\n|move|p2b: Regirock|Thunder Wave|p1a: Dudunsparce\n|-status|p1a: Dudunsparce|par\n|\n|-heal|p2b: Regirock|79/265|[from] item: Leftovers\n|-sideend|p1: Ududu|move: Light Screen\n|upkeep\n|turn|11\n|inactive|vevsjjs has 90 seconds left.\n|\n|t:|1770731053\n|move|p1b: Meowstic|Psychic|p2b: Regirock\n|-supereffective|p2b: Regirock\n|-damage|p2b: Regirock|0 fnt\n|faint|p2b: Regirock\n|move|p2a: Pawmot|Close Combat|p1a: Dudunsparce\n|-supereffective|p1a: Dudunsparce\n|-damage|p1a: Dudunsparce|0 fnt\n|-unboost|p2a: Pawmot|def|1\n|-unboost|p2a: Pawmot|spd|1\n|faint|p1a: Dudunsparce\n|-damage|p2a: Pawmot|45/243|[from] item: Life Orb\n|\n|upkeep\n|\n|t:|1770731066\n|switch|p1a: Copperajah|Copperajah, L86, F|245/350\n|switch|p2b: Landorus|Landorus, L75, M|128/257\n|turn|12\n|inactive|vevsjjs has 90 seconds left.\n|\n|t:|1770731092\n|move|p1b: Meowstic|Reflect|p1b: Meowstic\n|-sidestart|p1: Ududu|Reflect\n|move|p2a: Pawmot|Double Shock|p1b: Meowstic\n|-damage|p1b: Meowstic|78/274\n|-start|p2a: Pawmot|typechange|???/Fighting|[from] move: Double Shock\n|-damage|p2a: Pawmot|21/243|[from] item: Life Orb\n|move|p2b: Landorus|Earth Power|p1a: Copperajah\n|-supereffective|p1a: Copperajah\n|-damage|p1a: Copperajah|0 fnt\n|faint|p1a: Copperajah\n|\n|upkeep\n|turn|13\n|inactive|vevsjjs has 90 seconds left.\n|inactive|vevsjjs has 60 seconds left.\n|\n|t:|1770731137\n|move|p1b: Meowstic|Psychic|p2b: Landorus\n|-damage|p2b: Landorus|7/257\n|move|p2a: Pawmot|Close Combat|p1b: Meowstic\n|-resisted|p1b: Meowstic\n|-damage|p1b: Meowstic|16/274\n|-unboost|p2a: Pawmot|def|1\n|-unboost|p2a: Pawmot|spd|1\n|-damage|p2a: Pawmot|0 fnt|[from] item: Life Orb\n|faint|p2a: Pawmot\n|move|p2b: Landorus|Earth Power|p1b: Meowstic\n|-damage|p1b: Meowstic|0 fnt\n|faint|p1b: Meowstic\n|\n|win|vevsjjs\n|raw|Ududu's rating: 1560 &rarr; <strong>1540</strong><br />(-20 for losing)\n|raw|vevsjjs's rating: 1563 &rarr; <strong>1583</strong><br />(+20 for winning)\n", "inputlog": ">version ccdc32dd7cde25fd9e4bed64820e885f66e78a4e\n>start {\"formatid\":\"gen9randomdoublesbattle\",\"seed\":\"sodium,28090fcb0762d2ddc7b4cb1a73c3d016\",\"rated\":\"Rated battle\"}\n>player p1 {\"name\":\"Ududu\",\"avatar\":\"102\",\"rating\":1560,\"seed\":\"sodium,e37c060dc54f1fc857f25a1f64791c80\"}\n>player p2 {\"name\":\"vevsjjs\",\"avatar\":\"101\",\"rating\":1563,\"seed\":\"sodium,5e41f00b6a66a5616c17247df4197bfe\"}\n>p1 move icespinner +2, move shedtail\n>p2 move protect, move earthpower +1\n>p1 pass, switch 5\n>p2 pass, switch 3\n>p1 move protect, move reflect\n>p2 switch 4, move scald +1\n>p1 switch 5, move lightscreen\n>p2 move knockoff +2, move psychic +1\n>p1 move knockoff +1, move helpinghand -1\n>p2 move icywind, move psychic +1\n>p1 switch 5, pass\n>p1 move headlongrush +1, switch 4\n>p2 move knockoff +2, move psychic +1\n>p1 switch 6, pass\n>p2 switch 5, pass\n>p1 move tailwind, move doubleshock +2\n>p2 move highhorsepower +2, move psychic +2\n>p1 pass, switch 3\n>p1 move hyperdrill +2, move rockslide\n>p2 move highhorsepower +2, move scald +2\n>p2 pass, switch 6\n>p1 move earthpower +2, move ironhead +1\n>p2 move highhorsepower +2, move bodypress +1 terastallize\n>p2 switch 4, pass\n>p1 move earthpower +1, switch 4\n>p2 move protect, move bodypress +2\n>p1 move earthpower +1, move psychic +2\n>p2 move revivalblessing, move thunderwave +1\n>p2 switch 3, pass\n>p1 move hyperdrill +1, move psychic +2\n>p2 move closecombat +1, move thunderwave +2\n>p1 switch 4, pass\n>p2 pass, switch 3\n>p1 move rockslide, move reflect\n>p2 move doubleshock +2, move earthpower +1\n>p1 pass, move psychic +2\n>p2 move closecombat +2, move earthpower +2", "uploadtime": 1770731151, "views": 58, "formatid": "gen9randomdoublesbattle", "rating": 1540, "private": 0, "password": null}