{"id": "gen9randomdoublesbattle-2538040942", "format": "[Gen 9] Random Doubles Battle", "players": ["yannick69", "FlamKartik"], "log": "|j|☆yannick69\n|j|☆FlamKartik\n|t:|1770882852\n|gametype|doubles\n|player|p1|yannick69|hiker-gen4|1624\n|player|p2|FlamKartik|scientist-gen4dp|1660\n|gen|9\n|tier|[Gen 9] Random Doubles Battle\n|rated|\n|rule|Species Clause: Limit one of each Pokémon\n|rule|HP Percentage Mod: HP is shown in percentages\n|rule|Illusion Level Mod: Illusion disguises the Pokémon's true level\n|rule|Sleep Clause Mod: Limit one foe put to sleep\n|\n|t:|1770882852\n|teamsize|p1|6\n|teamsize|p2|6\n|start\n|switch|p1a: Spidops|Spidops, M|282/282\n|switch|p1b: Tsareena|Tsareena, L85, F|261/261\n|switch|p2a: Infernape|Infernape, L82, M|259/259\n|switch|p2b: Regirock|Regirock, L82|265/265\n|turn|1\n|\n|t:|1770882873\n|switch|p1a: Landorus|Landorus-Therian, L77, M|264/264\n|-ability|p1a: Landorus|Intimidate|boost\n|-unboost|p2a: Infernape|atk|1\n|-fail|p2b: Regirock|unboost|[from] ability: Clear Body|[of] p2b: Regirock\n|-terastallize|p1b: Tsareena|Fighting\n|move|p2a: Infernape|Overheat|p1b: Tsareena|[miss]\n|-miss|p2a: Infernape|p1b: Tsareena\n|move|p1b: Tsareena|Rapid Spin|p2a: Infernape\n|-damage|p2a: Infernape|210/259\n|-boost|p1b: Tsareena|spe|1\n|move|p2b: Regirock|Curse|p2b: Regirock\n|-unboost|p2b: Regirock|spe|1\n|-boost|p2b: Regirock|atk|1\n|-boost|p2b: Regirock|def|1\n|\n|upkeep\n|turn|2\n|\n|t:|1770882902\n|move|p1b: Tsareena|High Jump Kick|p2b: Regirock\n|-supereffective|p2b: Regirock\n|-damage|p2b: Regirock|151/265\n|move|p2a: Infernape|Overheat|p1b: Tsareena\n|-damage|p1b: Tsareena|143/261\n|-unboost|p2a: Infernape|spa|2\n|-damage|p2a: Infernape|185/259|[from] item: Life Orb\n|move|p1a: Landorus|Stomping Tantrum|p2b: Regirock\n|-supereffective|p2b: Regirock\n|-damage|p2b: Regirock|85/265\n|move|p2b: Regirock|Body Press|p1b: Tsareena\n|-damage|p1b: Tsareena|5/261\n|\n|upkeep\n|turn|3\n|\n|t:|1770882929\n|move|p1b: Tsareena|High Jump Kick|p2b: Regirock\n|-supereffective|p2b: Regirock\n|-damage|p2b: Regirock|0 fnt\n|faint|p2b: Regirock\n|move|p2a: Infernape|Knock Off|p1a: Landorus\n|-damage|p1a: Landorus|198/264\n|-enditem|p1a: Landorus|Sitrus Berry|[from] move: Knock Off|[of] p2a: Infernape\n|-damage|p2a: Infernape|160/259|[from] item: Life Orb\n|move|p1a: Landorus|Stomping Tantrum|p2a: Infernape\n|-supereffective|p2a: Infernape\n|-damage|p2a: Infernape|0 fnt\n|faint|p2a: Infernape\n|\n|upkeep\n|\n|t:|1770882950\n|switch|p2a: Comfey|Comfey, L88, M|233/233\n|switch|p2b: Volcanion|Volcanion, L75|244/244\n|turn|4\n|\n|t:|1770882965\n|move|p1b: Tsareena|Knock Off|p2b: Volcanion\n|-damage|p2b: Volcanion|172/244\n|-enditem|p2b: Volcanion|Assault Vest|[from] move: Knock Off|[of] p1b: Tsareena\n|move|p2a: Comfey|Tailwind|p2a: Comfey\n|-sidestart|p2: FlamKartik|move: Tailwind\n|move|p2b: Volcanion|Steam Eruption|p1a: Landorus\n|-supereffective|p1a: Landorus\n|-damage|p1a: Landorus|0 fnt\n|faint|p1a: Landorus\n|\n|upkeep\n|\n|t:|1770882975\n|switch|p1a: Tauros|Tauros, L82, M|257/257\n|-ability|p1a: Tauros|Intimidate|boost\n|-unboost|p2a: Comfey|atk|1\n|-unboost|p2b: Volcanion|atk|1\n|turn|5\n|\n|t:|1770882986\n|move|p2a: Comfey|Floral Healing|p2b: Volcanion\n|-heal|p2b: Volcanion|244/244\n|move|p2b: Volcanion|Heat Wave|p1b: Tsareena|[spread] p1b\n|-miss|p2b: Volcanion|p1a: Tauros\n|-crit|p1b: Tsareena\n|-damage|p1b: Tsareena|0 fnt\n|faint|p1b: Tsareena\n|move|p1a: Tauros|Double-Edge|p2a: Comfey\n|-damage|p2a: Comfey|52/233\n|-enditem|p2a: Comfey|Sitrus Berry|[eat]\n|-heal|p2a: Comfey|110/233|[from] item: Sitrus Berry\n|-damage|p1a: Tauros|197/257|[from] Recoil\n|\n|upkeep\n|\n|t:|1770883002\n|switch|p1b: Zekrom|Zekrom, L74|270/270\n|-ability|p1b: Zekrom|Teravolt\n|turn|6\n|\n|t:|1770883014\n|move|p1b: Zekrom|Protect|p1b: Zekrom\n|-singleturn|p1b: Zekrom|Protect\n|move|p2a: Comfey|Draining Kiss|p1b: Zekrom\n|-activate|p1b: Zekrom|move: Protect\n|move|p2b: Volcanion|Steam Eruption|p1a: Tauros\n|-damage|p1a: Tauros|47/257\n|-status|p1a: Tauros|brn\n|move|p1a: Tauros|Double-Edge|p2a: Comfey\n|-damage|p2a: Comfey|31/233\n|-damage|p1a: Tauros|21/257 brn|[from] Recoil\n|\n|-damage|p1a: Tauros|5/257 brn|[from] brn\n|upkeep\n|turn|7\n|\n|t:|1770883039\n|switch|p1b: Bruxish|Bruxish, L86, M|257/257\n|move|p2a: Comfey|Draining Kiss|p1b: Bruxish\n|-damage|p1b: Bruxish|202/257\n|-heal|p2a: Comfey|72/233|[from] drain|[of] p1b: Bruxish\n|move|p2b: Volcanion|Heat Wave|p1b: Bruxish|[spread] p1a,p1b\n|-resisted|p1b: Bruxish\n|-damage|p1a: Tauros|0 fnt\n|-damage|p1b: Bruxish|157/257\n|faint|p1a: Tauros\n|\n|-sideend|p2: FlamKartik|move: Tailwind\n|upkeep\n|\n|t:|1770883051\n|switch|p1a: Zekrom|Zekrom, L74|270/270\n|-ability|p1a: Zekrom|Teravolt\n|turn|8\n|\n|t:|1770883071\n|move|p2a: Comfey|Draining Kiss|p1a: Zekrom\n|-supereffective|p1a: Zekrom\n|-damage|p1a: Zekrom|168/270\n|-heal|p2a: Comfey|149/233|[from] drain|[of] p1a: Zekrom\n|move|p1b: Bruxish|Aqua Jet|p2a: Comfey\n|-damage|p2a: Comfey|77/233\n|move|p1a: Zekrom|Bolt Strike|p2b: Volcanion\n|-supereffective|p2b: Volcanion\n|-damage|p2b: Volcanion|0 fnt\n|faint|p2b: Volcanion\n|\n|upkeep\n|\n|t:|1770883086\n|switch|p2b: Breloom|Breloom, L84, F|238/238\n|turn|9\n|\n|t:|1770883101\n|move|p1a: Zekrom|Protect|p1a: Zekrom\n|-singleturn|p1a: Zekrom|Protect\n|move|p2a: Comfey|Draining Kiss|p1a: Zekrom\n|-activate|p1a: Zekrom|move: Protect\n|move|p1b: Bruxish|Aqua Jet|p2a: Comfey\n|-damage|p2a: Comfey|5/233\n|move|p2b: Breloom|Bullet Seed|p1b: Bruxish\n|-supereffective|p1b: Bruxish\n|-damage|p1b: Bruxish|1/257\n|-supereffective|p1b: Bruxish\n|-damage|p1b: Bruxish|0 fnt\n|faint|p1b: Bruxish\n|-hitcount|p1: Bruxish|2\n|-damage|p2b: Breloom|215/238|[from] item: Life Orb\n|\n|upkeep\n|\n|t:|1770883110\n|switch|p1b: Spidops|Spidops, M|282/282\n|turn|10\n|\n|t:|1770883127\n|move|p2a: Comfey|Draining Kiss|p1a: Zekrom\n|-supereffective|p1a: Zekrom\n|-damage|p1a: Zekrom|58/270\n|-heal|p2a: Comfey|88/233|[from] drain|[of] p1a: Zekrom\n|move|p1a: Zekrom|Bolt Strike|p2a: Comfey\n|-damage|p2a: Comfey|0 fnt\n|faint|p2a: Comfey\n|move|p2b: Breloom|Spore|p1b: Spidops\n|-status|p1b: Spidops|slp|[from] move: Spore\n|cant|p1b: Spidops|slp\n|\n|upkeep\n|\n|t:|1770883140\n|switch|p2a: Persian|Persian-Alola, L88, M|258/258\n|turn|11\n|\n|t:|1770883150\n|move|p1a: Zekrom|Protect|p1a: Zekrom\n|-singleturn|p1a: Zekrom|Protect\n|move|p2a: Persian|Fake Out|p1a: Zekrom\n|-activate|p1a: Zekrom|move: Protect\n|move|p2b: Breloom|Bullet Seed|p1b: Spidops\n|-resisted|p1b: Spidops\n|-damage|p1b: Spidops|259/282 slp\n|-resisted|p1b: Spidops\n|-damage|p1b: Spidops|234/282 slp\n|-resisted|p1b: Spidops\n|-damage|p1b: Spidops|209/282 slp\n|-resisted|p1b: Spidops\n|-damage|p1b: Spidops|186/282 slp\n|-resisted|p1b: Spidops\n|-damage|p1b: Spidops|160/282 slp\n|-hitcount|p1b: Spidops|5\n|-damage|p2b: Breloom|192/238|[from] item: Life Orb\n|-curestatus|p1b: Spidops|slp|[msg]\n|move|p1b: Spidops|Lunge|p2a: Persian\n|-supereffective|p2a: Persian\n|-damage|p2a: Persian|118/258\n|-unboost|p2a: Persian|atk|1\n|\n|upkeep\n|turn|12\n|\n|t:|1770883179\n|move|p2b: Breloom|Mach Punch|p1a: Zekrom\n|-damage|p1a: Zekrom|0 fnt\n|faint|p1a: Zekrom\n|-damage|p2b: Breloom|169/238|[from] item: Life Orb\n|move|p2a: Persian|Knock Off|p1b: Spidops\n|-damage|p1b: Spidops|118/282\n|-enditem|p1b: Spidops|Sitrus Berry|[from] move: Knock Off|[of] p2a: Persian\n|move|p1b: Spidops|Lunge|p2b: Breloom\n|-damage|p2b: Breloom|51/238\n|-unboost|p2b: Breloom|atk|1\n|\n|upkeep\n|turn|13\n|\n|t:|1770883196\n|move|p2a: Persian|Knock Off|p1b: Spidops\n|-damage|p1b: Spidops|91/282\n|move|p2b: Breloom|Bullet Seed|p1b: Spidops\n|-resisted|p1b: Spidops\n|-damage|p1b: Spidops|72/282\n|-resisted|p1b: Spidops\n|-damage|p1b: Spidops|54/282\n|-resisted|p1b: Spidops\n|-damage|p1b: Spidops|35/282\n|-hitcount|p1b: Spidops|3\n|-damage|p2b: Breloom|28/238|[from] item: Life Orb\n|move|p1b: Spidops|Lunge|p2b: Breloom\n|-damage|p2b: Breloom|0 fnt\n|faint|p2b: Breloom\n|\n|upkeep\n|turn|14\n|\n|t:|1770883214\n|-terastallize|p2a: Persian|Poison\n|move|p2a: Persian|Knock Off|p1b: Spidops\n|-damage|p1b: Spidops|4/282\n|move|p1b: Spidops|Lunge|p2a: Persian\n|-resisted|p2a: Persian\n|-damage|p2a: Persian|88/258\n|-unboost|p2a: Persian|atk|1\n|\n|upkeep\n|turn|15\n|-message|yannick69 forfeited.\n|\n|win|FlamKartik\n|raw|yannick69's rating: 1624 &rarr; <strong>1606</strong><br />(-18 for losing)\n|raw|FlamKartik's rating: 1660 &rarr; <strong>1678</strong><br />(+18 for winning)\n|l|☆yannick69\n|player|p1|\n", "inputlog": ">version ccdc32dd7cde25fd9e4bed64820e885f66e78a4e\n>start {\"formatid\":\"gen9randomdoublesbattle\",\"seed\":\"sodium,bc26f3211fa66bc545ef960e5b36f1f4\",\"rated\":\"Rated battle\"}\n>player p1 {\"name\":\"yannick69\",\"avatar\":\"hiker-gen4\",\"rating\":1624,\"seed\":\"sodium,2a5a9ce3af118f427b79ea09bcd3dbb2\"}\n>player p2 {\"name\":\"FlamKartik\",\"avatar\":\"scientist-gen4dp\",\"rating\":1660,\"seed\":\"sodium,3d98508f458e92e55925bcd775e479c6\"}\n>p1 switch 4, move rapidspin +1 terastallize\n>p2 move overheat +2, move curse\n>p1 move stompingtantrum +2, move highjumpkick +2\n>p2 move overheat +2, move bodypress +2\n>p1 move stompingtantrum +1, move highjumpkick +2\n>p2 move knockoff +1, move rest\n>p2 switch 5, switch 6\n>p1 move stompingtantrum +2, move knockoff +2\n>p2 move tailwind, move steameruption +1\n>p1 switch 6, pass\n>p1 move doubleedge +1, move powerwhip +1\n>p2 move floralhealing -2, move heatwave\n>p1 pass, switch 3\n>p1 move doubleedge +1, move protect\n>p2 move drainingkiss +2, move steameruption +1\n>p1 move doubleedge +1, switch 5\n>p2 move drainingkiss +2, move heatwave\n>p1 switch 5, pass\n>p1 move boltstrike +2, move aquajet +1\n>p2 move drainingkiss +1, move sludgebomb +2\n>p2 pass, switch 3\n>p1 move protect, move aquajet +1\n>p2 move drainingkiss +1, move bulletseed +2\n>p1 pass, switch 4\n>p1 move boltstrike +1, move lunge +2\n>p2 move drainingkiss +1, move spore +2\n>p2 switch 4, pass\n>p1 move protect, move lunge +1\n>p2 move fakeout +1, move bulletseed +2\n>p1 move dragonclaw +2, move lunge +2\n>p2 move knockoff +2, move machpunch +1\n>p1 pass, move lunge +2\n>p2 move knockoff +2, move bulletseed +2\n>p1 pass, move lunge +1\n>p2 move knockoff +2 terastallize, pass\n>forcelose p1", "uploadtime": 1770883226, "views": 74, "formatid": "gen9randomdoublesbattle", "rating": 1606, "private": 0, "password": null}