{"id": "gen9randomdoublesbattle-2539807473", "format": "[Gen 9] Random Doubles Battle", "players": ["paninipi7", "Sassanator"], "log": "|j|☆paninipi7\n|j|☆Sassanator\n|t:|1771111518\n|gametype|doubles\n|player|p1|paninipi7|youngster-gen4dp|1629\n|player|p2|Sassanator|169|1622\n|gen|9\n|tier|[Gen 9] Random Doubles Battle\n|rated|\n|rule|Species Clause: Limit one of each Pokémon\n|rule|HP Percentage Mod: HP is shown in percentages\n|rule|Illusion Level Mod: Illusion disguises the Pokémon's true level\n|rule|Sleep Clause Mod: Limit one foe put to sleep\n|\n|t:|1771111518\n|teamsize|p1|6\n|teamsize|p2|6\n|start\n|switch|p1a: Stonjourner|Stonjourner, L88, M|319/319\n|switch|p1b: Muk|Muk-Alola, L82, F|306/306\n|switch|p2a: Magearna|Magearna-Original, L71|231/231\n|switch|p2b: Wo-Chien|Wo-Chien, L85|283/283\n|-ability|p2b: Wo-Chien|Tablets of Ruin\n|turn|1\n|inactive|Battle timer is ON: inactive players will automatically lose when time's up. (requested by paninipi7)\n|\n|t:|1771111552\n|switch|p2a: Dachsbun|Dachsbun, L90, M|249/249\n|move|p1a: Stonjourner|Heat Crash|p2a: Dachsbun\n|-ability|p2a: Dachsbun|Well-Baked Body|boost\n|-boost|p2a: Dachsbun|def|2\n|move|p2b: Wo-Chien|Knock Off|p1a: Stonjourner\n|-damage|p1a: Stonjourner|258/319\n|-enditem|p1a: Stonjourner|Life Orb|[from] move: Knock Off|[of] p2b: Wo-Chien\n|move|p1b: Muk|Knock Off|p2a: Dachsbun\n|-resisted|p2a: Dachsbun\n|-damage|p2a: Dachsbun|230/249\n|-enditem|p2a: Dachsbun|Sitrus Berry|[from] move: Knock Off|[of] p1b: Muk\n|\n|upkeep\n|turn|2\n|\n|t:|1771111575\n|switch|p1b: Cryogonal|Cryogonal, L88|284/284\n|move|p2a: Dachsbun|Body Press|p1a: Stonjourner\n|-supereffective|p1a: Stonjourner\n|-damage|p1a: Stonjourner|110/319\n|move|p1a: Stonjourner|Heat Crash|p2b: Wo-Chien\n|-supereffective|p2b: Wo-Chien\n|-damage|p2b: Wo-Chien|123/283\n|-enditem|p2b: Wo-Chien|Sitrus Berry|[eat]\n|-heal|p2b: Wo-Chien|193/283|[from] item: Sitrus Berry\n|move|p2b: Wo-Chien|Leech Seed|p1b: Cryogonal\n|-start|p1b: Cryogonal|move: Leech Seed\n|\n|-damage|p1b: Cryogonal|249/284|[from] Leech Seed|[of] p2b: Wo-Chien\n|-heal|p2b: Wo-Chien|228/283|[silent]\n|upkeep\n|turn|3\n|inactive|Sassanator has 120 seconds left.\n|\n|t:|1771111613\n|switch|p1a: Muk|Muk-Alola, L82, F|306/306\n|move|p1b: Cryogonal|Flash Cannon|p2a: Dachsbun\n|-supereffective|p2a: Dachsbun\n|-damage|p2a: Dachsbun|106/249\n|move|p2a: Dachsbun|Body Press|p1b: Cryogonal\n|-supereffective|p1b: Cryogonal\n|-damage|p1b: Cryogonal|0 fnt\n|faint|p1b: Cryogonal\n|move|p2b: Wo-Chien|Knock Off|p1a: Muk\n|-resisted|p1a: Muk\n|-damage|p1a: Muk|248/306\n|-enditem|p1a: Muk|Sitrus Berry|[from] move: Knock Off|[of] p2b: Wo-Chien\n|\n|upkeep\n|inactive|paninipi7 has 120 seconds left.\n|\n|t:|1771111628\n|switch|p1b: Pincurchin|Pincurchin, L97, F|250/250\n|-fieldstart|move: Electric Terrain|[from] ability: Electric Surge|[of] p1b: Pincurchin\n|turn|4\n|\n|t:|1771111641\n|move|p2a: Dachsbun|Play Rough|p1a: Muk\n|-damage|p1a: Muk|167/306\n|move|p2b: Wo-Chien|Leech Seed|p1b: Pincurchin\n|-start|p1b: Pincurchin|move: Leech Seed\n|move|p1a: Muk|Poison Jab|p2a: Dachsbun\n|-supereffective|p2a: Dachsbun\n|-damage|p2a: Dachsbun|58/249\n|move|p1b: Pincurchin|Thunderbolt|p2a: Dachsbun\n|-damage|p2a: Dachsbun|0 fnt\n|faint|p2a: Dachsbun\n|\n|-damage|p1b: Pincurchin|219/250|[from] Leech Seed|[of] p2b: Wo-Chien\n|-heal|p2b: Wo-Chien|259/283|[silent]\n|upkeep\n|inactive|Sassanator has 120 seconds left.\n|\n|t:|1771111665\n|switch|p2a: Coalossal|Coalossal, L90, M|344/344\n|turn|5\n|\n|t:|1771111678\n|move|p2b: Wo-Chien|Leech Seed|p1a: Muk\n|-start|p1a: Muk|move: Leech Seed\n|move|p1a: Muk|Drain Punch|p2b: Wo-Chien\n|-supereffective|p2b: Wo-Chien\n|-damage|p2b: Wo-Chien|183/283\n|-heal|p1a: Muk|205/306|[from] drain|[of] p2b: Wo-Chien\n|move|p2a: Coalossal|Incinerate|p1b: Pincurchin|[spread] p1a,p1b\n|-damage|p1a: Muk|160/306\n|-damage|p1b: Pincurchin|173/250\n|-enditem|p1b: Pincurchin|Sitrus Berry|[from] move: Incinerate\n|move|p1b: Pincurchin|Scald|p2a: Coalossal\n|-supereffective|p2a: Coalossal\n|-damage|p2a: Coalossal|64/344\n|-enditem|p2a: Coalossal|Sitrus Berry|[eat]\n|-heal|p2a: Coalossal|150/344|[from] item: Sitrus Berry\n|\n|-damage|p1a: Muk|122/306|[from] Leech Seed|[of] p2b: Wo-Chien\n|-heal|p2b: Wo-Chien|221/283|[silent]\n|-damage|p1b: Pincurchin|142/250|[from] Leech Seed|[of] p2b: Wo-Chien\n|-heal|p2b: Wo-Chien|252/283|[silent]\n|upkeep\n|turn|6\n|inactive|paninipi7 has 120 seconds left.\n|\n|t:|1771111713\n|move|p2a: Coalossal|Protect|p2a: Coalossal\n|-singleturn|p2a: Coalossal|Protect\n|move|p2b: Wo-Chien|Knock Off|p1b: Pincurchin\n|-damage|p1b: Pincurchin|88/250\n|move|p1a: Muk|Poison Jab|p2b: Wo-Chien\n|-supereffective|p2b: Wo-Chien\n|-damage|p2b: Wo-Chien|138/283\n|-status|p2b: Wo-Chien|psn|[from] ability: Poison Touch|[of] p1a: Muk\n|move|p1b: Pincurchin|Scald|p2a: Coalossal\n|-activate|p2a: Coalossal|move: Protect\n|\n|-damage|p1a: Muk|84/306|[from] Leech Seed|[of] p2b: Wo-Chien\n|-heal|p2b: Wo-Chien|176/283 psn|[silent]\n|-damage|p1b: Pincurchin|57/250|[from] Leech Seed|[of] p2b: Wo-Chien\n|-heal|p2b: Wo-Chien|207/283 psn|[silent]\n|-damage|p2b: Wo-Chien|172/283 psn|[from] psn\n|upkeep\n|turn|7\n|\n|t:|1771111742\n|switch|p2a: Muk|Muk, L86, F|321/321\n|move|p2b: Wo-Chien|Pollen Puff|p1a: Muk\n|-damage|p1a: Muk|20/306\n|move|p1a: Muk|Drain Punch|p2a: Muk\n|-resisted|p2a: Muk\n|-damage|p2a: Muk|300/321\n|-heal|p1a: Muk|31/306|[from] drain|[of] p2a: Muk\n|move|p1b: Pincurchin|Recover|p1b: Pincurchin\n|-heal|p1b: Pincurchin|182/250\n|\n|-damage|p1a: Muk|0 fnt|[from] Leech Seed|[of] p2b: Wo-Chien\n|-heal|p2b: Wo-Chien|203/283 psn|[silent]\n|faint|p1a: Muk\n|-damage|p1b: Pincurchin|151/250|[from] Leech Seed|[of] p2b: Wo-Chien\n|-heal|p2b: Wo-Chien|234/283 psn|[silent]\n|-damage|p2b: Wo-Chien|199/283 psn|[from] psn\n|upkeep\n|inactive|paninipi7 has 120 seconds left.\n|\n|t:|1771111758\n|switch|p1a: Stonjourner|Stonjourner, L88, M|110/319\n|turn|8\n|\n|t:|1771111774\n|move|p1a: Stonjourner|Heat Crash|p2b: Wo-Chien\n|-supereffective|p2b: Wo-Chien\n|-damage|p2b: Wo-Chien|39/283 psn\n|move|p2b: Wo-Chien|Knock Off|p1a: Stonjourner\n|-damage|p1a: Stonjourner|67/319\n|move|p2a: Muk|Drain Punch|p1a: Stonjourner\n|-supereffective|p1a: Stonjourner\n|-damage|p1a: Stonjourner|7/319\n|-heal|p2a: Muk|321/321|[from] drain|[of] p1a: Stonjourner\n|move|p1b: Pincurchin|Recover|p1b: Pincurchin\n|-heal|p1b: Pincurchin|250/250\n|\n|-damage|p1b: Pincurchin|219/250|[from] Leech Seed|[of] p2b: Wo-Chien\n|-heal|p2b: Wo-Chien|70/283 psn|[silent]\n|-damage|p2b: Wo-Chien|35/283 psn|[from] psn\n|-fieldend|move: Electric Terrain\n|upkeep\n|turn|9\n|\n|t:|1771111790\n|move|p1a: Stonjourner|High Horsepower|p2a: Muk\n|-supereffective|p2a: Muk\n|-damage|p2a: Muk|173/321\n|move|p2b: Wo-Chien|Knock Off|p1a: Stonjourner\n|-damage|p1a: Stonjourner|0 fnt\n|faint|p1a: Stonjourner\n|move|p2a: Muk|Poison Jab|p1b: Pincurchin\n|-damage|p1b: Pincurchin|164/250\n|move|p1b: Pincurchin|Electroweb|p2a: Muk|[spread] p2a,p2b\n|-resisted|p2b: Wo-Chien\n|-damage|p2a: Muk|128/321\n|-damage|p2b: Wo-Chien|16/283 psn\n|-unboost|p2a: Muk|spe|1\n|-unboost|p2b: Wo-Chien|spe|1\n|-enditem|p2a: Muk|Sitrus Berry|[eat]\n|-heal|p2a: Muk|208/321|[from] item: Sitrus Berry\n|\n|-damage|p1b: Pincurchin|133/250|[from] Leech Seed|[of] p2b: Wo-Chien\n|-heal|p2b: Wo-Chien|47/283 psn|[silent]\n|-damage|p2b: Wo-Chien|12/283 psn|[from] psn\n|upkeep\n|\n|t:|1771111805\n|switch|p1a: Brute Bonnet|Brute Bonnet, L80|309/309\n|turn|10\n|\n|t:|1771111832\n|switch|p2b: Coalossal|Coalossal, L90, M|150/344\n|move|p1a: Brute Bonnet|Spore|p2a: Muk\n|-status|p2a: Muk|slp|[from] move: Spore\n|cant|p2a: Muk|slp\n|move|p1b: Pincurchin|Thunderbolt|p2b: Coalossal\n|-damage|p2b: Coalossal|33/344\n|\n|-damage|p1b: Pincurchin|102/250|[from] Leech Seed|[of] p2b: Coalossal\n|-heal|p2b: Coalossal|64/344|[silent]\n|upkeep\n|turn|11\n|\n|t:|1771111849\n|move|p1a: Brute Bonnet|Sucker Punch|p2b: Coalossal\n|-damage|p2b: Coalossal|0 fnt\n|-status|p1a: Brute Bonnet|brn|[from] ability: Flame Body|[of] p2b: Coalossal\n|faint|p2b: Coalossal\n|-curestatus|p2a: Muk|slp|[msg]\n|move|p2a: Muk|Poison Jab|p1a: Brute Bonnet\n|-supereffective|p1a: Brute Bonnet\n|-damage|p1a: Brute Bonnet|129/309 brn\n|-damage|p2a: Muk|155/321|[from] item: Rocky Helmet|[of] p1a: Brute Bonnet\n|move|p1b: Pincurchin|Recover|p1b: Pincurchin\n|-heal|p1b: Pincurchin|227/250\n|\n|-damage|p1a: Brute Bonnet|110/309 brn|[from] brn\n|upkeep\n|inactive|Sassanator has 120 seconds left.\n|\n|t:|1771111870\n|switch|p2b: Noivern|Noivern, L84, F|280/280\n|-item|p1a: Brute Bonnet|Rocky Helmet|[from] ability: Frisk|[of] p2b: Noivern\n|turn|12\n|\n|t:|1771111881\n|move|p1a: Brute Bonnet|Rage Powder|p1a: Brute Bonnet\n|-singleturn|p1a: Brute Bonnet|move: Rage Powder\n|move|p2b: Noivern|Flamethrower|p1a: Brute Bonnet\n|-supereffective|p1a: Brute Bonnet\n|-damage|p1a: Brute Bonnet|0 fnt\n|faint|p1a: Brute Bonnet\n|-end|p1a: Brute Bonnet|Protosynthesis|[silent]\n|-damage|p2b: Noivern|252/280|[from] item: Life Orb\n|move|p2a: Muk|Poison Jab|p1b: Pincurchin\n|-damage|p1b: Pincurchin|143/250\n|move|p1b: Pincurchin|Electroweb|p2b: Noivern|[spread] p2a,p2b\n|-damage|p2a: Muk|107/321\n|-damage|p2b: Noivern|192/280\n|-unboost|p2a: Muk|spe|1\n|-unboost|p2b: Noivern|spe|1\n|\n|-damage|p1b: Pincurchin|112/250|[from] Leech Seed|[of] p2b: Noivern\n|-heal|p2b: Noivern|223/280|[silent]\n|upkeep\n|\n|t:|1771111894\n|switch|p1a: Houndstone|Houndstone, L73, M|226/226\n|turn|13\n|\n|t:|1771111917\n|move|p1a: Houndstone|Last Respects|p2b: Noivern\n|-damage|p2b: Noivern|0 fnt\n|faint|p2b: Noivern\n|move|p1b: Pincurchin|Recover|p1b: Pincurchin\n|-heal|p1b: Pincurchin|237/250\n|move|p2a: Muk|Knock Off|p1a: Houndstone\n|-supereffective|p1a: Houndstone\n|-damage|p1a: Houndstone|139/226\n|-enditem|p1a: Houndstone|Choice Scarf|[from] move: Knock Off|[of] p2a: Muk\n|\n|upkeep\n|\n|t:|1771111923\n|switch|p2b: Magearna|Magearna-Original, L71|231/231\n|turn|14\n|\n|t:|1771111937\n|-terastallize|p1a: Houndstone|Ghost\n|move|p1a: Houndstone|Last Respects|p2b: Magearna\n|-damage|p2b: Magearna|0 fnt\n|faint|p2b: Magearna\n|move|p1b: Pincurchin|Scald|p2a: Muk\n|-damage|p2a: Muk|48/321\n|move|p2a: Muk|Knock Off|p1a: Houndstone\n|-supereffective|p1a: Houndstone\n|-damage|p1a: Houndstone|89/226\n|\n|upkeep\n|-message|Sassanator forfeited.\n|\n|win|paninipi7\n|raw|paninipi7's rating: 1629 &rarr; <strong>1649</strong><br />(+20 for winning)\n|raw|Sassanator's rating: 1622 &rarr; <strong>1602</strong><br />(-20 for losing)\n|l|☆Sassanator\n|player|p2|\n", "inputlog": ">version ccdc32dd7cde25fd9e4bed64820e885f66e78a4e\n>start {\"formatid\":\"gen9randomdoublesbattle\",\"seed\":\"sodium,238beed7b60ed87da19a34667cb80355\",\"rated\":\"Rated battle\"}\n>player p1 {\"name\":\"paninipi7\",\"avatar\":\"youngster-gen4dp\",\"rating\":1629,\"seed\":\"sodium,cb57be6177924054f60951064b53a177\"}\n>player p2 {\"name\":\"Sassanator\",\"avatar\":\"169\",\"rating\":1622,\"seed\":\"sodium,a5802bd0f4d114b4e80774b73933c1f6\"}\n>p1 move heatcrash +1, move knockoff +1\n>p2 switch 3, move knockoff +1\n>p1 move heatcrash +2, switch 6\n>p2 move bodypress +1, move leechseed +2\n>p1 switch 6, move flashcannon +1\n>p2 move bodypress +2, move knockoff +2\n>p1 pass, switch 4\n>p1 move poisonjab +1, move thunderbolt +1\n>p2 move playrough +1, move leechseed +2\n>p2 switch 4, pass\n>p1 move drainpunch +2, move scald +1\n>p2 move incinerate, move leechseed +1\n>p1 move poisonjab +2, move scald +1\n>p2 move protect, move knockoff +2\n>p1 move drainpunch +1, move recover\n>p2 switch 5, move pollenpuff +1\n>p1 switch 6, pass\n>p1 move heatcrash +2, move recover\n>p2 move drainpunch +1, move knockoff +1\n>p1 move highhorsepower +1, move electroweb\n>p2 move poisonjab +2, move knockoff +1\n>p1 switch 5, pass\n>p1 move spore +1, move thunderbolt +2\n>p2 move poisonjab +1, switch 5\n>p1 move suckerpunch +2, move recover\n>p2 move poisonjab +1, move incinerate\n>p2 pass, switch 6\n>p1 move ragepowder, move electroweb\n>p2 move poisonjab +2, move flamethrower +1\n>p1 switch 3, pass\n>p1 move lastrespects +2, move recover\n>p2 move knockoff +1, move tailwind\n>p2 pass, switch 3\n>p1 move lastrespects +2 terastallize, move scald +1\n>p2 move knockoff +1, move fleurcannon +1\n>forcelose p2", "uploadtime": 1771111958, "views": 64, "formatid": "gen9randomdoublesbattle", "rating": 1602, "private": 0, "password": null}