{"id": "gen9randomdoublesbattle-2537388460", "format": "[Gen 9] Random Doubles Battle", "players": ["EpicFriso", "pitangagusta"], "log": "|j|☆EpicFriso\n|j|☆pitangagusta\n|t:|1770808380\n|gametype|doubles\n|player|p1|EpicFriso|101|1590\n|player|p2|pitangagusta|riley|1525\n|gen|9\n|tier|[Gen 9] Random Doubles Battle\n|rated|\n|rule|Species Clause: Limit one of each Pokémon\n|rule|HP Percentage Mod: HP is shown in percentages\n|rule|Illusion Level Mod: Illusion disguises the Pokémon's true level\n|rule|Sleep Clause Mod: Limit one foe put to sleep\n|\n|t:|1770808380\n|teamsize|p1|6\n|teamsize|p2|6\n|start\n|switch|p1a: Forretress|Forretress, L90, M|281/281\n|switch|p1b: Jolteon|Jolteon, L85, M|249/249\n|switch|p2a: Camerupt|Camerupt, L88, M|266/266\n|switch|p2b: Bronzong|Bronzong, L87|258/258\n|turn|1\n|inactive|Battle timer is ON: inactive players will automatically lose when time's up. (requested by pitangagusta)\n|inactive|EpicFriso has 120 seconds left.\n|inactive|EpicFriso has 90 seconds left.\n|\n|t:|1770808457\n|switch|p1b: Delibird|Delibird, M|252/252\n|switch|p1a: Kommo-o|Kommo-o, L79, F|248/248\n|move|p2a: Camerupt|Stealth Rock|p1b: Delibird\n|-sidestart|p1: EpicFriso|move: Stealth Rock\n|move|p2b: Bronzong|Trick Room|p2b: Bronzong\n|-fieldstart|move: Trick Room|[of] p2b: Bronzong\n|\n|upkeep\n|turn|2\n|\n|t:|1770808473\n|move|p1a: Kommo-o|Protect|p1a: Kommo-o\n|-singleturn|p1a: Kommo-o|Protect\n|move|p1b: Delibird|Fake Out|p2a: Camerupt\n|-damage|p2a: Camerupt|235/266\n|move|p2b: Bronzong|Iron Defense|p2b: Bronzong\n|-boost|p2b: Bronzong|def|2\n|cant|p2a: Camerupt|flinch\n|\n|upkeep\n|turn|3\n|\n|t:|1770808498\n|switch|p1a: Jolteon|Jolteon, L85, M|249/249\n|-damage|p1a: Jolteon|218/249|[from] Stealth Rock\n|move|p2b: Bronzong|Iron Defense|p2b: Bronzong\n|-boost|p2b: Bronzong|def|2\n|move|p2a: Camerupt|Heat Wave|p1a: Jolteon|[spread] p1a,p1b\n|-supereffective|p1b: Delibird\n|-damage|p1a: Jolteon|137/249\n|-damage|p1b: Delibird|10/252\n|-status|p1b: Delibird|brn\n|-enditem|p1b: Delibird|Sitrus Berry|[eat]\n|-heal|p1b: Delibird|73/252 brn|[from] item: Sitrus Berry\n|move|p1b: Delibird|Brave Bird|p2a: Camerupt\n|-crit|p2a: Camerupt\n|-damage|p2a: Camerupt|140/266\n|-damage|p1b: Delibird|42/252 brn|[from] Recoil\n|\n|-damage|p1b: Delibird|27/252 brn|[from] brn\n|upkeep\n|turn|4\n|inactive|EpicFriso has 120 seconds left.\n|\n|t:|1770808548\n|move|p2b: Bronzong|Iron Defense|p2b: Bronzong\n|-boost|p2b: Bronzong|def|2\n|move|p2a: Camerupt|Heat Wave|p1a: Jolteon|[spread] p1a,p1b\n|-supereffective|p1b: Delibird\n|-damage|p1a: Jolteon|61/249\n|-damage|p1b: Delibird|0 fnt\n|faint|p1b: Delibird\n|move|p1a: Jolteon|Alluring Voice|p2b: Bronzong\n|-resisted|p2b: Bronzong\n|-crit|p2b: Bronzong\n|-damage|p2b: Bronzong|213/258\n|-start|p2b: Bronzong|confusion\n|-damage|p1a: Jolteon|37/249|[from] item: Life Orb\n|\n|-heal|p2b: Bronzong|229/258|[from] item: Leftovers\n|upkeep\n|inactive|EpicFriso has 90 seconds left.\n|\n|t:|1770808572\n|switch|p1b: Ribombee|Ribombee, L86, M|243/243\n|-damage|p1b: Ribombee|183/243|[from] Stealth Rock\n|turn|5\n|\n|t:|1770808590\n|move|p1b: Ribombee|Protect|p1b: Ribombee\n|-singleturn|p1b: Ribombee|Protect\n|move|p1a: Jolteon|Protect|p1a: Jolteon\n|-singleturn|p1a: Jolteon|Protect\n|-activate|p2b: Bronzong|confusion\n|-damage|p2b: Bronzong|223/258|[from] confusion\n|move|p2a: Camerupt|Heat Wave|p1b: Ribombee|[spread] \n|-activate|p1a: Jolteon|move: Protect\n|-activate|p1b: Ribombee|move: Protect\n|\n|-heal|p2b: Bronzong|239/258|[from] item: Leftovers\n|-fieldend|move: Trick Room\n|upkeep\n|turn|6\n|inactive|EpicFriso has 120 seconds left.\n|\n|t:|1770808609\n|move|p1a: Jolteon|Thunderbolt|p2b: Bronzong\n|-damage|p2b: Bronzong|136/258\n|-damage|p1a: Jolteon|13/249|[from] item: Life Orb\n|move|p1b: Ribombee|Pollen Puff|p2b: Bronzong\n|-damage|p2b: Bronzong|57/258\n|move|p2a: Camerupt|Heat Wave|p1b: Ribombee|[spread] p1a,p1b\n|-supereffective|p1b: Ribombee\n|-damage|p1a: Jolteon|0 fnt\n|-damage|p1b: Ribombee|0 fnt\n|faint|p1a: Jolteon\n|faint|p1b: Ribombee\n|-end|p2b: Bronzong|confusion\n|move|p2b: Bronzong|Trick Room|p2b: Bronzong\n|-fieldstart|move: Trick Room|[of] p2b: Bronzong\n|\n|-heal|p2b: Bronzong|73/258|[from] item: Leftovers\n|upkeep\n|inactive|EpicFriso has 120 seconds left.\n|c|☆EpicFriso|gg\n|\n|t:|1770808625\n|switch|p1b: Kommo-o|Kommo-o, L79, F|248/248\n|switch|p1a: Cinderace|Cinderace, L82, F|265/265\n|-damage|p1b: Kommo-o|233/248|[from] Stealth Rock\n|-damage|p1a: Cinderace|199/265|[from] Stealth Rock\n|turn|7\n|\n|t:|1770808642\n|move|p2b: Bronzong|Body Press|p1a: Cinderace\n|-damage|p1a: Cinderace|0 fnt\n|faint|p1a: Cinderace\n|move|p2a: Camerupt|Will-O-Wisp|p1b: Kommo-o\n|-status|p1b: Kommo-o|brn\n|move|p1b: Kommo-o|Clangorous Soul|p1b: Kommo-o\n|-boost|p1b: Kommo-o|atk|1\n|-boost|p1b: Kommo-o|def|1\n|-boost|p1b: Kommo-o|spa|1\n|-boost|p1b: Kommo-o|spd|1\n|-boost|p1b: Kommo-o|spe|1\n|-damage|p1b: Kommo-o|152/248 brn\n|-enditem|p1b: Kommo-o|Throat Spray\n|-boost|p1b: Kommo-o|spa|1|[from] item: Throat Spray\n|\n|-heal|p2b: Bronzong|89/258|[from] item: Leftovers\n|-damage|p1b: Kommo-o|137/248 brn|[from] brn\n|upkeep\n|inactive|EpicFriso has 120 seconds left.\n|\n|t:|1770808657\n|switch|p1a: Forretress|Forretress, L90, M|281/281\n|-damage|p1a: Forretress|246/281|[from] Stealth Rock\n|turn|8\n|\n|t:|1770808669\n|move|p1b: Kommo-o|Protect|p1b: Kommo-o\n|-singleturn|p1b: Kommo-o|Protect\n|move|p2b: Bronzong|Body Press|p1b: Kommo-o\n|-activate|p1b: Kommo-o|move: Protect\n|move|p2a: Camerupt|Heat Wave|p1b: Kommo-o|[spread] p1a\n|-activate|p1b: Kommo-o|move: Protect\n|-supereffective|p1a: Forretress\n|-damage|p1a: Forretress|0 fnt\n|faint|p1a: Forretress\n|\n|-heal|p2b: Bronzong|105/258|[from] item: Leftovers\n|-damage|p1b: Kommo-o|122/248 brn|[from] brn\n|upkeep\n|turn|9\n|\n|t:|1770808681\n|move|p2b: Bronzong|Body Press|p1b: Kommo-o\n|-damage|p1b: Kommo-o|0 fnt\n|faint|p1b: Kommo-o\n|\n|win|pitangagusta\n|raw|EpicFriso's rating: 1590 &rarr; <strong>1566</strong><br />(-24 for losing)\n|raw|pitangagusta's rating: 1525 &rarr; <strong>1549</strong><br />(+24 for winning)\n|l|☆EpicFriso\n|player|p1|\n", "inputlog": ">version ccdc32dd7cde25fd9e4bed64820e885f66e78a4e\n>start {\"formatid\":\"gen9randomdoublesbattle\",\"seed\":\"sodium,5ff191a408c27bd69ce773f15b81b678\",\"rated\":\"Rated battle\"}\n>player p1 {\"name\":\"EpicFriso\",\"avatar\":\"101\",\"rating\":1590,\"seed\":\"sodium,32995f30c7f4c0dce0f6d45f467cb70c\"}\n>player p2 {\"name\":\"pitangagusta\",\"avatar\":\"riley\",\"rating\":1525,\"seed\":\"sodium,c89560ab7e1f8f4bf6ea50aa6fa6205e\"}\n>p1 switch 6, switch 3\n>p2 move stealthrock, move trickroom\n>p1 move protect, move fakeout +1\n>p2 move heatwave, move irondefense\n>p1 switch 3, move bravebird +1\n>p2 move heatwave, move irondefense\n>p1 move alluringvoice +2, move icywind\n>p2 move heatwave, move irondefense\n>p1 pass, switch 4\n>p1 move protect, move protect\n>p2 move heatwave, move ironhead +2\n>p1 move thunderbolt +2, move pollenpuff +2\n>p2 move heatwave, move trickroom\n>chat ☆EpicFriso|gg\n>p1 switch 5, switch 3\n>p1 move pyroball +2, move clangoroussoul\n>p2 move willowisp +2, move bodypress +1\n>p1 switch 6, pass\n>p1 move explosion, move protect\n>p2 move heatwave, move bodypress +2\n>p1 pass, move clangingscales\n>p2 move earthpower +2, move bodypress +2", "uploadtime": 1770808692, "views": 61, "formatid": "gen9randomdoublesbattle", "rating": 1549, "private": 0, "password": null}