{"id": "gen9randomdoublesbattle-2540813778", "format": "[Gen 9] Random Doubles Battle", "players": ["SquirtleSquad99", "celeestah_"], "log": "|j|☆SquirtleSquad99\n|j|☆celeestah_\n|t:|1771256760\n|gametype|doubles\n|player|p1|SquirtleSquad99|2|1745\n|player|p2|celeestah_|ghetsis|1712\n|gen|9\n|tier|[Gen 9] Random Doubles Battle\n|rated|\n|rule|Species Clause: Limit one of each Pokémon\n|rule|HP Percentage Mod: HP is shown in percentages\n|rule|Illusion Level Mod: Illusion disguises the Pokémon's true level\n|rule|Sleep Clause Mod: Limit one foe put to sleep\n|\n|t:|1771256760\n|teamsize|p1|6\n|teamsize|p2|6\n|start\n|switch|p1a: Lokix|Lokix, L88, M|268/268\n|switch|p1b: Pawmot|Pawmot, L80, M|243/243\n|switch|p2a: Venusaur|Venusaur, L86, F|278/278\n|switch|p2b: Pelipper|Pelipper, L83, F|235/235\n|-weather|RainDance|[from] ability: Drizzle|[of] p2b: Pelipper\n|turn|1\n|inactive|Battle timer is ON: inactive players will automatically lose when time's up. (requested by celeestah_)\n|inactive|celeestah_ has 120 seconds left.\n|\n|t:|1771256816\n|switch|p2b: Grimmsnarl|Grimmsnarl, L82, M|290/290\n|move|p2a: Venusaur|Protect|p2a: Venusaur\n|-singleturn|p2a: Venusaur|Protect\n|move|p1b: Pawmot|Fake Out|p2a: Venusaur\n|-activate|p2a: Venusaur|move: Protect\n|move|p1a: Lokix|Knock Off|p2a: Venusaur\n|-activate|p2a: Venusaur|move: Protect\n|\n|-weather|RainDance|[upkeep]\n|upkeep\n|turn|2\n|inactive|SquirtleSquad99 has 120 seconds left.\n|inactive|celeestah_ has 120 seconds left.\n|\n|t:|1771256862\n|switch|p1b: Victreebel|Victreebel, L91, M|293/293\n|move|p2b: Grimmsnarl|Fake Out|p1a: Lokix\n|-damage|p1a: Lokix|233/268\n|cant|p1a: Lokix|flinch\n|move|p2a: Venusaur|Earth Power|p1b: Victreebel\n|-crit|p1b: Victreebel\n|-damage|p1b: Victreebel|154/293\n|-damage|p2a: Venusaur|251/278|[from] item: Life Orb\n|\n|-weather|RainDance|[upkeep]\n|upkeep\n|turn|3\n|inactive|SquirtleSquad99 has 120 seconds left.\n|\n|t:|1771256888\n|move|p1a: Lokix|Knock Off|p2b: Grimmsnarl\n|-resisted|p2b: Grimmsnarl\n|-damage|p2b: Grimmsnarl|199/290\n|-enditem|p2b: Grimmsnarl|Sitrus Berry|[from] move: Knock Off|[of] p1a: Lokix\n|-damage|p1a: Lokix|207/268|[from] item: Life Orb\n|move|p2a: Venusaur|Sludge Bomb|p1b: Victreebel\n|-damage|p1b: Victreebel|10/293\n|-damage|p2a: Venusaur|224/278|[from] item: Life Orb\n|move|p1b: Victreebel|Knock Off|p2a: Venusaur\n|-damage|p2a: Venusaur|120/278\n|-enditem|p2a: Venusaur|Life Orb|[from] move: Knock Off|[of] p1b: Victreebel\n|-damage|p1b: Victreebel|0 fnt|[from] item: Life Orb\n|faint|p1b: Victreebel\n|move|p2b: Grimmsnarl|Spirit Break|p1a: Lokix\n|-supereffective|p1a: Lokix\n|-damage|p1a: Lokix|25/268\n|-unboost|p1a: Lokix|spa|1\n|\n|-weather|RainDance|[upkeep]\n|upkeep\n|inactive|SquirtleSquad99 has 90 seconds left.\n|inactive|SquirtleSquad99 has 60 seconds left.\n|\n|t:|1771256948\n|switch|p1b: Ambipom|Ambipom, L87, M|272/272\n|turn|4\n|\n|t:|1771256967\n|move|p1a: Lokix|Protect|p1a: Lokix\n|-singleturn|p1a: Lokix|Protect\n|move|p2a: Venusaur|Protect|p2a: Venusaur\n|-singleturn|p2a: Venusaur|Protect\n|move|p2b: Grimmsnarl|Parting Shot|p1b: Ambipom\n|-unboost|p1b: Ambipom|atk|1\n|-unboost|p1b: Ambipom|spa|1\n|\n|t:|1771256979\n|switch|p2b: Lunala|Lunala, L71|312/312|[from] Parting Shot\n|move|p1b: Ambipom|Double-Edge|p2a: Venusaur\n|-activate|p2a: Venusaur|move: Protect\n|\n|-weather|RainDance|[upkeep]\n|upkeep\n|turn|5\n|inactive|SquirtleSquad99 has 90 seconds left.\n|\n|t:|1771257014\n|move|p2b: Lunala|Protect|p2b: Lunala\n|-singleturn|p2b: Lunala|Protect\n|move|p1b: Ambipom|Double-Edge|p2a: Venusaur\n|-damage|p2a: Venusaur|2/278\n|-damage|p1b: Ambipom|233/272|[from] Recoil\n|move|p1a: Lokix|Knock Off|p2a: Venusaur\n|-damage|p2a: Venusaur|0 fnt\n|faint|p2a: Venusaur\n|-damage|p1a: Lokix|0 fnt|[from] item: Life Orb\n|faint|p1a: Lokix\n|\n|-weather|none\n|upkeep\n|inactive|SquirtleSquad99 has 60 seconds left.\n|inactive|SquirtleSquad99 has 30 seconds left.\n|\n|t:|1771257056\n|switch|p1a: Oinkologne|Oinkologne, L92, M|352/352\n|switch|p2a: Grimmsnarl|Grimmsnarl, L82, M|199/290\n|turn|6\n|\n|t:|1771257083\n|-terastallize|p2b: Lunala|Fairy\n|move|p1b: Ambipom|Protect|p1b: Ambipom\n|-singleturn|p1b: Ambipom|Protect\n|move|p2a: Grimmsnarl|Thunder Wave|p1b: Ambipom\n|-activate|p1b: Ambipom|move: Protect\n|move|p2b: Lunala|Meteor Beam||[still]\n|-prepare|p2b: Lunala|Meteor Beam\n|-boost|p2b: Lunala|spa|1\n|-enditem|p2b: Lunala|Power Herb\n|-anim|p2b: Lunala|Meteor Beam|p1a: Oinkologne\n|-damage|p1a: Oinkologne|227/352\n|move|p1a: Oinkologne|Lash Out|p2b: Lunala\n|-resisted|p2b: Lunala\n|-damage|p2b: Lunala|286/312\n|\n|upkeep\n|turn|7\n|inactive|SquirtleSquad99 has 60 seconds left.\n|inactive|SquirtleSquad99 has 30 seconds left.\n|inactive|SquirtleSquad99 has 20 seconds left.\n|inactive|SquirtleSquad99 has 15 seconds left.\n|\n|t:|1771257138\n|switch|p1a: Emboar|Emboar, L85, F|326/326\n|move|p2a: Grimmsnarl|Parting Shot|p1b: Ambipom\n|-unboost|p1b: Ambipom|atk|1\n|-unboost|p1b: Ambipom|spa|1\n|\n|t:|1771257151\n|switch|p2a: Pelipper|Pelipper, L83, F|235/235|[from] Parting Shot\n|-weather|RainDance|[from] ability: Drizzle|[of] p2a: Pelipper\n|move|p1b: Ambipom|Double-Edge|p2a: Pelipper\n|-damage|p2a: Pelipper|162/235\n|-damage|p1b: Ambipom|209/272|[from] Recoil\n|move|p2b: Lunala|Meteor Beam||[still]\n|-prepare|p2b: Lunala|Meteor Beam\n|-boost|p2b: Lunala|spa|1\n|\n|-weather|RainDance|[upkeep]\n|upkeep\n|turn|8\n|inactive|SquirtleSquad99 has 30 seconds left.\n|inactive|SquirtleSquad99 has 20 seconds left.\n|\n|t:|1771257180\n|switch|p1b: Oinkologne|Oinkologne, L92, M|227/352\n|switch|p2a: Probopass|Probopass, L90, F|254/254\n|move|p1a: Emboar|Head Smash|p2b: Lunala\n|-damage|p2b: Lunala|98/312\n|-damage|p1a: Emboar|232/326|[from] Recoil\n|move|p2b: Lunala|Meteor Beam|p1a: Emboar|[from] lockedmove\n|-damage|p1a: Emboar|33/326\n|\n|-weather|RainDance|[upkeep]\n|upkeep\n|turn|9\n|inactive|SquirtleSquad99 has 30 seconds left.\n|inactive|SquirtleSquad99 has 20 seconds left.\n|\n|t:|1771257206\n|move|p2b: Lunala|Protect|p2b: Lunala\n|-singleturn|p2b: Lunala|Protect\n|move|p1a: Emboar|Head Smash|p2b: Lunala\n|-activate|p2b: Lunala|move: Protect\n|move|p1b: Oinkologne|High Horsepower|p2a: Probopass\n|-supereffective|p2a: Probopass\n|-damage|p2a: Probopass|0 fnt\n|faint|p2a: Probopass\n|\n|-weather|RainDance|[upkeep]\n|upkeep\n|\n|t:|1771257216\n|switch|p2a: Grimmsnarl|Grimmsnarl, L82, M|199/290\n|turn|10\n|\n|t:|1771257225\n|move|p2a: Grimmsnarl|Fake Out|p1a: Emboar\n|-damage|p1a: Emboar|0 fnt\n|faint|p1a: Emboar\n|move|p2b: Lunala|Moonblast|p1b: Oinkologne\n|-damage|p1b: Oinkologne|55/352\n|move|p1b: Oinkologne|High Horsepower|p2b: Lunala|[miss]\n|-miss|p1b: Oinkologne|p2b: Lunala\n|\n|-weather|RainDance|[upkeep]\n|upkeep\n|inactive|SquirtleSquad99 has 30 seconds left.\n|\n|t:|1771257252\n|switch|p1a: Ambipom|Ambipom, L87, M|209/272\n|turn|11\n|\n|t:|1771257262\n|move|p2b: Lunala|Protect|p2b: Lunala\n|-singleturn|p2b: Lunala|Protect\n|move|p1a: Ambipom|Fake Out|p2b: Lunala\n|-activate|p2b: Lunala|move: Protect\n|move|p2a: Grimmsnarl|Thunder Wave|p1a: Ambipom\n|-status|p1a: Ambipom|par\n|move|p1b: Oinkologne|High Horsepower|p2a: Grimmsnarl\n|-crit|p2a: Grimmsnarl\n|-damage|p2a: Grimmsnarl|0 fnt\n|faint|p2a: Grimmsnarl\n|\n|-weather|none\n|upkeep\n|\n|t:|1771257274\n|switch|p2a: Pelipper|Pelipper, L83, F|162/235\n|-weather|RainDance|[from] ability: Drizzle|[of] p2a: Pelipper\n|turn|12\n|\n|t:|1771257288\n|move|p1a: Ambipom|Protect|p1a: Ambipom\n|-singleturn|p1a: Ambipom|Protect\n|move|p2b: Lunala|Moonblast|p1b: Oinkologne\n|-crit|p1b: Oinkologne\n|-damage|p1b: Oinkologne|0 fnt\n|faint|p1b: Oinkologne\n|move|p2a: Pelipper|Hydro Pump|p1a: Ambipom\n|-activate|p1a: Ambipom|move: Protect\n|\n|-weather|RainDance|[upkeep]\n|upkeep\n|inactive|SquirtleSquad99 has 60 seconds left.\n|\n|t:|1771257299\n|switch|p1b: Pawmot|Pawmot, L80, M|243/243\n|turn|13\n|\n|t:|1771257313\n|move|p1b: Pawmot|Double Shock|p2a: Pelipper\n|-supereffective|p2a: Pelipper\n|-damage|p2a: Pelipper|0 fnt\n|-start|p1b: Pawmot|typechange|???/Fighting|[from] move: Double Shock\n|faint|p2a: Pelipper\n|move|p2b: Lunala|Moonblast|p1b: Pawmot\n|-supereffective|p1b: Pawmot\n|-enditem|p1b: Pawmot|Focus Sash\n|-damage|p1b: Pawmot|1/243\n|move|p1a: Ambipom|Double-Edge|p2b: Lunala\n|-damage|p2b: Lunala|0 fnt\n|faint|p2b: Lunala\n|-damage|p1a: Ambipom|177/272 par|[from] Recoil\n|\n|-weather|RainDance|[upkeep]\n|upkeep\n|\n|t:|1771257322\n|switch|p2b: Shaymin|Shaymin, L81|295/295\n|turn|14\n|inactive|SquirtleSquad99 has 90 seconds left.\n|\n|t:|1771257340\n|move|p1b: Pawmot|Revival Blessing|p1b: Pawmot\n|inactive|SquirtleSquad99 has 90 seconds left.\n|\n|t:|1771257348\n|-heal|p1: Lokix|134/268|[from] move: Revival Blessing\n|move|p2b: Shaymin|Earth Power|p1b: Pawmot\n|-damage|p1b: Pawmot|0 fnt\n|faint|p1b: Pawmot\n|cant|p1a: Ambipom|par\n|\n|-weather|RainDance|[upkeep]\n|upkeep\n|inactive|SquirtleSquad99 has 90 seconds left.\n|\n|t:|1771257356\n|switch|p1b: Lokix|Lokix, L88, M|134/268\n|turn|15\n|\n|t:|1771257365\n|-terastallize|p1b: Lokix|Bug\n|move|p2b: Shaymin|Protect|p2b: Shaymin\n|-singleturn|p2b: Shaymin|Protect\n|move|p1b: Lokix|First Impression|p2b: Shaymin\n|-activate|p2b: Shaymin|move: Protect\n|cant|p1a: Ambipom|par\n|\n|-weather|RainDance|[upkeep]\n|upkeep\n|turn|16\n|inactive|SquirtleSquad99 has 120 seconds left.\n|\n|t:|1771257387\n|move|p1b: Lokix|Knock Off|p2b: Shaymin\n|-damage|p2b: Shaymin|142/295\n|-enditem|p2b: Shaymin|Sitrus Berry|[from] move: Knock Off|[of] p1b: Lokix\n|-damage|p1b: Lokix|108/268|[from] item: Life Orb\n|move|p2b: Shaymin|Seed Flare|p1b: Lokix\n|-resisted|p1b: Lokix\n|-damage|p1b: Lokix|31/268\n|-unboost|p1b: Lokix|spd|2\n|cant|p1a: Ambipom|par\n|\n|-weather|none\n|upkeep\n|turn|17\n|-message|celeestah_ forfeited.\n|\n|win|SquirtleSquad99\n|raw|SquirtleSquad99's rating: 1745 &rarr; <strong>1763</strong><br />(+18 for winning)\n|raw|celeestah_'s rating: 1712 &rarr; <strong>1694</strong><br />(-18 for losing)\n|l|☆celeestah_\n|player|p2|\n", "inputlog": ">version 686819e5e19f8a7fd2345cfc5a08a5085efa2cc3\n>start {\"formatid\":\"gen9randomdoublesbattle\",\"seed\":\"sodium,08e10a11b8b32f8902722b495705c6e0\",\"rated\":\"Rated battle\"}\n>player p1 {\"name\":\"SquirtleSquad99\",\"avatar\":\"2\",\"rating\":1745,\"seed\":\"sodium,c981878b90757b4c1d0795d107de1be0\"}\n>player p2 {\"name\":\"celeestah_\",\"avatar\":\"ghetsis\",\"rating\":1712,\"seed\":\"sodium,45a2df505996c533b0998e291ca3d782\"}\n>p1 move knockoff +1, move fakeout +1\n>p2 move protect, switch 3\n>p1 move knockoff +2, switch 6\n>p2 move earthpower +2, move fakeout +1\n>p1 move knockoff +2, move knockoff +1\n>p2 move sludgebomb +2, move spiritbreak +1\n>p1 pass, switch 3\n>p1 move protect, move doubleedge +1\n>p2 move protect, move partingshot +2\n>p2 pass, switch 4\n>p1 move knockoff +1, move doubleedge +1\n>p2 move gigadrain +2, move protect\n>p1 switch 4, pass\n>p2 switch 4, pass\n>p1 move lashout +2, move protect\n>p2 move thunderwave +2, move meteorbeam +1 terastallize\n>p1 switch 5, move doubleedge +1\n>p2 move partingshot +2, move meteorbeam +1\n>p2 switch 3, pass\n>p1 move headsmash +2, switch 5\n>p2 switch 5, move meteorbeam +1\n>p1 move headsmash +2, move highhorsepower +1\n>p2 move irondefense, move protect\n>p2 switch 3, pass\n>p1 move headsmash +2, move highhorsepower +2\n>p2 move fakeout +1, move moonblast +2\n>p1 switch 5, pass\n>p1 move fakeout +2, move highhorsepower +1\n>p2 move thunderwave +1, move protect\n>p2 switch 5, pass\n>p1 move protect, move highhorsepower +2\n>p2 move hydropump +1, move moonblast +2\n>p1 pass, switch 6\n>p1 move doubleedge +2, move doubleshock +1\n>p2 move hydropump +2, move moonblast +2\n>p2 pass, switch 6\n>p1 move knockoff +2, move revivalblessing\n>p2 pass, move earthpower +2\n>p1 pass, switch 4\n>p1 pass, switch 4\n>p1 move knockoff +2, move firstimpression +2 terastallize\n>p2 pass, move protect\n>p1 move doubleedge +2, move knockoff +2\n>p2 pass, move seedflare +2\n>forcelose p2", "uploadtime": 1771257438, "views": 8, "formatid": "gen9randomdoublesbattle", "rating": 1694, "private": 0, "password": null}