{"id": "gen9randomdoublesbattle-2538471550", "format": "[Gen 9] Random Doubles Battle", "players": ["Realnickiminaj", "anlivcao"], "log": "|j|☆Realnickiminaj\n|j|☆anlivcao\n|t:|1770930815\n|gametype|doubles\n|player|p1|Realnickiminaj|pokemonrangerf|1820\n|player|p2|anlivcao|roxie|1870\n|gen|9\n|tier|[Gen 9] Random Doubles Battle\n|rated|\n|rule|Species Clause: Limit one of each Pokémon\n|rule|HP Percentage Mod: HP is shown in percentages\n|rule|Illusion Level Mod: Illusion disguises the Pokémon's true level\n|rule|Sleep Clause Mod: Limit one foe put to sleep\n|\n|t:|1770930815\n|teamsize|p1|6\n|teamsize|p2|6\n|start\n|switch|p1a: Lycanroc|Lycanroc, L85, F|266/266\n|switch|p1b: Clawitzer|Clawitzer, L84, F|256/256\n|switch|p2a: Wugtrio|Wugtrio, L92, M|214/214\n|switch|p2b: Shiftry|Shiftry, L84, M|288/288\n|turn|1\n|inactive|Battle timer is ON: inactive players will automatically lose when time's up. (requested by anlivcao)\n|\n|t:|1770930850\n|-terastallize|p2b: Shiftry|Ghost\n|move|p1a: Lycanroc|Protect|p1a: Lycanroc\n|-singleturn|p1a: Lycanroc|Protect\n|move|p2a: Wugtrio|Liquidation|p1a: Lycanroc\n|-activate|p1a: Lycanroc|move: Protect\n|move|p2b: Shiftry|Tailwind|p2b: Shiftry\n|-sidestart|p2: anlivcao|move: Tailwind\n|-ability|p2b: Shiftry|Wind Rider|boost\n|-boost|p2b: Shiftry|atk|1\n|move|p1b: Clawitzer|Aura Sphere|p2b: Shiftry\n|-immune|p2b: Shiftry\n|\n|upkeep\n|turn|2\n|\n|t:|1770930867\n|move|p1a: Lycanroc|Accelerock|p2b: Shiftry\n|-damage|p2b: Shiftry|197/288\n|-damage|p1a: Lycanroc|240/266|[from] item: Life Orb\n|move|p2a: Wugtrio|Liquidation|p1a: Lycanroc\n|-supereffective|p1a: Lycanroc\n|-damage|p1a: Lycanroc|0 fnt\n|faint|p1a: Lycanroc\n|move|p2b: Shiftry|Leaf Blade|p1b: Clawitzer\n|-supereffective|p1b: Clawitzer\n|-damage|p1b: Clawitzer|0 fnt\n|faint|p1b: Clawitzer\n|-damage|p2b: Shiftry|169/288|[from] item: Life Orb\n|\n|upkeep\n|\n|t:|1770930882\n|switch|p1a: Solgaleo|Solgaleo, L74|325/325\n|switch|p1b: Meowstic|Meowstic, L88, M|274/274\n|turn|3\n|\n|t:|1770930901\n|move|p1b: Meowstic|Reflect|p1b: Meowstic\n|-sidestart|p1: Realnickiminaj|Reflect\n|move|p2a: Wugtrio|Liquidation|p1b: Meowstic\n|-crit|p1b: Meowstic\n|-damage|p1b: Meowstic|0 fnt\n|faint|p1b: Meowstic\n|move|p2b: Shiftry|Knock Off|p1a: Solgaleo\n|-supereffective|p1a: Solgaleo\n|-crit|p1a: Solgaleo\n|-damage|p1a: Solgaleo|0 fnt\n|-enditem|p1a: Solgaleo|Weakness Policy|[from] move: Knock Off|[of] p2b: Shiftry\n|faint|p1a: Solgaleo\n|-damage|p2b: Shiftry|141/288|[from] item: Life Orb\n|\n|upkeep\n|c|☆Realnickiminaj|Wow\n|c|☆anlivcao|2x crit\n|\n|t:|1770930914\n|switch|p1b: Ho-Oh|Ho-Oh, L70|264/264\n|switch|p1a: Ting-Lu|Ting-Lu, L82|388/388\n|-ability|p1a: Ting-Lu|Vessel of Ruin\n|turn|4\n|c|☆Realnickiminaj|Ain’t my day\n|\n|t:|1770930933\n|move|p2a: Wugtrio|Liquidation|p1b: Ho-Oh\n|-supereffective|p1b: Ho-Oh\n|-damage|p1b: Ho-Oh|8/264\n|-enditem|p1b: Ho-Oh|Sitrus Berry|[eat]\n|-heal|p1b: Ho-Oh|74/264|[from] item: Sitrus Berry\n|move|p2b: Shiftry|Leaf Blade|p1a: Ting-Lu\n|-supereffective|p1a: Ting-Lu\n|-damage|p1a: Ting-Lu|189/388\n|-enditem|p1a: Ting-Lu|Sitrus Berry|[eat]\n|-heal|p1a: Ting-Lu|286/388|[from] item: Sitrus Berry\n|-damage|p2b: Shiftry|113/288|[from] item: Life Orb\n|move|p1b: Ho-Oh|Sacred Fire|p2a: Wugtrio\n|-resisted|p2a: Wugtrio\n|-damage|p2a: Wugtrio|145/214\n|-status|p2a: Wugtrio|brn\n|move|p1a: Ting-Lu|Throat Chop|p2b: Shiftry\n|-supereffective|p2b: Shiftry\n|-damage|p2b: Shiftry|0 fnt\n|faint|p2b: Shiftry\n|\n|-damage|p2a: Wugtrio|132/214 brn|[from] brn\n|-sideend|p2: anlivcao|move: Tailwind\n|upkeep\n|\n|t:|1770930949\n|switch|p2b: Alomomola|Alomomola, L96, F|472/472\n|turn|5\n|\n|t:|1770930959\n|-terastallize|p1a: Ting-Lu|Poison\n|move|p2a: Wugtrio|Liquidation|p1b: Ho-Oh\n|-supereffective|p1b: Ho-Oh\n|-damage|p1b: Ho-Oh|0 fnt\n|faint|p1b: Ho-Oh\n|move|p2b: Alomomola|Scald|p1a: Ting-Lu\n|-damage|p1a: Ting-Lu|234/388\n|-status|p1a: Ting-Lu|brn\n|move|p1a: Ting-Lu|Stomping Tantrum|p2a: Wugtrio\n|-damage|p2a: Wugtrio|79/214 brn\n|-ability|p2a: Wugtrio|Gooey\n|-unboost|p1a: Ting-Lu|spe|1\n|\n|-damage|p2a: Wugtrio|66/214 brn|[from] brn\n|-damage|p1a: Ting-Lu|210/388 brn|[from] brn\n|upkeep\n|turn|6\n|c|☆Realnickiminaj|Gg\n|-message|Realnickiminaj forfeited.\n|\n|win|anlivcao\n|raw|Realnickiminaj's rating: 1820 &rarr; <strong>1803</strong><br />(-17 for losing)\n|raw|anlivcao's rating: 1870 &rarr; <strong>1887</strong><br />(+17 for winning)\n|c|☆anlivcao|gg\n|l|☆anlivcao\n|player|p2|\n", "inputlog": ">version ccdc32dd7cde25fd9e4bed64820e885f66e78a4e\n>start {\"formatid\":\"gen9randomdoublesbattle\",\"seed\":\"sodium,e6d8c1be5229aab79da24bcde9c88101\",\"rated\":\"Rated battle\"}\n>player p1 {\"name\":\"Realnickiminaj\",\"avatar\":\"pokemonrangerf\",\"rating\":1820,\"seed\":\"sodium,494370c402d2bcb18227a1d3eb0d9bfa\"}\n>player p2 {\"name\":\"anlivcao\",\"avatar\":\"roxie\",\"rating\":1870,\"seed\":\"sodium,065195ebbbec0de0ec82738171fe60fd\"}\n>p1 move protect, move aurasphere +2\n>p2 move liquidation +1, move tailwind terastallize\n>p1 move accelerock +2, move muddywater\n>p2 move liquidation +1, move leafblade +2\n>p1 switch 3, switch 5\n>p1 move sunsteelstrike +2, move reflect\n>p2 move liquidation +2, move knockoff +2\n>chat ☆Realnickiminaj|Wow\n>chat ☆anlivcao|2x crit\n>p1 switch 4, switch 6\n>chat ☆Realnickiminaj|Ain’t my day \n>p1 move throatchop +2, move sacredfire +1\n>p2 move liquidation +2, move leafblade +1\n>p2 pass, switch 4\n>p1 move stompingtantrum +1 terastallize, move recover\n>p2 move liquidation +2, move scald +1\n>chat ☆Realnickiminaj|Gg\n>forcelose p1", "uploadtime": 1770930979, "views": 75, "formatid": "gen9randomdoublesbattle", "rating": 1803, "private": 0, "password": null}