{"id": "gen9randomdoublesbattle-2539900935", "format": "[Gen 9] Random Doubles Battle", "players": ["shxurii", "improvguy"], "log": "|j|☆shxurii\n|j|☆improvguy\n|t:|1771124542\n|gametype|doubles\n|player|p1|shxurii|cilan|1777\n|player|p2|improvguy|cameraman|1937\n|gen|9\n|tier|[Gen 9] Random Doubles Battle\n|rated|\n|rule|Species Clause: Limit one of each Pokémon\n|rule|HP Percentage Mod: HP is shown in percentages\n|rule|Illusion Level Mod: Illusion disguises the Pokémon's true level\n|rule|Sleep Clause Mod: Limit one foe put to sleep\n|\n|t:|1771124542\n|teamsize|p1|6\n|teamsize|p2|6\n|start\n|switch|p1a: Latios|Latios, L79, M|256/256\n|switch|p1b: Ampharos|Ampharos, L86, M|295/295\n|switch|p2a: Rhydon|Rhydon, L86, F|321/321\n|switch|p2b: Blastoise|Blastoise, L83, M|267/267\n|turn|1\n|inactive|Battle timer is ON: inactive players will automatically lose when time's up. (requested by shxurii)\n|\n|t:|1771124581\n|move|p1a: Latios|Luster Purge|p2a: Rhydon\n|-damage|p2a: Rhydon|194/321\n|move|p2b: Blastoise|Shell Smash|p2b: Blastoise\n|-unboost|p2b: Blastoise|def|1\n|-unboost|p2b: Blastoise|spd|1\n|-boost|p2b: Blastoise|atk|2\n|-boost|p2b: Blastoise|spa|2\n|-boost|p2b: Blastoise|spe|2\n|-enditem|p2b: Blastoise|White Herb\n|-clearnegativeboost|p2b: Blastoise|[silent]\n|move|p1b: Ampharos|Thunder Wave|p2a: Rhydon\n|-activate|p2a: Rhydon|ability: Lightning Rod\n|-ability|p2a: Rhydon|Lightning Rod|boost\n|-boost|p2a: Rhydon|spa|1\n|move|p2a: Rhydon|Rock Slide|p1b: Ampharos|[spread] p1a,p1b\n|-damage|p1a: Latios|168/256\n|-damage|p1b: Ampharos|213/295\n|\n|upkeep\n|turn|2\n|\n|t:|1771124606\n|-terastallize|p1a: Latios|Steel\n|move|p2b: Blastoise|Dragon Pulse|p1a: Latios\n|-resisted|p1a: Latios\n|-damage|p1a: Latios|120/256\n|move|p1a: Latios|Tailwind|p1a: Latios\n|-sidestart|p1: shxurii|move: Tailwind\n|move|p1b: Ampharos|Focus Blast|p2a: Rhydon\n|-supereffective|p2a: Rhydon\n|-damage|p2a: Rhydon|0 fnt\n|faint|p2a: Rhydon\n|\n|upkeep\n|\n|t:|1771124619\n|switch|p2a: Lurantis|Lurantis, L85, F|258/258\n|turn|3\n|\n|t:|1771124635\n|move|p1a: Latios|Protect|p1a: Latios\n|-singleturn|p1a: Latios|Protect\n|move|p2b: Blastoise|Protect|p2b: Blastoise\n|-singleturn|p2b: Blastoise|Protect\n|move|p1b: Ampharos|Thunder Wave|p2b: Blastoise\n|-activate|p2b: Blastoise|move: Protect\n|move|p2a: Lurantis|Knock Off|p1a: Latios\n|-activate|p1a: Latios|move: Protect\n|\n|upkeep\n|turn|4\n|\n|t:|1771124651\n|switch|p1a: Overqwil|Overqwil, L82, F|274/274\n|-ability|p1a: Overqwil|Intimidate|boost\n|-boost|p2a: Lurantis|atk|1\n|-unboost|p2b: Blastoise|atk|1\n|move|p2b: Blastoise|Muddy Water|p1b: Ampharos|[spread] p1a,p1b\n|-damage|p1a: Overqwil|114/274\n|-damage|p1b: Ampharos|90/295\n|-enditem|p1b: Ampharos|Sitrus Berry|[eat]\n|-heal|p1b: Ampharos|163/295|[from] item: Sitrus Berry\n|move|p1b: Ampharos|Thunder Wave|p2b: Blastoise\n|-status|p2b: Blastoise|par\n|move|p2a: Lurantis|Leaf Storm|p1b: Ampharos\n|-damage|p1b: Ampharos|45/295\n|-boost|p2a: Lurantis|spa|2\n|\n|upkeep\n|turn|5\n|\n|t:|1771124676\n|switch|p2a: Regirock|Regirock, L82|265/265\n|cant|p2b: Blastoise|par\n|move|p1a: Overqwil|Gunk Shot|p2a: Regirock|[miss]\n|-miss|p1a: Overqwil|p2a: Regirock\n|move|p1b: Ampharos|Thunderbolt|p2b: Blastoise\n|-supereffective|p2b: Blastoise\n|-damage|p2b: Blastoise|61/267 par\n|\n|-sideend|p1: shxurii|move: Tailwind\n|upkeep\n|turn|6\n|\n|t:|1771124697\n|move|p1a: Overqwil|Crunch|p2b: Blastoise\n|-damage|p2b: Blastoise|0 fnt\n|faint|p2b: Blastoise\n|-damage|p1a: Overqwil|87/274|[from] item: Life Orb\n|move|p1b: Ampharos|Thunder Wave|p2a: Regirock\n|-status|p2a: Regirock|par\n|cant|p2a: Regirock|par\n|\n|upkeep\n|\n|t:|1771124706\n|switch|p2b: Lurantis|Lurantis, L85, F|238/238\n|turn|7\n|\n|t:|1771124716\n|move|p2b: Lurantis|Dark Pulse|p1b: Ampharos\n|-damage|p1b: Ampharos|0 fnt\n|faint|p1b: Ampharos\n|-damage|p2b: Lurantis|215/238|[from] item: Life Orb\n|move|p1a: Overqwil|Gunk Shot|p2b: Lurantis\n|-damage|p2b: Lurantis|0 fnt\n|replace|p2b: Zoroark|Zoroark, L84, M\n|-end|p2b: Zoroark|Illusion\n|-hint|Illusion Level Mod is active, so this Pokémon's true level was hidden.\n|faint|p2b: Zoroark\n|-damage|p1a: Overqwil|60/274|[from] item: Life Orb\n|move|p2a: Regirock|Rock Slide|p1a: Overqwil\n|-damage|p1a: Overqwil|0 fnt\n|faint|p1a: Overqwil\n|\n|upkeep\n|\n|t:|1771124730\n|switch|p2b: Lurantis|Lurantis, L85, F|258/258\n|switch|p1a: Gumshoos|Gumshoos, L93, F|315/315\n|switch|p1b: Latios|Latios, L79, M, tera:Steel|120/256\n|turn|8\n|\n|t:|1771124740\n|move|p1b: Latios|Luster Purge|p2b: Lurantis\n|-damage|p2b: Lurantis|170/258\n|-boost|p2b: Lurantis|spd|1\n|move|p1a: Gumshoos|Double-Edge|p2b: Lurantis\n|-damage|p2b: Lurantis|0 fnt\n|faint|p2b: Lurantis\n|-damage|p1a: Gumshoos|259/315|[from] Recoil\n|move|p2a: Regirock|Body Press|p1a: Gumshoos\n|-supereffective|p1a: Gumshoos\n|-damage|p1a: Gumshoos|33/315\n|\n|upkeep\n|\n|t:|1771124746\n|switch|p2b: Deoxys|Deoxys-Attack, L79|209/209\n|-ability|p2b: Deoxys|Pressure\n|turn|9\n|\n|t:|1771124757\n|-terastallize|p2b: Deoxys|Ghost\n|move|p2b: Deoxys|Knock Off|p1b: Latios\n|-damage|p1b: Latios|0 fnt\n|-enditem|p1b: Latios|Soul Dew|[from] move: Knock Off|[of] p2b: Deoxys\n|faint|p1b: Latios\n|-damage|p2b: Deoxys|189/209|[from] item: Life Orb\n|move|p1a: Gumshoos|Double-Edge|p2b: Deoxys\n|-immune|p2b: Deoxys\n|move|p2a: Regirock|Body Press|p1a: Gumshoos\n|-supereffective|p1a: Gumshoos\n|-damage|p1a: Gumshoos|0 fnt\n|faint|p1a: Gumshoos\n|\n|upkeep\n|\n|t:|1771124761\n|switch|p1b: Kommo-o|Kommo-o, L79, M|248/248\n|switch|p1a: Metagross|Metagross, L80|259/259\n|turn|10\n|\n|t:|1771124779\n|move|p2b: Deoxys|Psycho Boost|p1b: Kommo-o\n|-supereffective|p1b: Kommo-o\n|-damage|p1b: Kommo-o|0 fnt\n|-unboost|p2b: Deoxys|spa|2\n|faint|p1b: Kommo-o\n|-damage|p2b: Deoxys|169/209|[from] item: Life Orb\n|move|p1a: Metagross|Heavy Slam|p2b: Deoxys\n|-damage|p2b: Deoxys|0 fnt\n|faint|p2b: Deoxys\n|move|p2a: Regirock|Curse|p2a: Regirock\n|-unboost|p2a: Regirock|spe|1\n|-boost|p2a: Regirock|atk|1\n|-boost|p2a: Regirock|def|1\n|\n|upkeep\n|turn|11\n|\n|t:|1771124786\n|move|p1a: Metagross|Heavy Slam|p2a: Regirock\n|-supereffective|p2a: Regirock\n|-damage|p2a: Regirock|205/265 par\n|cant|p2a: Regirock|par\n|\n|upkeep\n|turn|12\n|\n|t:|1771124790\n|move|p1a: Metagross|Heavy Slam|p2a: Regirock\n|-supereffective|p2a: Regirock\n|-damage|p2a: Regirock|151/265 par\n|move|p2a: Regirock|Curse|p2a: Regirock\n|-unboost|p2a: Regirock|spe|1\n|-boost|p2a: Regirock|atk|1\n|-boost|p2a: Regirock|def|1\n|\n|upkeep\n|turn|13\n|\n|t:|1771124796\n|move|p1a: Metagross|Heavy Slam|p2a: Regirock\n|-supereffective|p2a: Regirock\n|-damage|p2a: Regirock|109/265 par\n|move|p2a: Regirock|Rest|p2a: Regirock\n|-status|p2a: Regirock|slp|[from] move: Rest\n|-heal|p2a: Regirock|265/265 slp|[silent]\n|-enditem|p2a: Regirock|Chesto Berry|[eat]\n|-curestatus|p2a: Regirock|slp|[msg]\n|\n|upkeep\n|turn|14\n|\n|t:|1771124800\n|move|p1a: Metagross|Heavy Slam|p2a: Regirock\n|-supereffective|p2a: Regirock\n|-damage|p2a: Regirock|221/265\n|move|p2a: Regirock|Curse|p2a: Regirock\n|-unboost|p2a: Regirock|spe|1\n|-boost|p2a: Regirock|atk|1\n|-boost|p2a: Regirock|def|1\n|\n|upkeep\n|turn|15\n|\n|t:|1771124804\n|move|p1a: Metagross|Heavy Slam|p2a: Regirock\n|-supereffective|p2a: Regirock\n|-damage|p2a: Regirock|185/265\n|move|p2a: Regirock|Curse|p2a: Regirock\n|-unboost|p2a: Regirock|spe|1\n|-boost|p2a: Regirock|atk|1\n|-boost|p2a: Regirock|def|1\n|\n|upkeep\n|turn|16\n|c|☆shxurii|I can feel the aura\n|\n|t:|1771124816\n|move|p1a: Metagross|Heavy Slam|p2a: Regirock\n|-supereffective|p2a: Regirock\n|-damage|p2a: Regirock|155/265\n|move|p2a: Regirock|Curse|p2a: Regirock\n|-unboost|p2a: Regirock|spe|1\n|-boost|p2a: Regirock|atk|1\n|-boost|p2a: Regirock|def|1\n|\n|upkeep\n|turn|17\n|\n|t:|1771124821\n|move|p1a: Metagross|Heavy Slam|p2a: Regirock\n|-supereffective|p2a: Regirock\n|-damage|p2a: Regirock|131/265\n|move|p2a: Regirock|Curse|p2a: Regirock\n|-unboost|p2a: Regirock|spe|1\n|-boost|p2a: Regirock|atk|1\n|-boost|p2a: Regirock|def|1\n|\n|upkeep\n|turn|18\n|\n|t:|1771124830\n|move|p1a: Metagross|Heavy Slam|p2a: Regirock\n|-supereffective|p2a: Regirock\n|-damage|p2a: Regirock|111/265\n|move|p2a: Regirock|Body Press|p1a: Metagross\n|-damage|p1a: Metagross|0 fnt\n|faint|p1a: Metagross\n|\n|win|improvguy\n|raw|shxurii's rating: 1777 &rarr; <strong>1766</strong><br />(-11 for losing)\n|raw|improvguy's rating: 1937 &rarr; <strong>1948</strong><br />(+11 for winning)\n|c|☆improvguy|gg\n|c|☆shxurii|Ggwp\n|l|☆shxurii\n|player|p1|\n", "inputlog": ">version ccdc32dd7cde25fd9e4bed64820e885f66e78a4e\n>start {\"formatid\":\"gen9randomdoublesbattle\",\"seed\":\"sodium,5461cdcc04613372f94ba5aa90cfb5bf\",\"rated\":\"Rated battle\"}\n>player p1 {\"name\":\"shxurii\",\"avatar\":\"cilan\",\"rating\":1777,\"seed\":\"sodium,6e8618c3ec4d73aca539e2d62d214479\"}\n>player p2 {\"name\":\"improvguy\",\"avatar\":\"cameraman\",\"rating\":1937,\"seed\":\"sodium,c82425d871c96eb1b1bc9d34fcb3dfa9\"}\n>p1 move lusterpurge +1, move thunderwave +2\n>p2 move rockslide, move shellsmash\n>p1 move tailwind terastallize, move focusblast +1\n>p2 move highhorsepower +2, move dragonpulse +1\n>p2 switch 4, pass\n>p1 move protect, move thunderwave +2\n>p2 move knockoff +1, move protect\n>p1 switch 5, move thunderwave +2\n>p2 move leafstorm +2, move muddywater\n>p1 move gunkshot +1, move thunderbolt +2\n>p2 switch 6, move protect\n>p1 move crunch +2, move thunderwave +1\n>p2 move rockslide, move muddywater\n>p2 pass, switch 3\n>p1 move gunkshot +2, move focusblast +1\n>p2 move rockslide, move darkpulse +2\n>p1 switch 6, switch 5\n>p2 pass, switch 6\n>p1 move doubleedge +2, move lusterpurge +2\n>p2 move bodypress +1, move superpower +1\n>p2 pass, switch 5\n>p1 move doubleedge +2, move tailwind\n>p2 move bodypress +1, move knockoff +2 terastallize\n>p1 switch 3, switch 4\n>p1 move heavyslam +2, move clangoroussoul\n>p2 move curse, move psychoboost +2\n>p1 move heavyslam +1, pass\n>p2 move curse, pass\n>p1 move heavyslam +1, pass\n>p2 move curse, pass\n>p1 move heavyslam +1, pass\n>p2 move rest, pass\n>p1 move heavyslam +1, pass\n>p2 move curse, pass\n>p1 move heavyslam +1, pass\n>p2 move curse, pass\n>chat ☆shxurii|I can feel the aura\n>p1 move heavyslam +1, pass\n>p2 move curse, pass\n>p1 move heavyslam +1, pass\n>p2 move curse, pass\n>p1 move heavyslam +1, pass\n>p2 move bodypress +1, pass", "uploadtime": 1771124862, "views": 82, "formatid": "gen9randomdoublesbattle", "rating": 1766, "private": 0, "password": null}