{"id": "gen9randomdoublesbattle-2537081703", "format": "[Gen 9] Random Doubles Battle", "players": ["dannymma", "hongbin1"], "log": "|j|☆dannymma\n|j|☆hongbin1\n|t:|1770763756\n|gametype|doubles\n|player|p1|dannymma|bruno|1797\n|player|p2|hongbin1|265|1845\n|gen|9\n|tier|[Gen 9] Random Doubles Battle\n|rated|\n|rule|Species Clause: Limit one of each Pokémon\n|rule|HP Percentage Mod: HP is shown in percentages\n|rule|Illusion Level Mod: Illusion disguises the Pokémon's true level\n|rule|Sleep Clause Mod: Limit one foe put to sleep\n|\n|t:|1770763756\n|teamsize|p1|6\n|teamsize|p2|6\n|start\n|switch|p1a: Cetitan|Cetitan, L83, M|418/418\n|switch|p1b: Pawmot|Pawmot, L80, M|243/243\n|switch|p2a: Banette|Banette, L94, F|273/273\n|switch|p2b: Dragonite|Dragonite, L82, F|283/283\n|-item|p1a: Cetitan|Life Orb|[from] ability: Frisk|[of] p2a: Banette\n|-item|p1b: Pawmot|Life Orb|[from] ability: Frisk|[of] p2a: Banette\n|turn|1\n|inactive|Battle timer is ON: inactive players will automatically lose when time's up. (requested by hongbin1)\n|inactive|dannymma has 120 seconds left.\n|\n|t:|1770763823\n|move|p1b: Pawmot|Protect|p1b: Pawmot\n|-singleturn|p1b: Pawmot|Protect\n|move|p2b: Dragonite|Tailwind|p2b: Dragonite\n|-sidestart|p2: hongbin1|move: Tailwind\n|move|p2a: Banette|Poltergeist|p1b: Pawmot\n|-activate|p1b: Pawmot|move: Protect\n|move|p1a: Cetitan|Liquidation|p2a: Banette\n|-damage|p2a: Banette|150/273\n|\n|upkeep\n|turn|2\n|\n|t:|1770763843\n|switch|p2b: Tauros|Tauros-Paldea-Aqua, L80, M|251/251\n|-ability|p2b: Tauros|Intimidate|boost\n|-unboost|p1a: Cetitan|atk|1\n|-unboost|p1b: Pawmot|atk|1\n|switch|p1b: Farigiraf|Farigiraf, L84, F|339/339\n|move|p2a: Banette|Poltergeist|p1b: Farigiraf\n|-immune|p1b: Farigiraf\n|move|p1a: Cetitan|Icicle Crash|p2b: Tauros\n|-resisted|p2b: Tauros\n|-damage|p2b: Tauros|199/251\n|\n|upkeep\n|turn|3\n|\n|t:|1770763861\n|switch|p1a: Luxray|Luxray, L86, F|278/278\n|-ability|p1a: Luxray|Intimidate|boost\n|-unboost|p2a: Banette|atk|1\n|-unboost|p2b: Tauros|atk|1\n|move|p2b: Tauros|Close Combat|p1b: Farigiraf\n|-damage|p1b: Farigiraf|228/339\n|-unboost|p2b: Tauros|def|1\n|-unboost|p2b: Tauros|spd|1\n|move|p2a: Banette|Gunk Shot|p1b: Farigiraf|[miss]\n|-miss|p2a: Banette|p1b: Farigiraf\n|move|p1b: Farigiraf|Trick Room|p1b: Farigiraf\n|-fieldstart|move: Trick Room|[of] p1b: Farigiraf\n|\n|upkeep\n|turn|4\n|\n|t:|1770763878\n|switch|p2a: Magearna|Magearna, L71|231/231\n|switch|p2b: Illumise|Illumise, L83, F|244/244\n|move|p1b: Farigiraf|Nasty Plot|p1b: Farigiraf\n|-boost|p1b: Farigiraf|spa|2\n|move|p1a: Luxray|Throat Chop|p2a: Magearna\n|-resisted|p2a: Magearna\n|-damage|p2a: Magearna|200/231\n|-start|p2a: Magearna|Throat Chop|[silent]\n|\n|-sideend|p2: hongbin1|move: Tailwind\n|upkeep\n|turn|5\n|\n|t:|1770763900\n|switch|p1b: Palossand|Palossand, L90, F|299/299\n|move|p2a: Magearna|Fleur Cannon|p1b: Palossand\n|-damage|p1b: Palossand|166/299\n|-unboost|p2a: Magearna|spa|2\n|move|p1a: Luxray|Volt Switch|p2b: Illumise\n|-damage|p2b: Illumise|166/244\n|\n|t:|1770763909\n|switch|p1a: Farigiraf|Farigiraf, L84, F|228/339|[from] Volt Switch\n|move|p2b: Illumise|Struggle Bug|p1a: Farigiraf|[spread] p1a,p1b\n|-supereffective|p1a: Farigiraf\n|-resisted|p1b: Palossand\n|-damage|p1a: Farigiraf|156/339\n|-damage|p1b: Palossand|150/299\n|-unboost|p1a: Farigiraf|spa|1\n|-unboost|p1b: Palossand|spa|1\n|-enditem|p1a: Farigiraf|Sitrus Berry|[eat]\n|-heal|p1a: Farigiraf|240/339|[from] item: Sitrus Berry\n|\n|-heal|p1b: Palossand|168/299|[from] item: Leftovers\n|-end|p2a: Magearna|Throat Chop|[silent]\n|upkeep\n|turn|6\n|inactive|hongbin1 has 120 seconds left.\n|\n|t:|1770763943\n|switch|p2a: Dragonite|Dragonite, L82, F|283/283\n|move|p1a: Farigiraf|Hyper Voice|p2a: Dragonite|[spread] p2a,p2b\n|-damage|p2a: Dragonite|231/283\n|-damage|p2b: Illumise|108/244\n|-enditem|p2b: Illumise|Sitrus Berry|[eat]\n|-heal|p2b: Illumise|169/244|[from] item: Sitrus Berry\n|move|p1b: Palossand|Shadow Ball|p2b: Illumise\n|-crit|p2b: Illumise\n|-damage|p2b: Illumise|18/244\n|move|p2b: Illumise|Struggle Bug|p1b: Palossand|[spread] p1a,p1b\n|-supereffective|p1a: Farigiraf\n|-resisted|p1b: Palossand\n|-damage|p1a: Farigiraf|162/339\n|-damage|p1b: Palossand|150/299\n|-unboost|p1a: Farigiraf|spa|1\n|-unboost|p1b: Palossand|spa|1\n|\n|-heal|p1b: Palossand|168/299|[from] item: Leftovers\n|upkeep\n|turn|7\n|inactive|dannymma has 120 seconds left.\n|\n|t:|1770763979\n|move|p1a: Farigiraf|Hyper Voice|p2a: Dragonite|[spread] p2a,p2b\n|-damage|p2a: Dragonite|194/283\n|-damage|p2b: Illumise|0 fnt\n|faint|p2b: Illumise\n|move|p1b: Palossand|Shadow Ball|p2a: Dragonite\n|-damage|p2a: Dragonite|142/283\n|-unboost|p2a: Dragonite|spd|1\n|move|p2a: Dragonite|Tailwind|p2a: Dragonite\n|-sidestart|p2: hongbin1|move: Tailwind\n|\n|-heal|p1b: Palossand|186/299|[from] item: Leftovers\n|-fieldend|move: Trick Room\n|upkeep\n|\n|t:|1770763992\n|switch|p2b: Banette|Banette, L94, F|150/273\n|-item|p1b: Palossand|Leftovers|[from] ability: Frisk|[of] p2b: Banette\n|turn|8\n|\n|t:|1770763999\n|switch|p1b: Luxray|Luxray, L86, F|278/278\n|-ability|p1b: Luxray|Intimidate|boost\n|-fail|p2a: Dragonite|unboost|Attack|[from] ability: Inner Focus|[of] p2a: Dragonite\n|-unboost|p2b: Banette|atk|1\n|move|p2a: Dragonite|Scale Shot|p1a: Farigiraf\n|-damage|p1a: Farigiraf|122/339\n|-damage|p1a: Farigiraf|80/339\n|-damage|p1a: Farigiraf|40/339\n|-damage|p1a: Farigiraf|1/339\n|-damage|p1a: Farigiraf|0 fnt\n|faint|p1a: Farigiraf\n|-hitcount|p1: Farigiraf|5\n|-unboost|p2a: Dragonite|def|1\n|-boost|p2a: Dragonite|spe|1\n|move|p2b: Banette|Gunk Shot|p1b: Luxray\n|-damage|p1b: Luxray|166/278\n|-damage|p2b: Banette|123/273|[from] item: Life Orb\n|\n|upkeep\n|inactive|dannymma has 120 seconds left.\n|\n|t:|1770764025\n|switch|p1a: Palossand|Palossand, L90, F|186/299\n|turn|9\n|\n|t:|1770764045\n|switch|p2a: Morpeko|Morpeko, L88, F|245/245\n|-terastallize|p2b: Banette|Ghost\n|move|p1a: Palossand|Protect|p1a: Palossand\n|-singleturn|p1a: Palossand|Protect\n|move|p2b: Banette|Poltergeist|p1b: Luxray\n|-activate|p1b: Luxray|move: Poltergeist|Assault Vest\n|-damage|p1b: Luxray|0 fnt\n|faint|p1b: Luxray\n|-damage|p2b: Banette|96/273|[from] item: Life Orb\n|\n|-heal|p1a: Palossand|204/299|[from] item: Leftovers\n|-formechange|p2a: Morpeko|Morpeko-Hangry||[from] ability: Hunger Switch\n|upkeep\n|\n|t:|1770764065\n|switch|p1b: Cetitan|Cetitan, L83, M|418/418\n|turn|10\n|\n|t:|1770764072\n|switch|p2b: Tauros|Tauros-Paldea-Aqua, L80, M|199/251\n|-ability|p2b: Tauros|Intimidate|boost\n|-unboost|p1a: Palossand|atk|1\n|-unboost|p1b: Cetitan|atk|1\n|switch|p1a: Ogerpon|Ogerpon-Cornerstone, L75, F|244/244\n|move|p1b: Cetitan|Ice Shard|p2b: Tauros\n|-resisted|p2b: Tauros\n|-damage|p2b: Tauros|180/251\n|-damage|p1b: Cetitan|377/418|[from] item: Life Orb\n|move|p2a: Morpeko|Knock Off|p1a: Ogerpon\n|-damage|p1a: Ogerpon|156/244\n|\n|-sideend|p2: hongbin1|move: Tailwind\n|-formechange|p2a: Morpeko|Morpeko||[from] ability: Hunger Switch\n|upkeep\n|turn|11\n|inactive|dannymma has 120 seconds left.\n|\n|t:|1770764108\n|switch|p2b: Magearna|Magearna, L71|200/231\n|-terastallize|p1b: Cetitan|Water\n|move|p2a: Morpeko|Knock Off|p1b: Cetitan\n|-damage|p1b: Cetitan|245/418\n|-enditem|p1b: Cetitan|Life Orb|[from] move: Knock Off|[of] p2a: Morpeko\n|move|p1a: Ogerpon|Ivy Cudgel|p2a: Morpeko|[anim] Ivy Cudgel Rock\n|-damage|p2a: Morpeko|76/245\n|-enditem|p2a: Morpeko|Sitrus Berry|[eat]\n|-heal|p2a: Morpeko|137/245|[from] item: Sitrus Berry\n|move|p1b: Cetitan|Icicle Crash|p2a: Morpeko|[miss]\n|-miss|p1b: Cetitan|p2a: Morpeko\n|\n|-formechange|p2a: Morpeko|Morpeko-Hangry||[from] ability: Hunger Switch\n|upkeep\n|turn|12\n|inactive|dannymma has 120 seconds left.\n|\n|t:|1770764143\n|switch|p1b: Palossand|Palossand, L90, F|204/299\n|move|p2a: Morpeko|Aura Wheel|p1a: Ogerpon\n|-damage|p1a: Ogerpon|14/244\n|-boost|p2a: Morpeko|spe|1\n|move|p1a: Ogerpon|Ivy Cudgel|p2a: Morpeko|[anim] Ivy Cudgel Rock\n|-damage|p2a: Morpeko|0 fnt\n|faint|p2a: Morpeko\n|-ability|p2b: Magearna|Soul-Heart|boost\n|-boost|p2b: Magearna|spa|1\n|move|p2b: Magearna|Dazzling Gleam|p1b: Palossand|[spread] p1a,p1b\n|-damage|p1a: Ogerpon|0 fnt\n|-damage|p1b: Palossand|108/299\n|faint|p1a: Ogerpon\n|-ability|p2b: Magearna|Soul-Heart|boost\n|-boost|p2b: Magearna|spa|1\n|\n|-heal|p1b: Palossand|126/299|[from] item: Leftovers\n|upkeep\n|inactive|dannymma has 90 seconds left.\n|\n|t:|1770764165\n|switch|p2a: Tauros|Tauros-Paldea-Aqua, L80, M|180/251\n|switch|p1a: Cetitan|Cetitan, L83, M, tera:Water|245/418\n|-ability|p2a: Tauros|Intimidate|boost\n|-unboost|p1a: Cetitan|atk|1\n|-unboost|p1b: Palossand|atk|1\n|turn|13\n|\n|t:|1770764184\n|switch|p2a: Banette|Banette, L94, F, tera:Ghost|96/273\n|-item|p1b: Palossand|Leftovers|[from] ability: Frisk|[of] p2a: Banette\n|move|p1b: Palossand|Protect|p1b: Palossand\n|-singleturn|p1b: Palossand|Protect\n|move|p1a: Cetitan|Liquidation|p2b: Magearna\n|-damage|p2b: Magearna|115/231\n|move|p2b: Magearna|Flash Cannon|p1b: Palossand\n|-activate|p1b: Palossand|move: Protect\n|\n|-heal|p1b: Palossand|144/299|[from] item: Leftovers\n|upkeep\n|turn|14\n|inactive|dannymma has 120 seconds left.\n|\n|t:|1770764205\n|switch|p1b: Pawmot|Pawmot, L80, M|243/243\n|move|p1a: Cetitan|Ice Shard|p2a: Banette\n|-damage|p2a: Banette|62/273\n|move|p2a: Banette|Poltergeist|p1b: Pawmot\n|-activate|p1b: Pawmot|move: Poltergeist|Life Orb\n|-damage|p1b: Pawmot|0 fnt\n|faint|p1b: Pawmot\n|-ability|p2b: Magearna|Soul-Heart|boost\n|-boost|p2b: Magearna|spa|1\n|-damage|p2a: Banette|35/273|[from] item: Life Orb\n|move|p2b: Magearna|Dazzling Gleam|p1a: Cetitan\n|-damage|p1a: Cetitan|0 fnt\n|faint|p1a: Cetitan\n|-ability|p2b: Magearna|Soul-Heart|boost\n|-boost|p2b: Magearna|spa|1\n|\n|upkeep\n|-message|dannymma forfeited.\n|\n|win|hongbin1\n|raw|dannymma's rating: 1797 &rarr; <strong>1780</strong><br />(-17 for losing)\n|raw|hongbin1's rating: 1845 &rarr; <strong>1862</strong><br />(+17 for winning)\n|l|☆dannymma\n|player|p1|\n", "inputlog": ">version ccdc32dd7cde25fd9e4bed64820e885f66e78a4e\n>start {\"formatid\":\"gen9randomdoublesbattle\",\"seed\":\"sodium,a64252aaa5aa81b6f08b9dafc8b2b796\",\"rated\":\"Rated battle\"}\n>player p1 {\"name\":\"dannymma\",\"avatar\":\"bruno\",\"rating\":1797,\"seed\":\"sodium,e50cfd5eb1e8fed651032adeddcf91bd\"}\n>player p2 {\"name\":\"hongbin1\",\"avatar\":\"265\",\"rating\":1845,\"seed\":\"sodium,8aeac5e357537edaadf8eb45e69bf033\"}\n>p1 move liquidation +1, move protect\n>p2 move poltergeist +2, move tailwind\n>p1 move iciclecrash +2, switch 4\n>p2 move poltergeist +2, switch 4\n>p1 switch 3, move trickroom\n>p2 move gunkshot +2, move closecombat +2\n>p1 move throatchop +1, move nastyplot\n>p2 switch 3, switch 5\n>p1 move voltswitch +2, switch 5\n>p2 move fleurcannon +2, move strugglebug\n>p1 switch 5, pass\n>p1 move hypervoice, move shadowball +2\n>p2 switch 4, move strugglebug\n>p1 move hypervoice, move shadowball +1\n>p2 move tailwind, move strugglebug\n>p2 pass, switch 3\n>p1 move trickroom, switch 5\n>p2 move scaleshot +1, move gunkshot +1\n>p1 switch 5, pass\n>p1 move protect, move voltswitch +1\n>p2 switch 6, move poltergeist +2 terastallize\n>p1 pass, switch 3\n>p1 switch 6, move iceshard +2\n>p2 move knockoff +1, switch 5\n>p1 move ivycudgel +1, move iciclecrash +1 terastallize\n>p2 move knockoff +2, switch 4\n>p1 move ivycudgel +1, switch 6\n>p2 move aurawheel +1, move dazzlinggleam\n>p1 switch 6, pass\n>p2 switch 4, pass\n>p1 move liquidation +2, move protect\n>p2 switch 5, move flashcannon +2\n>p1 move iceshard +1, switch 4\n>p2 move poltergeist +2, move dazzlinggleam\n>forcelose p1", "uploadtime": 1770764222, "views": 70, "formatid": "gen9randomdoublesbattle", "rating": 1780, "private": 0, "password": null}