{"id": "gen9randomdoublesbattle-2537035470", "format": "[Gen 9] Random Doubles Battle", "players": ["rocci", "trelorockas"], "log": "|j|☆rocci\n|j|☆trelorockas\n|t:|1770758989\n|gametype|doubles\n|player|p1|rocci|beauty-gen4dp|1573\n|player|p2|trelorockas|lucas|1582\n|gen|9\n|tier|[Gen 9] Random Doubles Battle\n|rated|\n|rule|Species Clause: Limit one of each Pokémon\n|rule|HP Percentage Mod: HP is shown in percentages\n|rule|Illusion Level Mod: Illusion disguises the Pokémon's true level\n|rule|Sleep Clause Mod: Limit one foe put to sleep\n|\n|t:|1770758989\n|teamsize|p1|6\n|teamsize|p2|6\n|start\n|switch|p1a: Venusaur|Venusaur, L86, F|278/278\n|switch|p1b: Squawkabilly|Squawkabilly, L91, M|297/297\n|switch|p2a: Chi-Yu|Chi-Yu, L75|206/206\n|switch|p2b: Tyranitar|Tyranitar, L81, F|295/295\n|-ability|p1b: Squawkabilly|Intimidate|boost\n|-unboost|p2a: Chi-Yu|atk|1\n|-fail|p2b: Tyranitar|unboost|[from] item: Clear Amulet|[of] p2b: Tyranitar\n|-ability|p2a: Chi-Yu|Beads of Ruin\n|-weather|Sandstorm|[from] ability: Sand Stream|[of] p2b: Tyranitar\n|turn|1\n|inactive|Battle timer is ON: inactive players will automatically lose when time's up. (requested by trelorockas)\n|\n|t:|1770759024\n|switch|p2a: Luvdisc|Luvdisc, M|248/248\n|switch|p2b: Crabominable|Crabominable, L89, M|317/317\n|move|p1a: Venusaur|Protect|p1a: Venusaur\n|-singleturn|p1a: Venusaur|Protect\n|move|p1b: Squawkabilly|Brave Bird|p2a: Luvdisc\n|-damage|p2a: Luvdisc|40/248\n|-enditem|p2a: Luvdisc|Sitrus Berry|[eat]\n|-heal|p2a: Luvdisc|102/248|[from] item: Sitrus Berry\n|-damage|p1b: Squawkabilly|228/297|[from] Recoil\n|-damage|p1b: Squawkabilly|199/297|[from] item: Life Orb\n|\n|-weather|Sandstorm|[upkeep]\n|-damage|p2a: Luvdisc|87/248|[from] Sandstorm\n|-damage|p1b: Squawkabilly|181/297|[from] Sandstorm\n|-damage|p1a: Venusaur|261/278|[from] Sandstorm\n|-damage|p2b: Crabominable|298/317|[from] Sandstorm\n|upkeep\n|turn|2\n|\n|t:|1770759050\n|switch|p1a: Metagross|Metagross, L80|259/259\n|move|p2a: Luvdisc|Icy Wind|p1b: Squawkabilly|[spread] p1a,p1b\n|-resisted|p1a: Metagross\n|-crit|p1a: Metagross\n|-supereffective|p1b: Squawkabilly\n|-damage|p1a: Metagross|247/259\n|-damage|p1b: Squawkabilly|121/297\n|-unboost|p1b: Squawkabilly|spe|1\n|move|p1b: Squawkabilly|Brave Bird|p2a: Luvdisc\n|-damage|p2a: Luvdisc|0 fnt\n|faint|p2a: Luvdisc\n|-damage|p1b: Squawkabilly|92/297|[from] Recoil\n|-damage|p1b: Squawkabilly|63/297|[from] item: Life Orb\n|move|p2b: Crabominable|Ice Hammer|p1a: Metagross\n|-resisted|p1a: Metagross\n|-damage|p1a: Metagross|159/259\n|-unboost|p2b: Crabominable|spe|1\n|-damage|p2b: Crabominable|267/317|[from] item: Life Orb\n|\n|-weather|Sandstorm|[upkeep]\n|-damage|p1b: Squawkabilly|45/297|[from] Sandstorm\n|-damage|p2b: Crabominable|248/317|[from] Sandstorm\n|upkeep\n|\n|t:|1770759071\n|switch|p2a: Chi-Yu|Chi-Yu, L75|206/206\n|-ability|p2a: Chi-Yu|Beads of Ruin\n|turn|3\n|inactive|rocci has 120 seconds left.\n|\n|t:|1770759112\n|switch|p1a: Manaphy|Manaphy, L78|284/284\n|switch|p1b: Sunflora|Sunflora, M|312/312\n|switch|p2b: Mismagius|Mismagius, L88, F|249/249\n|-terastallize|p2a: Chi-Yu|Fire\n|move|p2a: Chi-Yu|Heat Wave|p1a: Manaphy|[spread] p1a,p1b\n|-resisted|p1a: Manaphy\n|-supereffective|p1b: Sunflora\n|-damage|p1a: Manaphy|176/284\n|-damage|p1b: Sunflora|0 fnt\n|faint|p1b: Sunflora\n|\n|-weather|Sandstorm|[upkeep]\n|-damage|p2b: Mismagius|234/249|[from] Sandstorm\n|-damage|p1a: Manaphy|159/284|[from] Sandstorm\n|-damage|p2a: Chi-Yu|194/206|[from] Sandstorm\n|upkeep\n|inactive|rocci has 90 seconds left.\n|\n|t:|1770759138\n|switch|p1b: Sneasler|Sneasler, L77, M|250/250\n|turn|4\n|\n|t:|1770759147\n|switch|p2a: Crabominable|Crabominable, L89, M|248/317\n|-terastallize|p1b: Sneasler|Fighting\n|move|p2b: Mismagius|Thunderbolt|p1a: Manaphy\n|-supereffective|p1a: Manaphy\n|-damage|p1a: Manaphy|0 fnt\n|faint|p1a: Manaphy\n|-damage|p2b: Mismagius|210/249|[from] item: Life Orb\n|move|p1b: Sneasler|Close Combat|p2a: Crabominable\n|-supereffective|p2a: Crabominable\n|-damage|p2a: Crabominable|0 fnt\n|-unboost|p1b: Sneasler|def|1\n|-unboost|p1b: Sneasler|spd|1\n|faint|p2a: Crabominable\n|-enditem|p1b: Sneasler|White Herb\n|-clearnegativeboost|p1b: Sneasler|[silent]\n|\n|-weather|Sandstorm|[upkeep]\n|-damage|p1b: Sneasler|235/250|[from] Sandstorm\n|-damage|p2b: Mismagius|195/249|[from] Sandstorm\n|upkeep\n|\n|t:|1770759159\n|switch|p1a: Venusaur|Venusaur, L86, F|261/278\n|switch|p2a: Iron Boulder|Iron Boulder, L77|265/265\n|-enditem|p2a: Iron Boulder|Booster Energy\n|-activate|p2a: Iron Boulder|ability: Quark Drive|[fromitem]\n|-start|p2a: Iron Boulder|quarkdrivespe\n|turn|5\n|inactive|rocci has 120 seconds left.\n|\n|t:|1770759196\n|move|p1b: Sneasler|Protect|p1b: Sneasler\n|-singleturn|p1b: Sneasler|Protect\n|move|p2a: Iron Boulder|Zen Headbutt|p1b: Sneasler\n|-activate|p1b: Sneasler|move: Protect\n|move|p2b: Mismagius|Dazzling Gleam|p1a: Venusaur|[spread] p1a\n|-activate|p1b: Sneasler|move: Protect\n|-resisted|p1a: Venusaur\n|-damage|p1a: Venusaur|232/278\n|-damage|p2b: Mismagius|171/249|[from] item: Life Orb\n|move|p1a: Venusaur|Knock Off|p2b: Mismagius\n|-supereffective|p2b: Mismagius\n|-damage|p2b: Mismagius|0 fnt\n|-enditem|p2b: Mismagius|Life Orb|[from] move: Knock Off|[of] p1a: Venusaur\n|faint|p2b: Mismagius\n|-damage|p1a: Venusaur|205/278|[from] item: Life Orb\n|\n|-weather|none\n|upkeep\n|\n|t:|1770759212\n|switch|p2b: Tyranitar|Tyranitar, L81, F|295/295\n|-weather|Sandstorm|[from] ability: Sand Stream|[of] p2b: Tyranitar\n|turn|6\n|inactive|rocci has 120 seconds left.\n|\n|t:|1770759232\n|switch|p1a: Squawkabilly|Squawkabilly, L91, M|45/297\n|-ability|p1a: Squawkabilly|Intimidate|boost\n|-unboost|p2a: Iron Boulder|atk|1\n|-fail|p2b: Tyranitar|unboost|[from] item: Clear Amulet|[of] p2b: Tyranitar\n|move|p1b: Sneasler|Close Combat|p2a: Iron Boulder\n|-damage|p2a: Iron Boulder|59/265\n|-unboost|p1b: Sneasler|def|1\n|-unboost|p1b: Sneasler|spd|1\n|move|p2a: Iron Boulder|Zen Headbutt|p1b: Sneasler\n|-supereffective|p1b: Sneasler\n|-damage|p1b: Sneasler|1/250\n|move|p2b: Tyranitar|High Horsepower|p1b: Sneasler\n|-damage|p1b: Sneasler|0 fnt\n|faint|p1b: Sneasler\n|\n|-weather|Sandstorm|[upkeep]\n|-damage|p1a: Squawkabilly|27/297|[from] Sandstorm\n|upkeep\n|inactive|rocci has 120 seconds left.\n|\n|t:|1770759241\n|switch|p1b: Metagross|Metagross, L80|159/259\n|turn|7\n|c|☆rocci|ggwp\n|inactive|rocci has 120 seconds left.\n|\n|t:|1770759275\n|move|p2a: Iron Boulder|Mighty Cleave|p1a: Squawkabilly\n|-supereffective|p1a: Squawkabilly\n|-damage|p1a: Squawkabilly|0 fnt\n|faint|p1a: Squawkabilly\n|move|p1b: Metagross|Hammer Arm|p2b: Tyranitar|[miss]\n|-miss|p1b: Metagross|p2b: Tyranitar\n|move|p2b: Tyranitar|Dragon Dance|p2b: Tyranitar\n|-boost|p2b: Tyranitar|atk|1\n|-boost|p2b: Tyranitar|spe|1\n|\n|-weather|Sandstorm|[upkeep]\n|upkeep\n|\n|t:|1770759278\n|switch|p1a: Venusaur|Venusaur, L86, F|205/278\n|turn|8\n|-message|rocci forfeited.\n|\n|win|trelorockas\n|raw|rocci's rating: 1573 &rarr; <strong>1554</strong><br />(-19 for losing)\n|raw|trelorockas's rating: 1582 &rarr; <strong>1601</strong><br />(+19 for winning)\n", "inputlog": ">version ccdc32dd7cde25fd9e4bed64820e885f66e78a4e\n>start {\"formatid\":\"gen9randomdoublesbattle\",\"seed\":\"sodium,f36cabd534bece974f6a8e86618cccd4\",\"rated\":\"Rated battle\"}\n>player p1 {\"name\":\"rocci\",\"avatar\":\"beauty-gen4dp\",\"rating\":1573,\"seed\":\"sodium,0e23ead9feb234611214cad93fdcc7a5\"}\n>player p2 {\"name\":\"trelorockas\",\"avatar\":\"lucas\",\"rating\":1582,\"seed\":\"sodium,23e068299fe8c69aa02c293e60f91886\"}\n>p1 move protect, move bravebird +1\n>p2 switch 3, switch 6\n>p1 switch 5, move bravebird +1\n>p2 move icywind, move icehammer +1\n>p2 switch 3, pass\n>p1 switch 6, switch 3\n>p2 move heatwave terastallize, switch 4\n>p1 pass, switch 4\n>p1 move hydropump +1, move closecombat +1 terastallize\n>p2 switch 4, move thunderbolt +1\n>p1 switch 5, pass\n>p2 switch 5, pass\n>p1 move knockoff +2, move protect\n>p2 move zenheadbutt +2, move dazzlinggleam\n>p2 pass, switch 6\n>p1 switch 3, move closecombat +1\n>p2 move zenheadbutt +2, move highhorsepower +2\n>p1 pass, switch 6\n>chat ☆rocci|ggwp\n>p1 move partingshot +1, move hammerarm +2\n>p2 move mightycleave +1, move dragondance\n>p1 switch 3, pass\n>forcelose p1", "uploadtime": 1770759286, "views": 69, "formatid": "gen9randomdoublesbattle", "rating": 1554, "private": 0, "password": null}