{"id": "gen9randomdoublesbattle-2537903467", "format": "[Gen 9] Random Doubles Battle", "players": ["oreo 11", "pejelegante"], "log": "|j|☆oreo 11\n|j|☆pejelegante\n|t:|1770861678\n|gametype|doubles\n|player|p1|oreo 11|iris-gen5bw2|1782\n|player|p2|pejelegante|hugh|1825\n|gen|9\n|tier|[Gen 9] Random Doubles Battle\n|rated|\n|rule|Species Clause: Limit one of each Pokémon\n|rule|HP Percentage Mod: HP is shown in percentages\n|rule|Illusion Level Mod: Illusion disguises the Pokémon's true level\n|rule|Sleep Clause Mod: Limit one foe put to sleep\n|\n|t:|1770861678\n|teamsize|p1|6\n|teamsize|p2|6\n|start\n|switch|p1a: Articuno|Articuno, L82|282/282\n|switch|p1b: Hoopa|Hoopa-Unbound, L80|259/259\n|switch|p2a: Oinkologne|Oinkologne-F, L92, F|361/361\n|switch|p2b: Venomoth|Venomoth, L90, M|272/272\n|-ability|p1a: Articuno|Pressure\n|turn|1\n|inactive|Battle timer is ON: inactive players will automatically lose when time's up. (requested by pejelegante)\n|inactive|oreo 11 has 120 seconds left.\n|\n|t:|1770861710\n|move|p1b: Hoopa|Trick|p2b: Venomoth\n|-activate|p1b: Hoopa|move: Trick|[of] p2b: Venomoth\n|-item|p2b: Venomoth|Choice Scarf|[from] move: Trick\n|-item|p1b: Hoopa|Life Orb|[from] move: Trick\n|move|p2b: Venomoth|Sludge Bomb|p1a: Articuno\n|-damage|p1a: Articuno|207/282\n|-status|p1a: Articuno|psn\n|move|p1a: Articuno|Brave Bird|p2a: Oinkologne\n|-damage|p2a: Oinkologne|249/361\n|-damage|p1a: Articuno|170/282 psn|[from] Recoil\n|move|p2a: Oinkologne|Yawn|p1b: Hoopa\n|-start|p1b: Hoopa|move: Yawn|[of] p2a: Oinkologne\n|\n|-damage|p1a: Articuno|135/282 psn|[from] psn\n|upkeep\n|-enditem|p1a: Articuno|Sitrus Berry|[eat]\n|-heal|p1a: Articuno|205/282 psn|[from] item: Sitrus Berry\n|turn|2\n|inactive|pejelegante has 120 seconds left.\n|\n|t:|1770861743\n|switch|p1b: Slither Wing|Slither Wing, L83|277/277\n|move|p2a: Oinkologne|Helping Hand|p2b: Venomoth\n|-singleturn|p2b: Venomoth|Helping Hand|[of] p2a: Oinkologne\n|move|p2b: Venomoth|Sludge Bomb|p1a: Articuno\n|-damage|p1a: Articuno|90/282 psn\n|move|p1a: Articuno|Brave Bird|p2b: Venomoth\n|-supereffective|p2b: Venomoth\n|-damage|p2b: Venomoth|18/272\n|-damage|p1a: Articuno|6/282 psn|[from] Recoil\n|\n|-damage|p1a: Articuno|0 fnt|[from] psn\n|faint|p1a: Articuno\n|upkeep\n|inactive|oreo 11 has 120 seconds left.\n|\n|t:|1770861769\n|switch|p1a: Hoopa|Hoopa-Unbound, L80|259/259\n|turn|3\n|\n|t:|1770861792\n|move|p1b: Slither Wing|First Impression|p2b: Venomoth\n|-resisted|p2b: Venomoth\n|-damage|p2b: Venomoth|0 fnt\n|faint|p2b: Venomoth\n|-damage|p1b: Slither Wing|250/277|[from] item: Life Orb\n|move|p1a: Hoopa|Hyperspace Fury|p2a: Oinkologne\n|-damage|p2a: Oinkologne|31/361\n|-unboost|p1a: Hoopa|def|1\n|-enditem|p2a: Oinkologne|Figy Berry|[eat]\n|-heal|p2a: Oinkologne|151/361|[from] item: Figy Berry\n|-damage|p1a: Hoopa|234/259|[from] item: Life Orb\n|move|p2a: Oinkologne|Yawn|p1a: Hoopa\n|-start|p1a: Hoopa|move: Yawn|[of] p2a: Oinkologne\n|\n|upkeep\n|\n|t:|1770861800\n|switch|p2b: Kilowattrel|Kilowattrel, L80, M|243/243\n|turn|4\n|\n|t:|1770861815\n|-end|p1b: Slither Wing|Protosynthesis|[silent]\n|switch|p1b: Cramorant|Cramorant, L86, F|261/261\n|switch|p1a: Umbreon|Umbreon, L85, F|300/300\n|move|p2b: Kilowattrel|Hurricane|p1b: Cramorant|[miss]\n|-miss|p2b: Kilowattrel|p1b: Cramorant\n|move|p2a: Oinkologne|Double-Edge|p1a: Umbreon\n|-damage|p1a: Umbreon|191/300\n|-damage|p2a: Oinkologne|115/361|[from] Recoil\n|\n|upkeep\n|turn|5\n|inactive|pejelegante has 120 seconds left.\n|\n|t:|1770861850\n|-terastallize|p1b: Cramorant|Ground\n|move|p2b: Kilowattrel|Thunderbolt|p1a: Umbreon\n|-damage|p1a: Umbreon|109/300\n|-enditem|p1a: Umbreon|Sitrus Berry|[eat]\n|-heal|p1a: Umbreon|184/300|[from] item: Sitrus Berry\n|-damage|p2b: Kilowattrel|219/243|[from] item: Life Orb\n|move|p1b: Cramorant|Surf|p2a: Oinkologne|[spread] p1a,p2a,p2b\n|-formechange|p1b: Cramorant|Cramorant-Gulping|\n|-damage|p1a: Umbreon|130/300\n|-damage|p2a: Oinkologne|52/361\n|-damage|p2b: Kilowattrel|132/243\n|move|p2a: Oinkologne|Yawn|p1b: Cramorant\n|-start|p1b: Cramorant|move: Yawn|[of] p2a: Oinkologne\n|move|p1a: Umbreon|Foul Play|p2b: Kilowattrel\n|-damage|p2b: Kilowattrel|53/243\n|\n|upkeep\n|turn|6\n|inactive|pejelegante has 120 seconds left.\n|\n|t:|1770861879\n|switch|p1b: Hoopa|Hoopa-Unbound, L80|234/259\n|move|p2b: Kilowattrel|Thunderbolt|p1a: Umbreon\n|-damage|p1a: Umbreon|47/300\n|-damage|p2b: Kilowattrel|29/243|[from] item: Life Orb\n|move|p2a: Oinkologne|Double-Edge|p1a: Umbreon\n|-damage|p1a: Umbreon|0 fnt\n|faint|p1a: Umbreon\n|-damage|p2a: Oinkologne|36/361|[from] Recoil\n|\n|upkeep\n|\n|t:|1770861890\n|switch|p1a: Barraskewda|Barraskewda, L85, M|242/242\n|turn|7\n|\n|t:|1770861914\n|move|p1a: Barraskewda|Flip Turn|p2b: Kilowattrel\n|-damage|p2b: Kilowattrel|0 fnt\n|faint|p2b: Kilowattrel\n|\n|t:|1770861920\n|switch|p1a: Slither Wing|Slither Wing, L83|250/277|[from] Flip Turn\n|move|p1b: Hoopa|Psychic|p2a: Oinkologne\n|-damage|p2a: Oinkologne|0 fnt\n|faint|p2a: Oinkologne\n|-damage|p1b: Hoopa|209/259|[from] item: Life Orb\n|\n|upkeep\n|\n|t:|1770861927\n|switch|p2b: Jirachi|Jirachi, L80|291/291\n|switch|p2a: Slaking|Slaking, L89, F|412/412\n|turn|8\n|\n|t:|1770861935\n|move|p2b: Jirachi|Psychic|p1a: Slither Wing\n|-supereffective|p1a: Slither Wing\n|-damage|p1a: Slither Wing|80/277\n|move|p2a: Slaking|Giga Impact|p1b: Hoopa\n|-damage|p1b: Hoopa|0 fnt\n|-mustrecharge|p2a: Slaking\n|faint|p1b: Hoopa\n|move|p1a: Slither Wing|Close Combat|p2a: Slaking\n|-supereffective|p2a: Slaking\n|-damage|p2a: Slaking|77/412\n|-unboost|p1a: Slither Wing|def|1\n|-unboost|p1a: Slither Wing|spd|1\n|-damage|p1a: Slither Wing|53/277|[from] item: Life Orb\n|\n|upkeep\n|\n|t:|1770861950\n|switch|p1b: Cramorant|Cramorant, L86, F, tera:Ground|261/261\n|turn|9\n|\n|t:|1770861956\n|-end|p1a: Slither Wing|Protosynthesis|[silent]\n|switch|p1a: Barraskewda|Barraskewda, L85, M|242/242\n|move|p2b: Jirachi|Psychic|p1a: Barraskewda\n|-damage|p1a: Barraskewda|121/242\n|cant|p2a: Slaking|recharge\n|move|p1b: Cramorant|Surf|p2b: Jirachi|[spread] p1a,p2a,p2b\n|-formechange|p1b: Cramorant|Cramorant-Gulping|\n|-resisted|p1a: Barraskewda\n|-damage|p1a: Barraskewda|73/242\n|-damage|p2a: Slaking|4/412\n|-damage|p2b: Jirachi|227/291\n|\n|upkeep\n|turn|10\n|\n|t:|1770861980\n|move|p2b: Jirachi|Psychic|p1a: Barraskewda\n|-damage|p1a: Barraskewda|0 fnt\n|faint|p1a: Barraskewda\n|move|p2a: Slaking|Giga Impact|p1b: Cramorant|[miss]\n|-miss|p2a: Slaking|p1b: Cramorant\n|move|p1b: Cramorant|Tailwind|p1b: Cramorant\n|-sidestart|p1: oreo 11|move: Tailwind\n|\n|upkeep\n|\n|t:|1770861984\n|switch|p1a: Slither Wing|Slither Wing, L83|53/277\n|turn|11\n|\n|t:|1770861999\n|move|p1a: Slither Wing|Protect|p1a: Slither Wing\n|-singleturn|p1a: Slither Wing|Protect\n|move|p1b: Cramorant|Surf|p2a: Slaking|[spread] p2a,p2b\n|-activate|p1a: Slither Wing|move: Protect\n|-damage|p2a: Slaking|0 fnt\n|-damage|p2b: Jirachi|169/291\n|faint|p2a: Slaking\n|move|p2b: Jirachi|Psychic|p1a: Slither Wing\n|-activate|p1a: Slither Wing|move: Protect\n|\n|upkeep\n|\n|t:|1770862001\n|switch|p2a: Wo-Chien|Wo-Chien, L85|283/283\n|-ability|p2a: Wo-Chien|Tablets of Ruin\n|turn|12\n|\n|t:|1770862018\n|-terastallize|p2a: Wo-Chien|Poison\n|move|p1b: Cramorant|Brave Bird|p2a: Wo-Chien\n|-damage|p2a: Wo-Chien|204/283\n|-damage|p1b: Cramorant|235/261|[from] Recoil\n|move|p1a: Slither Wing|Flare Blitz|p2a: Wo-Chien\n|-damage|p2a: Wo-Chien|105/283\n|-enditem|p2a: Wo-Chien|Sitrus Berry|[eat]\n|-heal|p2a: Wo-Chien|175/283|[from] item: Sitrus Berry\n|-damage|p1a: Slither Wing|20/277|[from] Recoil\n|-damage|p1a: Slither Wing|0 fnt|[from] item: Life Orb\n|faint|p1a: Slither Wing\n|-end|p1a: Slither Wing|Protosynthesis|[silent]\n|move|p2b: Jirachi|Psychic|p1b: Cramorant\n|-damage|p1b: Cramorant|144/261\n|-damage|p2b: Jirachi|97/291|[from] ability: Gulp Missile|[of] p1b: Cramorant\n|-unboost|p2b: Jirachi|def|1\n|-formechange|p1b: Cramorant|Cramorant|\n|move|p2a: Wo-Chien|Pollen Puff|p2b: Jirachi\n|-heal|p2b: Jirachi|242/291\n|\n|upkeep\n|turn|13\n|\n|t:|1770862030\n|move|p1b: Cramorant|Surf|p2a: Wo-Chien|[spread] p2a,p2b\n|-formechange|p1b: Cramorant|Cramorant-Gulping|\n|-crit|p2a: Wo-Chien\n|-damage|p2a: Wo-Chien|106/283\n|-damage|p2b: Jirachi|175/291\n|move|p2b: Jirachi|Psychic|p1b: Cramorant\n|-damage|p1b: Cramorant|63/261\n|-damage|p2b: Jirachi|103/291|[from] ability: Gulp Missile|[of] p1b: Cramorant\n|-unboost|p2b: Jirachi|def|1\n|-formechange|p1b: Cramorant|Cramorant|\n|-enditem|p1b: Cramorant|Sitrus Berry|[eat]\n|-heal|p1b: Cramorant|128/261|[from] item: Sitrus Berry\n|move|p2a: Wo-Chien|Leech Seed|p1b: Cramorant\n|-start|p1b: Cramorant|move: Leech Seed\n|\n|-damage|p1b: Cramorant|96/261|[from] Leech Seed|[of] p2a: Wo-Chien\n|-heal|p2a: Wo-Chien|138/283|[silent]\n|-sideend|p1: oreo 11|move: Tailwind\n|upkeep\n|turn|14\n|c|☆pejelegante|Gg\n|c|☆oreo 11|gg\n|\n|t:|1770862040\n|move|p2b: Jirachi|Psychic|p1b: Cramorant\n|-damage|p1b: Cramorant|17/261\n|move|p1b: Cramorant|Surf|p2a: Wo-Chien|[spread] p2a,p2b\n|-formechange|p1b: Cramorant|Cramorant-Gorging|\n|-damage|p2a: Wo-Chien|89/283\n|-damage|p2b: Jirachi|34/291\n|move|p2a: Wo-Chien|Pollen Puff|p2b: Jirachi\n|-heal|p2b: Jirachi|179/291\n|\n|-damage|p1b: Cramorant|0 fnt|[from] Leech Seed|[of] p2a: Wo-Chien\n|-heal|p2a: Wo-Chien|106/283|[silent]\n|faint|p1b: Cramorant\n|\n|win|pejelegante\n|raw|oreo 11's rating: 1782 &rarr; <strong>1764</strong><br />(-18 for losing)\n|raw|pejelegante's rating: 1825 &rarr; <strong>1843</strong><br />(+18 for winning)\n|l|☆oreo 11\n|player|p1|\n", "inputlog": ">version ccdc32dd7cde25fd9e4bed64820e885f66e78a4e\n>start {\"formatid\":\"gen9randomdoublesbattle\",\"seed\":\"sodium,c6a050f955801a9d90fd490c76b19ffe\",\"rated\":\"Rated battle\"}\n>player p1 {\"name\":\"oreo 11\",\"avatar\":\"iris-gen5bw2\",\"rating\":1782,\"seed\":\"sodium,07b2a302e9da0d6b9895f57177dcca10\"}\n>player p2 {\"name\":\"pejelegante\",\"avatar\":\"hugh\",\"rating\":1825,\"seed\":\"sodium,dabccd727aa36458f2e56dd83276bfd6\"}\n>p1 move bravebird +1, move trick +2\n>p2 move yawn +2, move sludgebomb +1\n>p1 move bravebird +2, switch 4\n>p2 move helpinghand -2, move sludgebomb +1\n>p1 switch 4, pass\n>p1 move hyperspacefury +1, move firstimpression +2\n>p2 move yawn +1, move sludgebomb +2\n>p2 pass, switch 6\n>p1 switch 5, switch 3\n>p2 move doubleedge +1, move hurricane +2\n>p1 move foulplay +2, move surf terastallize\n>p2 move yawn +2, move thunderbolt +1\n>p1 move foulplay +2, switch 5\n>p2 move doubleedge +1, move thunderbolt +1\n>p1 switch 6, pass\n>p1 move flipturn +2, move psychic +1\n>p2 move doubleedge +1, move thunderbolt +1\n>p1 switch 3, pass\n>p2 switch 4, switch 5\n>p1 move closecombat +1, move hyperspacefury +2\n>p2 move gigaimpact +2, move psychic +1\n>p1 pass, switch 5\n>p1 switch 3, move surf\n>p2 move recharge +2, move psychic +1\n>p1 move flipturn +1, move tailwind\n>p2 move gigaimpact +2, move psychic +1\n>p1 switch 3, pass\n>p1 move protect, move surf\n>p2 move gigaimpact +1, move psychic +1\n>p2 switch 3, pass\n>p1 move flareblitz +1, move bravebird +1\n>p2 move pollenpuff -2 terastallize, move psychic +1\n>p1 pass, move surf\n>p2 move leechseed +2, move psychic +2\n>chat ☆pejelegante|Gg\n>chat ☆oreo 11|gg\n>p1 pass, move surf\n>p2 move pollenpuff -2, move psychic +2", "uploadtime": 1770862051, "views": 69, "formatid": "gen9randomdoublesbattle", "rating": 1764, "private": 0, "password": null}