{"id": "gen9randomdoublesbattle-2537961395", "format": "[Gen 9] Random Doubles Battle", "players": ["arcanineninacra", "awalps"], "log": "|j|☆arcanineninacra\n|j|☆awalps\n|t:|1770869260\n|gametype|doubles\n|player|p1|arcanineninacra|infielder|1482\n|player|p2|awalps|ghetsis|1588\n|gen|9\n|tier|[Gen 9] Random Doubles Battle\n|rated|\n|rule|Species Clause: Limit one of each Pokémon\n|rule|HP Percentage Mod: HP is shown in percentages\n|rule|Illusion Level Mod: Illusion disguises the Pokémon's true level\n|rule|Sleep Clause Mod: Limit one foe put to sleep\n|\n|t:|1770869260\n|teamsize|p1|6\n|teamsize|p2|6\n|start\n|switch|p1a: Golurk|Golurk, L86|293/293\n|switch|p1b: Rampardos|Rampardos, L87, M|311/311\n|switch|p2a: Ariados|Ariados, F|302/302\n|switch|p2b: Gogoat|Gogoat, L90, F|368/368\n|turn|1\n|\n|t:|1770869293\n|move|p1b: Rampardos|Head Smash|p2a: Ariados\n|-supereffective|p2a: Ariados\n|-damage|p2a: Ariados|0 fnt\n|-damage|p1b: Rampardos|260/311|[from] item: Rocky Helmet|[of] p2a: Ariados\n|faint|p2a: Ariados\n|-damage|p1b: Rampardos|109/311|[from] Recoil\n|move|p2b: Gogoat|Horn Leech|p1b: Rampardos\n|-supereffective|p1b: Rampardos\n|-damage|p1b: Rampardos|0 fnt\n|faint|p1b: Rampardos\n|move|p1a: Golurk|Dynamic Punch|p2b: Gogoat\n|-damage|p2b: Gogoat|230/368\n|-start|p2b: Gogoat|confusion\n|-damage|p1a: Golurk|264/293|[from] item: Life Orb\n|\n|upkeep\n|\n|t:|1770869324\n|switch|p1b: Seviper|Seviper, L96, M|296/296\n|switch|p2a: Golduck|Golduck, L91, F|293/293\n|-ability|p2a: Golduck|Cloud Nine\n|turn|2\n|\n|t:|1770869348\n|move|p1a: Golurk|Protect|p1a: Golurk\n|-singleturn|p1a: Golurk|Protect\n|move|p2a: Golduck|Hydro Pump|p1a: Golurk\n|-activate|p1a: Golurk|move: Protect\n|move|p1b: Seviper|Gunk Shot|p2b: Gogoat\n|-supereffective|p2b: Gogoat\n|-damage|p2b: Gogoat|0 fnt\n|faint|p2b: Gogoat\n|-damage|p1b: Seviper|267/296|[from] item: Life Orb\n|\n|upkeep\n|\n|t:|1770869357\n|switch|p2b: Deoxys|Deoxys-Speed, L85|224/224\n|-ability|p2b: Deoxys|Pressure\n|turn|3\n|inactive|Battle timer is ON: inactive players will automatically lose when time's up. (requested by awalps)\n|\n|t:|1770869388\n|switch|p1a: Serperior|Serperior, L80, M|251/251\n|-terastallize|p1b: Seviper|Dark\n|move|p2b: Deoxys|Psycho Boost|p1b: Seviper\n|-immune|p1b: Seviper\n|move|p2a: Golduck|Hydro Pump|p1a: Serperior\n|-resisted|p1a: Serperior\n|-damage|p1a: Serperior|161/251\n|-damage|p2a: Golduck|264/293|[from] item: Life Orb\n|move|p1b: Seviper|Knock Off|p2b: Deoxys\n|-supereffective|p2b: Deoxys\n|-damage|p2b: Deoxys|0 fnt\n|-enditem|p2b: Deoxys|Life Orb|[from] move: Knock Off|[of] p1b: Seviper\n|faint|p2b: Deoxys\n|-damage|p1b: Seviper|238/296|[from] item: Life Orb\n|\n|upkeep\n|\n|t:|1770869408\n|switch|p2b: Toxtricity|Toxtricity-Low-Key, L82, M|257/257\n|turn|4\n|c|☆arcanineninacra|Might be my best play OAT ngl\n|c|☆awalps|lol\n|c|☆awalps|cook\n|\n|t:|1770869432\n|move|p1a: Serperior|Protect|p1a: Serperior\n|-singleturn|p1a: Serperior|Protect\n|move|p2a: Golduck|Protect|p2a: Golduck\n|-singleturn|p2a: Golduck|Protect\n|move|p1b: Seviper|Knock Off|p2b: Toxtricity\n|-damage|p2b: Toxtricity|37/257\n|-enditem|p2b: Toxtricity|Choice Specs|[from] move: Knock Off|[of] p1b: Seviper\n|-damage|p1b: Seviper|209/296|[from] item: Life Orb\n|move|p2b: Toxtricity|Sludge Bomb|p1a: Serperior\n|-activate|p1a: Serperior|move: Protect\n|\n|upkeep\n|turn|5\n|\n|t:|1770869448\n|move|p1a: Serperior|Leaf Storm|p2a: Golduck\n|-supereffective|p2a: Golduck\n|-damage|p2a: Golduck|0 fnt\n|-boost|p1a: Serperior|spa|2\n|faint|p2a: Golduck\n|-damage|p1a: Serperior|136/251|[from] item: Life Orb\n|move|p1b: Seviper|Knock Off|p2b: Toxtricity\n|-damage|p2b: Toxtricity|0 fnt\n|faint|p2b: Toxtricity\n|-damage|p1b: Seviper|180/296|[from] item: Life Orb\n|\n|upkeep\n|-message|awalps forfeited.\n|\n|win|arcanineninacra\n|raw|arcanineninacra's rating: 1482 &rarr; <strong>1508</strong><br />(+26 for winning)\n|raw|awalps's rating: 1588 &rarr; <strong>1562</strong><br />(-26 for losing)\n|l|☆awalps\n|player|p2|\n|c|☆arcanineninacra|gg\n", "inputlog": ">version ccdc32dd7cde25fd9e4bed64820e885f66e78a4e\n>start {\"formatid\":\"gen9randomdoublesbattle\",\"seed\":\"sodium,5e095ab9d5b28db8ee99c3a9ff566773\",\"rated\":\"Rated battle\"}\n>player p1 {\"name\":\"arcanineninacra\",\"avatar\":\"infielder\",\"rating\":1482,\"seed\":\"sodium,d61d7786e0deb78c51ad4c8ce968143f\"}\n>player p2 {\"name\":\"awalps\",\"avatar\":\"ghetsis\",\"rating\":1588,\"seed\":\"sodium,aa0acde22272df57c33bdf81de20bb46\"}\n>p1 move dynamicpunch +2, move headsmash +1\n>p2 move stickyweb, move hornleech +2\n>p1 pass, switch 6\n>p2 switch 5, pass\n>p1 move protect, move gunkshot +2\n>p2 move hydropump +1, move highhorsepower +2\n>p2 pass, switch 6\n>p1 switch 5, move knockoff +2 terastallize\n>p2 move hydropump +1, move psychoboost +2\n>p2 pass, switch 4\n>chat ☆arcanineninacra|Might be my best play OAT ngl\n>chat ☆awalps|lol\n>chat ☆awalps|cook\n>p1 move protect, move knockoff +2\n>p2 move protect, move sludgebomb +1\n>p1 move leafstorm +1, move knockoff +2\n>p2 move hydropump +2, move sludgebomb +1\n>forcelose p2", "uploadtime": 1770869466, "views": 79, "formatid": "gen9randomdoublesbattle", "rating": 1508, "private": 0, "password": null}