{"id": "gen9randomdoublesbattle-2535126259", "format": "[Gen 9] Random Doubles Battle", "players": ["Hipsterreuniclus", "pixel_dragon9"], "log": "|j|☆Hipsterreuniclus\n|j|☆pixel_dragon9\n|t:|1770517200\n|gametype|doubles\n|player|p1|Hipsterreuniclus|266|1527\n|player|p2|pixel_dragon9|102|1578\n|gen|9\n|tier|[Gen 9] Random Doubles Battle\n|rated|\n|rule|Species Clause: Limit one of each Pokémon\n|rule|HP Percentage Mod: HP is shown in percentages\n|rule|Illusion Level Mod: Illusion disguises the Pokémon's true level\n|rule|Sleep Clause Mod: Limit one foe put to sleep\n|\n|t:|1770517200\n|teamsize|p1|6\n|teamsize|p2|6\n|start\n|switch|p1a: Phione|Phione, L90|290/290\n|switch|p1b: Mightyena|Mightyena, L95, M|287/287\n|switch|p2a: Bellibolt|Bellibolt, L81, M|309/309\n|switch|p2b: Dipplin|Dipplin, L92, F|297/297\n|-ability|p1b: Mightyena|Intimidate|boost\n|-unboost|p2a: Bellibolt|atk|1\n|-unboost|p2b: Dipplin|atk|1\n|turn|1\n|inactive|Battle timer is ON: inactive players will automatically lose when time's up. (requested by pixel_dragon9)\n|\n|t:|1770517219\n|switch|p1b: Magearna|Magearna-Original, L71|231/231\n|move|p1a: Phione|Ice Beam|p2b: Dipplin\n|-supereffective|p2b: Dipplin\n|-damage|p2b: Dipplin|129/297\n|move|p2b: Dipplin|Pollen Puff|p1b: Magearna\n|-resisted|p1b: Magearna\n|-damage|p1b: Magearna|220/231\n|move|p2a: Bellibolt|Thunderbolt|p1a: Phione\n|-supereffective|p1a: Phione\n|-damage|p1a: Phione|116/290\n|\n|-heal|p1a: Phione|134/290|[from] item: Leftovers\n|upkeep\n|turn|2\n|\n|t:|1770517240\n|switch|p2b: Rotom|Rotom-Heat, L84|221/221\n|move|p1a: Phione|Scald|p2b: Rotom\n|-supereffective|p2b: Rotom\n|-damage|p2b: Rotom|77/221\n|-enditem|p2b: Rotom|Sitrus Berry|[eat]\n|-heal|p2b: Rotom|132/221|[from] item: Sitrus Berry\n|move|p1b: Magearna|Dazzling Gleam|p2b: Rotom|[spread] p2a,p2b\n|-resisted|p2b: Rotom\n|-damage|p2a: Bellibolt|249/309\n|-damage|p2b: Rotom|107/221\n|-start|p2a: Bellibolt|Charge|Dazzling Gleam|[from] ability: Electromorphosis\n|move|p2a: Bellibolt|Thunderbolt|p1a: Phione\n|-supereffective|p1a: Phione\n|-damage|p1a: Phione|0 fnt\n|faint|p1a: Phione\n|-ability|p1b: Magearna|Soul-Heart|boost\n|-boost|p1b: Magearna|spa|1\n|-end|p2a: Bellibolt|Charge|[silent]\n|\n|upkeep\n|inactive|Hipsterreuniclus has 120 seconds left.\n|\n|t:|1770517256\n|switch|p1a: Lycanroc|Lycanroc-Dusk, L82, F|257/257\n|turn|3\n|\n|t:|1770517268\n|move|p2b: Rotom|Protect|p2b: Rotom\n|-singleturn|p2b: Rotom|Protect\n|move|p1a: Lycanroc|Accelerock|p2b: Rotom\n|-activate|p2b: Rotom|move: Protect\n|move|p1b: Magearna|Dazzling Gleam|p2b: Rotom|[spread] p2a\n|-activate|p2b: Rotom|move: Protect\n|-damage|p2a: Bellibolt|162/309\n|-start|p2a: Bellibolt|Charge|Dazzling Gleam|[from] ability: Electromorphosis\n|move|p2a: Bellibolt|Muddy Water|p1b: Magearna|[spread] p1a,p1b\n|-supereffective|p1a: Lycanroc\n|-damage|p1a: Lycanroc|129/257\n|-damage|p1b: Magearna|188/231\n|\n|upkeep\n|turn|4\n|\n|t:|1770517283\n|switch|p2b: Dipplin|Dipplin, L92, F|129/297\n|move|p1a: Lycanroc|Accelerock|p2b: Dipplin\n|-damage|p2b: Dipplin|89/297\n|-damage|p1a: Lycanroc|104/257|[from] item: Life Orb\n|move|p1b: Magearna|Dazzling Gleam|p2a: Bellibolt|[spread] p2a,p2b\n|-supereffective|p2b: Dipplin\n|-damage|p2a: Bellibolt|77/309\n|-damage|p2b: Dipplin|0 fnt\n|-start|p2a: Bellibolt|Charge|Dazzling Gleam|[from] ability: Electromorphosis\n|-enditem|p2a: Bellibolt|Sitrus Berry|[eat]\n|-heal|p2a: Bellibolt|154/309|[from] item: Sitrus Berry\n|faint|p2b: Dipplin\n|-ability|p1b: Magearna|Soul-Heart|boost\n|-boost|p1b: Magearna|spa|1\n|move|p2a: Bellibolt|Thunderbolt|p1a: Lycanroc\n|-damage|p1a: Lycanroc|0 fnt\n|faint|p1a: Lycanroc\n|-ability|p1b: Magearna|Soul-Heart|boost\n|-boost|p1b: Magearna|spa|1\n|-end|p2a: Bellibolt|Charge|[silent]\n|\n|upkeep\n|\n|t:|1770517292\n|switch|p1a: Grafaiai|Grafaiai, L88, M|254/254\n|switch|p2b: Rotom|Rotom-Heat, L84|107/221\n|turn|5\n|\n|t:|1770517305\n|-terastallize|p1b: Magearna|Fighting\n|move|p1a: Grafaiai|Parting Shot|p2b: Rotom\n|-unboost|p2b: Rotom|atk|1\n|-unboost|p2b: Rotom|spa|1\n|\n|t:|1770517314\n|switch|p1a: Mightyena|Mightyena, L95, M|287/287|[from] Parting Shot\n|-ability|p1a: Mightyena|Intimidate|boost\n|-unboost|p2a: Bellibolt|atk|1\n|-unboost|p2b: Rotom|atk|1\n|move|p2b: Rotom|Overheat|p1b: Magearna\n|-damage|p1b: Magearna|125/231\n|-unboost|p2b: Rotom|spa|2\n|move|p1b: Magearna|Dazzling Gleam|p2a: Bellibolt|[spread] p2a,p2b\n|-resisted|p2b: Rotom\n|-damage|p2a: Bellibolt|7/309\n|-damage|p2b: Rotom|50/221\n|-start|p2a: Bellibolt|Charge|Dazzling Gleam|[from] ability: Electromorphosis\n|move|p2a: Bellibolt|Slack Off|p2a: Bellibolt\n|-heal|p2a: Bellibolt|162/309\n|\n|upkeep\n|turn|6\n|\n|t:|1770517338\n|move|p1a: Mightyena|Sucker Punch|p2b: Rotom\n|-crit|p2b: Rotom\n|-damage|p2b: Rotom|0 fnt\n|faint|p2b: Rotom\n|-ability|p1b: Magearna|Soul-Heart|boost\n|-boost|p1b: Magearna|spa|1\n|-damage|p1a: Mightyena|259/287|[from] item: Life Orb\n|move|p1b: Magearna|Fleur Cannon|p2a: Bellibolt\n|-damage|p2a: Bellibolt|0 fnt\n|-unboost|p1b: Magearna|spa|2\n|faint|p2a: Bellibolt\n|-ability|p1b: Magearna|Soul-Heart|boost\n|-boost|p1b: Magearna|spa|1\n|\n|upkeep\n|\n|t:|1770517354\n|switch|p2b: Vespiquen|Vespiquen, F|302/302\n|switch|p2a: Polteageist|Polteageist-Antique, L85|241/241\n|-ability|p2b: Vespiquen|Unnerve\n|turn|7\n|\n|t:|1770517364\n|move|p2a: Polteageist|Protect|p2a: Polteageist\n|-singleturn|p2a: Polteageist|Protect\n|move|p1a: Mightyena|Throat Chop|p2a: Polteageist\n|-activate|p2a: Polteageist|move: Protect\n|move|p2b: Vespiquen|Hurricane|p1b: Magearna\n|-supereffective|p1b: Magearna\n|-damage|p1b: Magearna|0 fnt\n|faint|p1b: Magearna\n|\n|upkeep\n|\n|t:|1770517379\n|switch|p1b: Bombirdier|Bombirdier, L84, M|255/255\n|turn|8\n|\n|t:|1770517390\n|-terastallize|p2a: Polteageist|Dark\n|move|p1a: Mightyena|Howl|p1a: Mightyena|[spread] p1a,p1b\n|-boost|p1a: Mightyena|atk|1\n|-boost|p1b: Bombirdier|atk|1\n|move|p1b: Bombirdier|Rock Slide|p2b: Vespiquen|[spread] p2a\n|-miss|p1b: Bombirdier|p2b: Vespiquen\n|-damage|p2a: Polteageist|58/241\n|move|p2a: Polteageist|Shell Smash|p2a: Polteageist\n|-unboost|p2a: Polteageist|def|1\n|-unboost|p2a: Polteageist|spd|1\n|-boost|p2a: Polteageist|atk|2\n|-boost|p2a: Polteageist|spa|2\n|-boost|p2a: Polteageist|spe|2\n|-enditem|p2a: Polteageist|White Herb\n|-clearnegativeboost|p2a: Polteageist|[silent]\n|move|p2b: Vespiquen|Pollen Puff|p1a: Mightyena\n|-supereffective|p1a: Mightyena\n|-damage|p1a: Mightyena|0 fnt\n|faint|p1a: Mightyena\n|\n|upkeep\n|\n|t:|1770517401\n|switch|p1a: Grafaiai|Grafaiai, L88, M|254/254\n|turn|9\n|\n|t:|1770517424\n|move|p2a: Polteageist|Baton Pass|p2a: Polteageist\n|\n|t:|1770517430\n|switch|p2a: Excadrill|Excadrill, L82, F|315/315|[from] Baton Pass\n|-ability|p2a: Excadrill|Mold Breaker\n|move|p1a: Grafaiai|Knock Off|p2b: Vespiquen\n|-damage|p2b: Vespiquen|250/302\n|-enditem|p2b: Vespiquen|Sitrus Berry|[from] move: Knock Off|[of] p1a: Grafaiai\n|move|p1b: Bombirdier|Rock Slide|p2b: Vespiquen|[spread] p2a,p2b\n|-resisted|p2a: Excadrill\n|-supereffective|p2b: Vespiquen\n|-damage|p2a: Excadrill|271/315\n|-damage|p2b: Vespiquen|0 fnt\n|faint|p2b: Vespiquen\n|\n|upkeep\n|\n|t:|1770517441\n|switch|p2b: Polteageist|Polteageist-Antique, L85, tera:Dark|58/241\n|turn|10\n|\n|t:|1770517453\n|move|p2a: Excadrill|High Horsepower|p1a: Grafaiai\n|-supereffective|p1a: Grafaiai\n|-damage|p1a: Grafaiai|0 fnt\n|faint|p1a: Grafaiai\n|-damage|p2a: Excadrill|240/315|[from] item: Life Orb\n|move|p1b: Bombirdier|Rock Slide|p2b: Polteageist|[spread] p2a\n|-miss|p1b: Bombirdier|p2b: Polteageist\n|-resisted|p2a: Excadrill\n|-crit|p2a: Excadrill\n|-damage|p2a: Excadrill|170/315\n|move|p2b: Polteageist|Shadow Ball|p1b: Bombirdier\n|-resisted|p1b: Bombirdier\n|-damage|p1b: Bombirdier|196/255\n|\n|upkeep\n|turn|11\n|\n|t:|1770517466\n|move|p2a: Excadrill|Iron Head|p1b: Bombirdier\n|-damage|p1b: Bombirdier|0 fnt\n|faint|p1b: Bombirdier\n|-damage|p2a: Excadrill|139/315|[from] item: Life Orb\n|\n|win|pixel_dragon9\n|raw|Hipsterreuniclus's rating: 1527 &rarr; <strong>1510</strong><br />(-17 for losing)\n|raw|pixel_dragon9's rating: 1578 &rarr; <strong>1595</strong><br />(+17 for winning)\n", "inputlog": ">version ccdc32dd7cde25fd9e4bed64820e885f66e78a4e\n>start {\"formatid\":\"gen9randomdoublesbattle\",\"seed\":\"sodium,9ef1ca46cd97b156dd3271bb9e1c3a7a\",\"rated\":\"Rated battle\"}\n>player p1 {\"name\":\"Hipsterreuniclus\",\"avatar\":\"266\",\"rating\":1527,\"seed\":\"sodium,c3f06c714c9512cf449f56cc53f57d12\"}\n>player p2 {\"name\":\"pixel_dragon9\",\"avatar\":\"102\",\"rating\":1578,\"seed\":\"sodium,9ae2354dead35c7e4c0fa2d63f5c3753\"}\n>p1 move icebeam +2, switch 4\n>p2 move thunderbolt +1, move pollenpuff +2\n>p1 move scald +2, move dazzlinggleam\n>p2 move thunderbolt +1, switch 5\n>p1 switch 3, pass\n>p1 move accelerock +2, move dazzlinggleam\n>p2 move muddywater, move protect\n>p1 move accelerock +2, move dazzlinggleam\n>p2 move thunderbolt +1, switch 5\n>p1 switch 6, pass\n>p2 pass, switch 5\n>p1 move partingshot +2, move dazzlinggleam terastallize\n>p2 move slackoff, move overheat +2\n>p1 switch 4, pass\n>p1 move suckerpunch +2, move fleurcannon +1\n>p2 move thunderbolt +2, move voltswitch +2\n>p2 switch 6, switch 4\n>p1 move throatchop +1, move dazzlinggleam\n>p2 move protect, move hurricane +2\n>p1 pass, switch 5\n>p1 move howl, move rockslide\n>p2 move shellsmash terastallize, move pollenpuff +1\n>p1 switch 4, pass\n>p1 move knockoff +2, move rockslide\n>p2 move batonpass, move hurricane +2\n>p2 switch 3, pass\n>p2 pass, switch 3\n>p1 move knockoff +1, move rockslide\n>p2 move highhorsepower +1, move shadowball +2\n>p1 pass, move rockslide\n>p2 move ironhead +2, move shadowball +2", "uploadtime": 1770517468, "views": 102, "formatid": "gen9randomdoublesbattle", "rating": 1510, "private": 0, "password": null}