{"id": "gen9randomdoublesbattle-2537356462", "format": "[Gen 9] Random Doubles Battle", "players": ["shane999999", "adrianvgd"], "log": "|j|☆shane999999\n|j|☆adrianvgd\n|t:|1770803409\n|gametype|doubles\n|player|p1|shane999999|265|2023\n|player|p2|adrianvgd|169|2081\n|gen|9\n|tier|[Gen 9] Random Doubles Battle\n|rated|\n|rule|Species Clause: Limit one of each Pokémon\n|rule|HP Percentage Mod: HP is shown in percentages\n|rule|Illusion Level Mod: Illusion disguises the Pokémon's true level\n|rule|Sleep Clause Mod: Limit one foe put to sleep\n|\n|t:|1770803409\n|teamsize|p1|6\n|teamsize|p2|6\n|start\n|switch|p1a: Landorus|Landorus, L75, M|257/257\n|switch|p1b: Lunala|Lunala, L71|312/312\n|switch|p2a: Zekrom|Zekrom, L74|270/270\n|switch|p2b: Furret|Furret, L98, M|325/325\n|-item|p1a: Landorus|Life Orb|[from] ability: Frisk|[of] p2b: Furret\n|-item|p1b: Lunala|Leftovers|[from] ability: Frisk|[of] p2b: Furret\n|-ability|p2a: Zekrom|Teravolt\n|turn|1\n|\n|t:|1770803430\n|switch|p1b: Moltres|Moltres, L79|272/272\n|switch|p2a: Vivillon|Vivillon-Polar, L88, F|284/284\n|move|p2b: Furret|Body Slam|p1a: Landorus\n|-damage|p1a: Landorus|140/257\n|-status|p1a: Landorus|par\n|cant|p1a: Landorus|par\n|\n|upkeep\n|turn|2\n|inactive|Battle timer is ON: inactive players will automatically lose when time's up. (requested by adrianvgd)\n|\n|t:|1770803448\n|move|p2b: Furret|Body Slam|p1a: Landorus\n|-damage|p1a: Landorus|32/257 par\n|move|p2a: Vivillon|Sleep Powder|p1b: Moltres\n|-status|p1b: Moltres|slp|[from] move: Sleep Powder\n|cant|p1b: Moltres|slp\n|move|p1a: Landorus|Sandsear Storm|p2b: Furret|[spread] p2b\n|-immune|p2a: Vivillon\n|-damage|p2b: Furret|183/325\n|\n|upkeep\n|turn|3\n|\n|t:|1770803464\n|switch|p2a: Gastrodon|Gastrodon, L82, F|316/316\n|move|p2b: Furret|Body Slam|p1a: Landorus\n|-damage|p1a: Landorus|0 fnt\n|faint|p1a: Landorus\n|cant|p1b: Moltres|slp\n|\n|upkeep\n|\n|t:|1770803486\n|switch|p1a: Maushold|Maushold-Four, L79|247/247\n|turn|4\n|\n|t:|1770803497\n|move|p2b: Furret|Body Slam|p1a: Maushold\n|-damage|p1a: Maushold|117/247\n|move|p1a: Maushold|Population Bomb|p2a: Gastrodon\n|-damage|p2a: Gastrodon|285/316\n|-damage|p2a: Gastrodon|255/316\n|-damage|p2a: Gastrodon|227/316\n|-damage|p2a: Gastrodon|196/316\n|-damage|p2a: Gastrodon|168/316\n|-damage|p2a: Gastrodon|138/316\n|-enditem|p2a: Gastrodon|Sitrus Berry|[eat]\n|-heal|p2a: Gastrodon|217/316|[from] item: Sitrus Berry\n|-damage|p2a: Gastrodon|187/316\n|-damage|p2a: Gastrodon|157/316\n|-damage|p2a: Gastrodon|126/316\n|-damage|p2a: Gastrodon|98/316\n|-hitcount|p2a: Gastrodon|10\n|-curestatus|p1b: Moltres|slp|[msg]\n|move|p1b: Moltres|Brave Bird|p2a: Gastrodon\n|-damage|p2a: Gastrodon|0 fnt\n|faint|p2a: Gastrodon\n|-damage|p1b: Moltres|240/272|[from] Recoil\n|\n|upkeep\n|inactive|adrianvgd has 120 seconds left.\n|\n|t:|1770803531\n|switch|p2a: Ampharos|Ampharos, L86, M|295/295\n|turn|5\n|\n|t:|1770803547\n|-terastallize|p1b: Moltres|Fire\n|move|p1a: Maushold|Protect|p1a: Maushold\n|-singleturn|p1a: Maushold|Protect\n|move|p2b: Furret|Body Slam|p1a: Maushold\n|-activate|p1a: Maushold|move: Protect\n|move|p1b: Moltres|Tailwind|p1b: Moltres\n|-sidestart|p1: shane999999|move: Tailwind\n|move|p2a: Ampharos|Thunderbolt|p1b: Moltres\n|-damage|p1b: Moltres|123/272\n|-enditem|p1b: Moltres|Sitrus Berry|[eat]\n|-heal|p1b: Moltres|191/272|[from] item: Sitrus Berry\n|\n|upkeep\n|turn|6\n|\n|t:|1770803561\n|move|p2b: Furret|Follow Me|p2b: Furret\n|-singleturn|p2b: Furret|move: Follow Me\n|move|p1a: Maushold|Population Bomb|p2b: Furret\n|-damage|p2b: Furret|159/325\n|-enditem|p2b: Furret|Sitrus Berry|[eat]\n|-heal|p2b: Furret|240/325|[from] item: Sitrus Berry\n|-damage|p2b: Furret|213/325\n|-damage|p2b: Furret|189/325\n|-damage|p2b: Furret|165/325\n|-damage|p2b: Furret|140/325\n|-damage|p2b: Furret|113/325\n|-damage|p2b: Furret|89/325\n|-damage|p2b: Furret|64/325\n|-damage|p2b: Furret|40/325\n|-damage|p2b: Furret|15/325\n|-hitcount|p2b: Furret|10\n|move|p1b: Moltres|Heat Wave|p2b: Furret|[spread] p2a,p2b\n|-damage|p2a: Ampharos|231/295\n|-damage|p2b: Furret|0 fnt\n|faint|p2b: Furret\n|move|p2a: Ampharos|Thunderbolt|p1a: Maushold\n|-damage|p1a: Maushold|0 fnt\n|faint|p1a: Maushold\n|\n|upkeep\n|inactive|adrianvgd has 120 seconds left.\n|\n|t:|1770803589\n|switch|p2b: Dialga|Dialga-Origin, L74|270/270\n|switch|p1a: Salazzle|Salazzle, L86, F|257/257\n|turn|7\n|\n|t:|1770803602\n|move|p1a: Salazzle|Fire Blast|p2b: Dialga\n|-damage|p2b: Dialga|117/270\n|-damage|p1a: Salazzle|232/257|[from] item: Life Orb\n|move|p1b: Moltres|Heat Wave|p2a: Ampharos|[spread] p2b\n|-miss|p1b: Moltres|p2a: Ampharos\n|-damage|p2b: Dialga|29/270\n|-status|p2b: Dialga|brn\n|move|p2b: Dialga|Draco Meteor|p1a: Salazzle\n|-damage|p1a: Salazzle|0 fnt\n|-unboost|p2b: Dialga|spa|2\n|faint|p1a: Salazzle\n|move|p2a: Ampharos|Electroweb|p1b: Moltres\n|-damage|p1b: Moltres|118/272\n|-unboost|p1b: Moltres|spe|1\n|\n|-damage|p2b: Dialga|13/270 brn|[from] brn\n|upkeep\n|\n|t:|1770803618\n|switch|p1a: Dusknoir|Dusknoir, L89, F|225/225\n|-item|p2a: Ampharos|Assault Vest|[from] ability: Frisk|[of] p1a: Dusknoir\n|-item|p2b: Dialga|Adamant Crystal|[from] ability: Frisk|[of] p1a: Dusknoir\n|turn|8\n|inactive|adrianvgd has 120 seconds left.\n|\n|t:|1770803649\n|move|p1b: Moltres|Heat Wave|p2b: Dialga|[spread] p2b\n|-miss|p1b: Moltres|p2a: Ampharos\n|-damage|p2b: Dialga|0 fnt\n|faint|p2b: Dialga\n|move|p2a: Ampharos|Thunderbolt|p1a: Dusknoir\n|-damage|p1a: Dusknoir|147/225\n|-status|p1a: Dusknoir|par\n|move|p1a: Dusknoir|Trick Room|p1a: Dusknoir\n|-fieldstart|move: Trick Room|[of] p1a: Dusknoir\n|\n|-sideend|p1: shane999999|move: Tailwind\n|upkeep\n|inactive|adrianvgd has 120 seconds left.\n|\n|t:|1770803655\n|switch|p2b: Zekrom|Zekrom, L74|270/270\n|-ability|p2b: Zekrom|Teravolt\n|turn|9\n|\n|t:|1770803667\n|move|p1a: Dusknoir|Poltergeist|p2a: Ampharos\n|-activate|p2a: Ampharos|move: Poltergeist|Assault Vest\n|-damage|p2a: Ampharos|66/295\n|-damage|p1a: Dusknoir|125/225 par|[from] item: Life Orb\n|move|p1b: Moltres|Heat Wave|p2b: Zekrom|[spread] p2a,p2b\n|-resisted|p2b: Zekrom\n|-damage|p2a: Ampharos|2/295\n|-damage|p2b: Zekrom|216/270\n|move|p2a: Ampharos|Thunderbolt|p1b: Moltres\n|-damage|p1b: Moltres|1/272\n|move|p2b: Zekrom|Bolt Strike|p1a: Dusknoir\n|-damage|p1a: Dusknoir|16/225 par\n|\n|upkeep\n|turn|10\n|\n|t:|1770803687\n|move|p2b: Zekrom|Protect|p2b: Zekrom\n|-singleturn|p2b: Zekrom|Protect\n|move|p1a: Dusknoir|Poltergeist|p2b: Zekrom\n|-activate|p2b: Zekrom|move: Protect\n|move|p1b: Moltres|Heat Wave|p2b: Zekrom|[spread] p2a\n|-activate|p2b: Zekrom|move: Protect\n|-damage|p2a: Ampharos|0 fnt\n|faint|p2a: Ampharos\n|\n|upkeep\n|\n|t:|1770803694\n|switch|p2a: Vivillon|Vivillon-Polar, L88, F|284/284\n|turn|11\n|\n|t:|1770803706\n|move|p2a: Vivillon|Protect|p2a: Vivillon\n|-singleturn|p2a: Vivillon|Protect\n|move|p1a: Dusknoir|Poltergeist|p2b: Zekrom|[miss]\n|-miss|p1a: Dusknoir|p2b: Zekrom\n|move|p1b: Moltres|Heat Wave|p2a: Vivillon|[spread] p2b\n|-activate|p2a: Vivillon|move: Protect\n|-resisted|p2b: Zekrom\n|-damage|p2b: Zekrom|160/270\n|move|p2b: Zekrom|Dragon Claw|p1b: Moltres\n|-damage|p1b: Moltres|0 fnt\n|faint|p1b: Moltres\n|\n|upkeep\n|\n|t:|1770803711\n|switch|p1b: Lunala|Lunala, L71|312/312\n|turn|12\n|\n|t:|1770803732\n|-terastallize|p2a: Vivillon|Steel\n|move|p1a: Dusknoir|Poltergeist|p2a: Vivillon\n|-activate|p2a: Vivillon|move: Poltergeist|Sitrus Berry\n|-damage|p2a: Vivillon|29/284\n|-enditem|p2a: Vivillon|Sitrus Berry|[eat]\n|-heal|p2a: Vivillon|100/284|[from] item: Sitrus Berry\n|-damage|p1a: Dusknoir|0 fnt|[from] item: Life Orb\n|faint|p1a: Dusknoir\n|move|p2b: Zekrom|Dragon Dance|p2b: Zekrom\n|-boost|p2b: Zekrom|atk|1\n|-boost|p2b: Zekrom|spe|1\n|move|p1b: Lunala|Moongeist Beam|p2a: Vivillon\n|-damage|p2a: Vivillon|0 fnt\n|faint|p2a: Vivillon\n|\n|-fieldend|move: Trick Room\n|upkeep\n|turn|13\n|\n|t:|1770803751\n|move|p2b: Zekrom|Dragon Claw|p1b: Lunala\n|-damage|p1b: Lunala|226/312\n|move|p1b: Lunala|Moonblast|p2b: Zekrom\n|-supereffective|p2b: Zekrom\n|-damage|p2b: Zekrom|24/270\n|\n|-heal|p1b: Lunala|245/312|[from] item: Leftovers\n|upkeep\n|turn|14\n|\n|t:|1770803757\n|move|p1b: Lunala|Protect|p1b: Lunala\n|-singleturn|p1b: Lunala|Protect\n|move|p2b: Zekrom|Bolt Strike|p1b: Lunala\n|-activate|p1b: Lunala|move: Protect\n|\n|-heal|p1b: Lunala|264/312|[from] item: Leftovers\n|upkeep\n|turn|15\n|\n|t:|1770803761\n|move|p2b: Zekrom|Bolt Strike|p1b: Lunala\n|-damage|p1b: Lunala|14/312\n|move|p1b: Lunala|Moonblast|p2b: Zekrom\n|-supereffective|p2b: Zekrom\n|-crit|p2b: Zekrom\n|-damage|p2b: Zekrom|0 fnt\n|faint|p2b: Zekrom\n|\n|win|shane999999\n|raw|shane999999's rating: 2023 &rarr; <strong>2046</strong><br />(+23 for winning)\n|raw|adrianvgd's rating: 2081 &rarr; <strong>2058</strong><br />(-23 for losing)\n|c|☆adrianvgd|Teravolt doesnt ignore shdow shield??\n|c|☆shane999999|no\n|l|☆adrianvgd\n|player|p2|\n|c|☆shane999999|shadow shield is excepted\n|l|☆shane999999\n|player|p1|\n|j|☆shane999999\n|player|p1|shane999999|265|\n|l|☆shane999999\n|player|p1|\n", "inputlog": ">version ccdc32dd7cde25fd9e4bed64820e885f66e78a4e\n>start {\"formatid\":\"gen9randomdoublesbattle\",\"seed\":\"sodium,1bf481422e35956c27cbb2529a33097e\",\"rated\":\"Rated battle\"}\n>player p1 {\"name\":\"shane999999\",\"avatar\":\"265\",\"rating\":2023,\"seed\":\"sodium,f626e345877fbfc8ae970368273e6c85\"}\n>player p2 {\"name\":\"adrianvgd\",\"avatar\":\"169\",\"rating\":2081,\"seed\":\"sodium,f7e5787a50a6bda279840ff4b2e36d75\"}\n>p1 move sandsearstorm, switch 6\n>p2 switch 6, move bodyslam +1\n>p1 move sandsearstorm, move tailwind\n>p2 move sleeppowder +2, move bodyslam +1\n>p1 move sludgebomb +1, move tailwind\n>p2 switch 4, move bodyslam +1\n>p1 switch 3, pass\n>p1 move populationbomb +1, move bravebird +1\n>p2 move muddywater, move bodyslam +1\n>p2 switch 3, pass\n>p1 move protect, move tailwind terastallize\n>p2 move thunderbolt +2, move bodyslam +1\n>p1 move populationbomb +2, move heatwave\n>p2 move thunderbolt +1, move followme\n>p1 switch 4, pass\n>p2 pass, switch 5\n>p1 move fireblast +2, move heatwave\n>p2 move electroweb, move dracometeor +1\n>p1 switch 5, pass\n>p1 move trickroom, move heatwave\n>p2 move thunderbolt +1, move dracometeor +1\n>p2 pass, switch 6\n>p1 move poltergeist +1, move heatwave\n>p2 move thunderbolt +2, move boltstrike +1\n>p1 move poltergeist +2, move heatwave\n>p2 move electroweb, move protect\n>p2 switch 4, pass\n>p1 move poltergeist +2, move heatwave\n>p2 move protect, move dragonclaw +2\n>p1 pass, switch 6\n>p1 move poltergeist +1, move moongeistbeam +1\n>p2 move sleeppowder +2 terastallize, move dragondance\n>p1 pass, move moonblast +2\n>p2 pass, move dragonclaw +2\n>p1 pass, move protect\n>p2 pass, move boltstrike +2\n>p1 pass, move moonblast +2\n>p2 pass, move boltstrike +2", "uploadtime": 1770804226, "views": 60, "formatid": "gen9randomdoublesbattle", "rating": 2046, "private": 0, "password": null}