{"id": "gen9randomdoublesbattle-2537251760", "format": "[Gen 9] Random Doubles Battle", "players": ["baseballlover", "denalidegen"], "log": "|j|☆baseballlover\n|j|☆denalidegen\n|t:|1770785147\n|gametype|doubles\n|player|p1|baseballlover|266|1631\n|player|p2|denalidegen|ltsurge|1679\n|gen|9\n|tier|[Gen 9] Random Doubles Battle\n|rated|\n|rule|Species Clause: Limit one of each Pokémon\n|rule|HP Percentage Mod: HP is shown in percentages\n|rule|Illusion Level Mod: Illusion disguises the Pokémon's true level\n|rule|Sleep Clause Mod: Limit one foe put to sleep\n|\n|t:|1770785147\n|teamsize|p1|6\n|teamsize|p2|6\n|start\n|switch|p1a: Crabominable|Crabominable, L89, M|317/317\n|switch|p1b: Furret|Furret, L98, F|325/325\n|switch|p2a: Ampharos|Ampharos, L86, M|295/295\n|switch|p2b: Cinccino|Cinccino, L85, M|266/266\n|-item|p2a: Ampharos|Sitrus Berry|[from] ability: Frisk|[of] p1b: Furret\n|-item|p2b: Cinccino|Loaded Dice|[from] ability: Frisk|[of] p1b: Furret\n|turn|1\n|inactive|Battle timer is ON: inactive players will automatically lose when time's up. (requested by baseballlover)\n|\n|t:|1770785169\n|move|p2b: Cinccino|Tail Slap|p1b: Furret|[miss]\n|-miss|p2b: Cinccino|p1b: Furret\n|move|p1b: Furret|U-turn|p2a: Ampharos\n|-damage|p2a: Ampharos|242/295\n|\n|t:|1770785172\n|switch|p1b: Donphan|Donphan, L87, F|298/298|[from] U-turn\n|move|p2a: Ampharos|Focus Blast|p1a: Crabominable\n|-supereffective|p1a: Crabominable\n|-damage|p1a: Crabominable|99/317\n|move|p1a: Crabominable|Drain Punch|p2b: Cinccino\n|-supereffective|p2b: Cinccino\n|-damage|p2b: Cinccino|0 fnt\n|-heal|p1a: Crabominable|232/317|[from] drain|[of] p2b: Cinccino\n|faint|p2b: Cinccino\n|-damage|p1a: Crabominable|201/317|[from] item: Life Orb\n|\n|upkeep\n|\n|t:|1770785185\n|switch|p2b: Wo-Chien|Wo-Chien, L85|283/283\n|-ability|p2b: Wo-Chien|Tablets of Ruin\n|turn|2\n|\n|t:|1770785200\n|move|p2b: Wo-Chien|Leech Seed|p1b: Donphan\n|-start|p1b: Donphan|move: Leech Seed\n|move|p2a: Ampharos|Focus Blast|p1a: Crabominable\n|-supereffective|p1a: Crabominable\n|-damage|p1a: Crabominable|0 fnt\n|faint|p1a: Crabominable\n|move|p1b: Donphan|High Horsepower|p2a: Ampharos\n|-supereffective|p2a: Ampharos\n|-damage|p2a: Ampharos|50/295\n|-enditem|p2a: Ampharos|Sitrus Berry|[eat]\n|-heal|p2a: Ampharos|123/295|[from] item: Sitrus Berry\n|\n|-damage|p1b: Donphan|261/298|[from] Leech Seed|[of] p2b: Wo-Chien\n|upkeep\n|\n|t:|1770785211\n|switch|p1a: Furret|Furret, L98, F|325/325\n|-item|p2b: Wo-Chien|Sitrus Berry|[from] ability: Frisk|[of] p1a: Furret\n|turn|3\n|\n|t:|1770785229\n|move|p1a: Furret|U-turn|p2b: Wo-Chien\n|-supereffective|p2b: Wo-Chien\n|-damage|p2b: Wo-Chien|135/283\n|-enditem|p2b: Wo-Chien|Sitrus Berry|[eat]\n|-heal|p2b: Wo-Chien|205/283|[from] item: Sitrus Berry\n|\n|t:|1770785236\n|switch|p1a: Delphox|Delphox, L83, F|260/260|[from] U-turn\n|move|p2b: Wo-Chien|Ruination|p1b: Donphan\n|-damage|p1b: Donphan|131/298\n|move|p2a: Ampharos|Thunderbolt|p1a: Delphox\n|-damage|p1a: Delphox|148/260\n|move|p1b: Donphan|Rapid Spin|p2a: Ampharos\n|-damage|p2a: Ampharos|90/295\n|-boost|p1b: Donphan|spe|1\n|-end|p1b: Donphan|Leech Seed|[from] move: Rapid Spin|[of] p1b: Donphan\n|\n|upkeep\n|turn|4\n|\n|t:|1770785259\n|move|p2b: Wo-Chien|Protect|p2b: Wo-Chien\n|-singleturn|p2b: Wo-Chien|Protect\n|move|p1a: Delphox|Nasty Plot|p1a: Delphox\n|-boost|p1a: Delphox|spa|2\n|move|p1b: Donphan|High Horsepower|p2a: Ampharos\n|-supereffective|p2a: Ampharos\n|-damage|p2a: Ampharos|0 fnt\n|faint|p2a: Ampharos\n|\n|upkeep\n|\n|t:|1770785270\n|switch|p2a: Sudowoodo|Sudowoodo, L94, M|284/284\n|turn|5\n|-message|denalidegen forfeited.\n|\n|win|baseballlover\n|raw|baseballlover's rating: 1631 &rarr; <strong>1654</strong><br />(+23 for winning)\n|raw|denalidegen's rating: 1679 &rarr; <strong>1656</strong><br />(-23 for losing)\n", "inputlog": ">version ccdc32dd7cde25fd9e4bed64820e885f66e78a4e\n>start {\"formatid\":\"gen9randomdoublesbattle\",\"seed\":\"sodium,0f726851ef03d3dcf221f4febf512867\",\"rated\":\"Rated battle\"}\n>player p1 {\"name\":\"baseballlover\",\"avatar\":\"266\",\"rating\":1631,\"seed\":\"sodium,5c6085bee4ee7a0a2dbe96a86073b814\"}\n>player p2 {\"name\":\"denalidegen\",\"avatar\":\"ltsurge\",\"rating\":1679,\"seed\":\"sodium,ec95234b7d081535786506634a2e2730\"}\n>p1 move drainpunch +2, move uturn +1\n>p2 move focusblast +1, move tailslap +2\n>p1 pass, switch 3\n>p2 pass, switch 6\n>p1 move drainpunch +2, move highhorsepower +1\n>p2 move focusblast +1, move leechseed +2\n>p1 switch 3, pass\n>p1 move uturn +2, move rapidspin +1\n>p2 move thunderbolt +1, move ruination +2\n>p1 switch 5, pass\n>p1 move nastyplot, move highhorsepower +1\n>p2 move thunderwave +1, move protect\n>p2 switch 3, pass\n>forcelose p2", "uploadtime": 1770785287, "views": 67, "formatid": "gen9randomdoublesbattle", "rating": 1654, "private": 0, "password": null}