{"id": "gen9randomdoublesbattle-2539837700", "format": "[Gen 9] Random Doubles Battle", "players": ["LeoAjju", "disastvgc"], "log": "|j|☆LeoAjju\n|j|☆disastvgc\n|t:|1771115592\n|gametype|doubles\n|player|p1|LeoAjju|n|1572\n|player|p2|disastvgc|cyrus|1562\n|gen|9\n|tier|[Gen 9] Random Doubles Battle\n|rated|\n|rule|Species Clause: Limit one of each Pokémon\n|rule|HP Percentage Mod: HP is shown in percentages\n|rule|Illusion Level Mod: Illusion disguises the Pokémon's true level\n|rule|Sleep Clause Mod: Limit one foe put to sleep\n|\n|t:|1771115592\n|teamsize|p1|6\n|teamsize|p2|6\n|start\n|switch|p1a: Raging Bolt|Raging Bolt, L77|319/319\n|switch|p1b: Arceus|Arceus-Rock, L73|296/296\n|switch|p2a: Flygon|Flygon, L83, F|268/268\n|switch|p2b: Wigglytuff|Wigglytuff, L91, M|403/403\n|turn|1\n|inactive|Battle timer is ON: inactive players will automatically lose when time's up. (requested by LeoAjju)\n|\n|t:|1771115621\n|move|p1b: Arceus|Judgment|p2b: Wigglytuff\n|-damage|p2b: Wigglytuff|249/403\n|move|p2a: Flygon|Earth Power|p1a: Raging Bolt\n|-supereffective|p1a: Raging Bolt\n|-damage|p1a: Raging Bolt|197/319\n|-unboost|p1a: Raging Bolt|spd|1\n|move|p1a: Raging Bolt|Draco Meteor|p2a: Flygon\n|-supereffective|p2a: Flygon\n|-crit|p2a: Flygon\n|-damage|p2a: Flygon|0 fnt\n|-unboost|p1a: Raging Bolt|spa|2\n|faint|p2a: Flygon\n|move|p2b: Wigglytuff|Icy Wind|p1b: Arceus|[spread] p1a,p1b\n|-supereffective|p1a: Raging Bolt\n|-damage|p1a: Raging Bolt|133/319\n|-damage|p1b: Arceus|266/296\n|-unboost|p1a: Raging Bolt|spe|1\n|-unboost|p1b: Arceus|spe|1\n|\n|upkeep\n|inactive|disastvgc has 120 seconds left.\n|\n|t:|1771115660\n|switch|p2a: Milotic|Milotic, L81, M|287/287\n|turn|2\n|\n|t:|1771115689\n|switch|p1b: Toedscruel|Toedscruel, L87, M|281/281\n|-end|p1a: Raging Bolt|Protosynthesis|[silent]\n|switch|p1a: Hawlucha|Hawlucha, L84, M|268/268\n|move|p2b: Wigglytuff|Icy Wind|p1a: Hawlucha|[spread] p1a,p1b\n|-supereffective|p1a: Hawlucha\n|-supereffective|p1b: Toedscruel\n|-damage|p1a: Hawlucha|196/268\n|-damage|p1b: Toedscruel|189/281\n|-unboost|p1a: Hawlucha|spe|1\n|-unboost|p1b: Toedscruel|spe|1\n|-enditem|p1a: Hawlucha|White Herb\n|-clearnegativeboost|p1a: Hawlucha|[silent]\n|move|p2a: Milotic|Dragon Tail|p1a: Hawlucha\n|-damage|p1a: Hawlucha|164/268\n|drag|p1a: Raging Bolt|Raging Bolt, L77|133/319\n|\n|upkeep\n|turn|3\n|inactive|disastvgc has 120 seconds left.\n|\n|t:|1771115730\n|move|p1a: Raging Bolt|Thunderclap|p2a: Milotic\n|-supereffective|p2a: Milotic\n|-damage|p2a: Milotic|155/287\n|move|p2b: Wigglytuff|Icy Wind|p1b: Toedscruel|[spread] p1a,p1b\n|-supereffective|p1a: Raging Bolt\n|-supereffective|p1b: Toedscruel\n|-damage|p1a: Raging Bolt|89/319\n|-damage|p1b: Toedscruel|93/281\n|-unboost|p1a: Raging Bolt|spe|1\n|-unboost|p1b: Toedscruel|spe|1\n|-enditem|p1b: Toedscruel|Sitrus Berry|[eat]\n|-heal|p1b: Toedscruel|163/281|[from] item: Sitrus Berry\n|move|p1b: Toedscruel|Spore|p2b: Wigglytuff\n|-status|p2b: Wigglytuff|slp|[from] move: Spore\n|move|p2a: Milotic|Dragon Tail|p1b: Toedscruel\n|-damage|p1b: Toedscruel|126/281\n|drag|p1b: Duraludon|Duraludon, L83, M|252/252\n|\n|upkeep\n|turn|4\n|inactive|disastvgc has 120 seconds left.\n|\n|t:|1771115759\n|-end|p1a: Raging Bolt|Protosynthesis|[silent]\n|switch|p1a: Arceus|Arceus-Rock, L73|266/296\n|move|p1b: Duraludon|Body Press|p2a: Milotic\n|-damage|p2a: Milotic|89/287\n|-enditem|p2a: Milotic|Sitrus Berry|[eat]\n|-heal|p2a: Milotic|160/287|[from] item: Sitrus Berry\n|move|p2a: Milotic|Recover|p2a: Milotic\n|-heal|p2a: Milotic|287/287\n|cant|p2b: Wigglytuff|slp\n|\n|upkeep\n|turn|5\n|inactive|disastvgc has 120 seconds left.\n|\n|t:|1771115777\n|move|p1a: Arceus|Calm Mind|p1a: Arceus\n|-boost|p1a: Arceus|spa|1\n|-boost|p1a: Arceus|spd|1\n|move|p1b: Duraludon|Flash Cannon|p2b: Wigglytuff\n|-supereffective|p2b: Wigglytuff\n|-damage|p2b: Wigglytuff|0 fnt\n|faint|p2b: Wigglytuff\n|move|p2a: Milotic|Scald|p1a: Arceus\n|-supereffective|p1a: Arceus\n|-damage|p1a: Arceus|168/296\n|\n|upkeep\n|inactive|disastvgc has 120 seconds left.\n|\n|t:|1771115799\n|switch|p2b: Metagross|Metagross, L80|259/259\n|turn|6\n|inactive|disastvgc has 120 seconds left.\n|\n|t:|1771115812\n|move|p1a: Arceus|Earth Power|p2b: Metagross\n|-supereffective|p2b: Metagross\n|-damage|p2b: Metagross|127/259\n|move|p1b: Duraludon|Iron Defense|p1b: Duraludon\n|-boost|p1b: Duraludon|def|2\n|move|p2b: Metagross|Hammer Arm|p1b: Duraludon\n|-supereffective|p1b: Duraludon\n|-damage|p1b: Duraludon|202/252\n|-unboost|p2b: Metagross|spe|1\n|move|p2a: Milotic|Dragon Tail|p1a: Arceus\n|-damage|p1a: Arceus|141/296\n|drag|p1a: Toedscruel|Toedscruel, L87, M|126/281\n|\n|upkeep\n|turn|7\n|inactive|disastvgc has 120 seconds left.\n|\n|t:|1771115850\n|move|p1b: Duraludon|Body Press|p2b: Metagross\n|-damage|p2b: Metagross|24/259\n|move|p2b: Metagross|Psychic Fangs|p1a: Toedscruel\n|-damage|p1a: Toedscruel|0 fnt\n|faint|p1a: Toedscruel\n|move|p2a: Milotic|Dragon Tail|p1b: Duraludon|[miss]\n|-miss|p2a: Milotic|p1b: Duraludon\n|\n|upkeep\n|\n|t:|1771115862\n|switch|p1a: Raging Bolt|Raging Bolt, L77|89/319\n|turn|8\n|inactive|disastvgc has 120 seconds left.\n|\n|t:|1771115887\n|move|p1a: Raging Bolt|Thunderclap|p2a: Milotic\n|-supereffective|p2a: Milotic\n|-damage|p2a: Milotic|165/287\n|move|p1b: Duraludon|Body Press|p2a: Milotic\n|-damage|p2a: Milotic|32/287\n|move|p2b: Metagross|Hammer Arm|p1a: Raging Bolt\n|-damage|p1a: Raging Bolt|0 fnt\n|-unboost|p2b: Metagross|spe|1\n|faint|p1a: Raging Bolt\n|-end|p1a: Raging Bolt|Protosynthesis|[silent]\n|move|p2a: Milotic|Dragon Tail|p1b: Duraludon\n|-damage|p1b: Duraludon|193/252\n|drag|p1b: Hawlucha|Hawlucha, L84, M|164/268\n|\n|upkeep\n|\n|t:|1771115898\n|switch|p1a: Duraludon|Duraludon, L83, M|193/252\n|turn|9\n|inactive|disastvgc has 120 seconds left.\n|\n|t:|1771115925\n|move|p1b: Hawlucha|Brave Bird|p2a: Milotic\n|-damage|p2a: Milotic|0 fnt\n|faint|p2a: Milotic\n|-damage|p1b: Hawlucha|153/268|[from] Recoil\n|move|p1a: Duraludon|Body Press|p2b: Metagross\n|-damage|p2b: Metagross|0 fnt\n|faint|p2b: Metagross\n|\n|upkeep\n|\n|t:|1771115929\n|switch|p2a: Zapdos|Zapdos-Galar, L77|265/265\n|switch|p2b: Veluza|Veluza, L88, M|302/302\n|turn|10\n|inactive|LeoAjju has 120 seconds left.\n|inactive|disastvgc has 120 seconds left.\n|\n|t:|1771115971\n|-terastallize|p1a: Duraludon|Fighting\n|move|p1b: Hawlucha|Brave Bird|p2a: Zapdos\n|-supereffective|p2a: Zapdos\n|-damage|p2a: Zapdos|23/265\n|-damage|p1b: Hawlucha|73/268|[from] Recoil\n|move|p2a: Zapdos|Tailwind|p2a: Zapdos\n|-sidestart|p2: disastvgc|move: Tailwind\n|move|p2b: Veluza|Aqua Cutter|p1b: Hawlucha\n|-damage|p1b: Hawlucha|0 fnt\n|faint|p1b: Hawlucha\n|move|p1a: Duraludon|Draco Meteor|p2b: Veluza\n|-damage|p2b: Veluza|125/302\n|-unboost|p1a: Duraludon|spa|2\n|\n|upkeep\n|inactive|LeoAjju has 120 seconds left.\n|\n|t:|1771115984\n|switch|p1b: Arceus|Arceus-Rock, L73|141/296\n|turn|11\n|\n|t:|1771115998\n|move|p2a: Zapdos|Brave Bird|p1a: Duraludon\n|-supereffective|p1a: Duraludon\n|-crit|p1a: Duraludon\n|-damage|p1a: Duraludon|0 fnt\n|faint|p1a: Duraludon\n|-damage|p2a: Zapdos|0 fnt|[from] Recoil\n|faint|p2a: Zapdos\n|move|p2b: Veluza|Aqua Cutter|p1b: Arceus\n|-supereffective|p1b: Arceus\n|-crit|p1b: Arceus\n|-damage|p1b: Arceus|0 fnt\n|faint|p1b: Arceus\n|\n|upkeep\n|\n|t:|1771116008\n|switch|p1a: Tauros|Tauros, L82, M|257/257\n|-ability|p1a: Tauros|Intimidate|boost\n|-unboost|p2b: Veluza|atk|1\n|turn|12\n|\n|t:|1771116022\n|-terastallize|p2b: Veluza|Dark\n|move|p2b: Veluza|Aqua Cutter|p1a: Tauros\n|-damage|p1a: Tauros|137/257\n|move|p1a: Tauros|Double-Edge|p2b: Veluza\n|-crit|p2b: Veluza\n|-damage|p2b: Veluza|0 fnt\n|faint|p2b: Veluza\n|-damage|p1a: Tauros|96/257|[from] Recoil\n|\n|win|LeoAjju\n|raw|LeoAjju's rating: 1572 &rarr; <strong>1591</strong><br />(+19 for winning)\n|raw|disastvgc's rating: 1562 &rarr; <strong>1543</strong><br />(-19 for losing)\n|c|☆LeoAjju|gg\n|l|☆disastvgc\n|player|p2|\n", "inputlog": ">version ccdc32dd7cde25fd9e4bed64820e885f66e78a4e\n>start {\"formatid\":\"gen9randomdoublesbattle\",\"seed\":\"sodium,3281cc7920b7aeb60621d3ea89b5bc40\",\"rated\":\"Rated battle\"}\n>player p1 {\"name\":\"LeoAjju\",\"avatar\":\"n\",\"rating\":1572,\"seed\":\"sodium,612d895475f81293562e5dd5d1b1f453\"}\n>player p2 {\"name\":\"disastvgc\",\"avatar\":\"cyrus\",\"rating\":1562,\"seed\":\"sodium,55f00930c735a01fb4b1e3d9d49f97b8\"}\n>p1 move dracometeor +1, move judgment +2\n>p2 move earthpower +1, move icywind\n>p2 switch 3, pass\n>p1 switch 6, switch 5\n>p2 move dragontail +1, move icywind\n>p1 move thunderclap +1, move spore +2\n>p2 move dragontail +2, move icywind\n>p1 switch 5, move bodypress +1\n>p2 move recover, move dazzlinggleam\n>p1 move calmmind, move flashcannon +2\n>p2 move scald +1, move icywind\n>p2 pass, switch 5\n>p1 move earthpower +2, move irondefense\n>p2 move dragontail +1, move hammerarm +2\n>p1 move spore +1, move bodypress +2\n>p2 move dragontail +2, move psychicfangs +1\n>p1 switch 5, pass\n>p1 move thunderclap +1, move bodypress +1\n>p2 move dragontail +2, move hammerarm +1\n>p1 switch 6, pass\n>p1 move bodypress +2, move bravebird +1\n>p2 move icywind, move psychicfangs +2\n>p2 switch 6, switch 4\n>p1 move dracometeor +2 terastallize, move bravebird +1\n>p2 move tailwind, move aquacutter +2\n>p1 pass, switch 3\n>p1 move bodypress +1, move judgment +2\n>p2 move bravebird +1, move aquacutter +2\n>p1 switch 4, pass\n>p1 move doubleedge +2, pass\n>p2 pass, move aquacutter +1 terastallize", "uploadtime": 1771116050, "views": 76, "formatid": "gen9randomdoublesbattle", "rating": 1543, "private": 0, "password": null}