{"id": "gen9randomdoublesbattle-2538141502", "format": "[Gen 9] Random Doubles Battle", "players": ["LazzarinoCominazzo", "Frasca95"], "log": "|j|☆LazzarinoCominazzo\n|j|☆Frasca95\n|t:|1770898695\n|gametype|doubles\n|player|p1|LazzarinoCominazzo|102|1628\n|player|p2|Frasca95|2|1546\n|gen|9\n|tier|[Gen 9] Random Doubles Battle\n|rated|\n|rule|Species Clause: Limit one of each Pokémon\n|rule|HP Percentage Mod: HP is shown in percentages\n|rule|Illusion Level Mod: Illusion disguises the Pokémon's true level\n|rule|Sleep Clause Mod: Limit one foe put to sleep\n|\n|t:|1770898695\n|teamsize|p1|6\n|teamsize|p2|6\n|start\n|switch|p1a: Rampardos|Rampardos, L87, F|311/311\n|switch|p1b: Magearna|Magearna, L71|231/231\n|switch|p2a: Cryogonal|Cryogonal, L88|284/284\n|switch|p2b: Ampharos|Ampharos, L86, F|295/295\n|turn|1\n|inactive|Battle timer is ON: inactive players will automatically lose when time's up. (requested by LazzarinoCominazzo)\n|\n|t:|1770898773\n|-terastallize|p2a: Cryogonal|Steel\n|move|p2a: Cryogonal|Flash Cannon|p1a: Rampardos\n|-supereffective|p1a: Rampardos\n|-damage|p1a: Rampardos|41/311\n|move|p1a: Rampardos|Head Smash|p2b: Ampharos\n|-damage|p2b: Ampharos|51/295\n|-status|p1a: Rampardos|par|[from] ability: Static|[of] p2b: Ampharos\n|-enditem|p2b: Ampharos|Sitrus Berry|[eat]\n|-heal|p2b: Ampharos|124/295|[from] item: Sitrus Berry\n|-damage|p1a: Rampardos|0 fnt|[from] Recoil\n|faint|p1a: Rampardos\n|-ability|p1b: Magearna|Soul-Heart|boost\n|-boost|p1b: Magearna|spa|1\n|move|p2b: Ampharos|Thunderbolt|p1b: Magearna\n|-damage|p1b: Magearna|158/231\n|move|p1b: Magearna|Dazzling Gleam|p2b: Ampharos|[spread] p2a,p2b\n|-resisted|p2a: Cryogonal\n|-damage|p2a: Cryogonal|256/284\n|-damage|p2b: Ampharos|39/295\n|\n|upkeep\n|\n|t:|1770898792\n|switch|p1a: Iron Hands|Iron Hands, L77|364/364\n|turn|2\n|inactive|Frasca95 has 120 seconds left.\n|\n|t:|1770898833\n|switch|p2a: Meowstic|Meowstic, L88, M|274/274\n|move|p2b: Ampharos|Thunder Wave|p1b: Magearna\n|-status|p1b: Magearna|par\n|move|p1a: Iron Hands|Swords Dance|p1a: Iron Hands\n|-boost|p1a: Iron Hands|atk|2\n|cant|p1b: Magearna|par\n|\n|upkeep\n|turn|3\n|inactive|Frasca95 has 120 seconds left.\n|\n|t:|1770898850\n|-terastallize|p1a: Iron Hands|Fire\n|move|p2a: Meowstic|Reflect|p2a: Meowstic\n|-sidestart|p2: Frasca95|Reflect\n|move|p1a: Iron Hands|Thunder Punch|p2a: Meowstic\n|-damage|p2a: Meowstic|153/274\n|move|p1b: Magearna|Dazzling Gleam|p2a: Meowstic|[spread] p2a,p2b\n|-damage|p2a: Meowstic|66/274\n|-damage|p2b: Ampharos|0 fnt\n|faint|p2b: Ampharos\n|-ability|p1b: Magearna|Soul-Heart|boost\n|-boost|p1b: Magearna|spa|1\n|\n|upkeep\n|inactive|Frasca95 has 120 seconds left.\n|\n|t:|1770898867\n|switch|p2b: Cryogonal|Cryogonal, L88, tera:Steel|256/284\n|turn|4\n|\n|t:|1770898876\n|move|p2a: Meowstic|Thunder Wave|p1a: Iron Hands|[miss]\n|-miss|p2a: Meowstic|p1a: Iron Hands\n|move|p2b: Cryogonal|Flash Cannon|p1b: Magearna\n|-damage|p1b: Magearna|95/231 par\n|move|p1a: Iron Hands|Drain Punch|p2b: Cryogonal\n|-supereffective|p2b: Cryogonal\n|-damage|p2b: Cryogonal|0 fnt\n|faint|p2b: Cryogonal\n|-ability|p1b: Magearna|Soul-Heart|boost\n|-boost|p1b: Magearna|spa|1\n|move|p1b: Magearna|Dazzling Gleam|p2a: Meowstic\n|-damage|p2a: Meowstic|0 fnt\n|faint|p2a: Meowstic\n|-ability|p1b: Magearna|Soul-Heart|boost\n|-boost|p1b: Magearna|spa|1\n|\n|upkeep\n|\n|t:|1770898890\n|switch|p2b: Lokix|Lokix, L88, M|268/268\n|switch|p2a: Iron Valiant|Iron Valiant, L79|247/247\n|turn|5\n|inactive|Frasca95 has 120 seconds left.\n|\n|t:|1770898921\n|move|p2a: Iron Valiant|Protect|p2a: Iron Valiant\n|-singleturn|p2a: Iron Valiant|Protect\n|move|p2b: Lokix|Knock Off|p1a: Iron Hands\n|-damage|p1a: Iron Hands|216/364\n|-enditem|p1a: Iron Hands|Leftovers|[from] move: Knock Off|[of] p2b: Lokix\n|-damage|p2b: Lokix|242/268|[from] item: Life Orb\n|move|p1a: Iron Hands|Drain Punch|p2b: Lokix\n|-damage|p2b: Lokix|114/268\n|-heal|p1a: Iron Hands|280/364|[from] drain|[of] p2b: Lokix\n|move|p1b: Magearna|Dazzling Gleam|p2a: Iron Valiant|[spread] p2b\n|-activate|p2a: Iron Valiant|move: Protect\n|-supereffective|p2b: Lokix\n|-damage|p2b: Lokix|0 fnt\n|faint|p2b: Lokix\n|-ability|p1b: Magearna|Soul-Heart|boost\n|-boost|p1b: Magearna|spa|1\n|\n|upkeep\n|inactive|Frasca95 has 120 seconds left.\n|\n|t:|1770898929\n|switch|p2b: Sylveon|Sylveon, L79, F|280/280\n|turn|6\n|\n|t:|1770898942\n|move|p2a: Iron Valiant|Close Combat|p1a: Iron Hands\n|-damage|p1a: Iron Hands|115/364\n|-unboost|p2a: Iron Valiant|def|1\n|-unboost|p2a: Iron Valiant|spd|1\n|-damage|p2a: Iron Valiant|223/247|[from] item: Life Orb\n|move|p2b: Sylveon|Hyper Voice|p1b: Magearna|[spread] p1a,p1b\n|-resisted|p1a: Iron Hands\n|-resisted|p1b: Magearna\n|-damage|p1a: Iron Hands|65/364\n|-damage|p1b: Magearna|67/231 par\n|move|p1a: Iron Hands|Thunder Punch|p2b: Sylveon\n|-damage|p2b: Sylveon|129/280\n|move|p1b: Magearna|Dazzling Gleam|p2a: Iron Valiant|[spread] p2a,p2b\n|-supereffective|p2a: Iron Valiant\n|-damage|p2a: Iron Valiant|0 fnt\n|-damage|p2b: Sylveon|0 fnt\n|faint|p2a: Iron Valiant\n|-ability|p1b: Magearna|Soul-Heart|boost\n|-boost|p1b: Magearna|spa|1\n|-end|p2a: Iron Valiant|Quark Drive|[silent]\n|faint|p2b: Sylveon\n|\n|win|LazzarinoCominazzo\n|raw|LazzarinoCominazzo's rating: 1628 &rarr; <strong>1643</strong><br />(+15 for winning)\n|raw|Frasca95's rating: 1546 &rarr; <strong>1531</strong><br />(-15 for losing)\n", "inputlog": ">version ccdc32dd7cde25fd9e4bed64820e885f66e78a4e\n>start {\"formatid\":\"gen9randomdoublesbattle\",\"seed\":\"sodium,215f60b6274fed501535797ae9ccbe30\",\"rated\":\"Rated battle\"}\n>player p1 {\"name\":\"LazzarinoCominazzo\",\"avatar\":\"102\",\"rating\":1628,\"seed\":\"sodium,f4fb30d0dea36a5a42b9eacf1478a12c\"}\n>player p2 {\"name\":\"Frasca95\",\"avatar\":\"2\",\"rating\":1546,\"seed\":\"sodium,b1345aa1bc6a3e1eec7846983fadf5e7\"}\n>p1 move headsmash +2, move dazzlinggleam\n>p2 move flashcannon +1 terastallize, move thunderbolt +1\n>p1 switch 3, pass\n>p1 move swordsdance, move dazzlinggleam\n>p2 switch 5, move thunderwave +2\n>p1 move thunderpunch +1 terastallize, move dazzlinggleam\n>p2 move reflect, move dragontail +1\n>p2 pass, switch 5\n>p1 move drainpunch +2, move dazzlinggleam\n>p2 move thunderwave +1, move flashcannon +2\n>p2 switch 3, switch 4\n>p1 move drainpunch +2, move dazzlinggleam\n>p2 move protect, move knockoff +1\n>p2 pass, switch 6\n>p1 move thunderpunch +2, move dazzlinggleam\n>p2 move closecombat +1, move hypervoice", "uploadtime": 1770898962, "views": 100, "formatid": "gen9randomdoublesbattle", "rating": 1531, "private": 0, "password": null}