{"id": "gen9randomdoublesbattle-2537220967", "format": "[Gen 9] Random Doubles Battle", "players": ["pejelegante", "derdy78"], "log": "|j|☆pejelegante\n|j|☆derdy78\n|t:|1770780719\n|gametype|doubles\n|player|p1|pejelegante|hugh|1840\n|player|p2|derdy78|266|1735\n|gen|9\n|tier|[Gen 9] Random Doubles Battle\n|rated|\n|rule|Species Clause: Limit one of each Pokémon\n|rule|HP Percentage Mod: HP is shown in percentages\n|rule|Illusion Level Mod: Illusion disguises the Pokémon's true level\n|rule|Sleep Clause Mod: Limit one foe put to sleep\n|\n|t:|1770780719\n|teamsize|p1|6\n|teamsize|p2|6\n|start\n|switch|p1a: Gogoat|Gogoat, L90, M|368/368\n|switch|p1b: Gastrodon|Gastrodon-East, L82, F|316/316\n|switch|p2a: Deoxys|Deoxys, L79|209/209\n|switch|p2b: Clefable|Clefable, L87, M|307/307\n|-ability|p2a: Deoxys|Pressure\n|turn|1\n|inactive|Battle timer is ON: inactive players will automatically lose when time's up. (requested by pejelegante)\n|\n|t:|1770780745\n|switch|p2a: Mightyena|Mightyena, L95, F|287/287\n|-ability|p2a: Mightyena|Intimidate|boost\n|-unboost|p1a: Gogoat|atk|1\n|-unboost|p1b: Gastrodon|atk|1\n|move|p1a: Gogoat|Horn Leech|p2a: Mightyena\n|-crit|p2a: Mightyena\n|-damage|p2a: Mightyena|149/287\n|move|p2b: Clefable|Knock Off|p1b: Gastrodon\n|-damage|p1b: Gastrodon|232/316\n|-enditem|p1b: Gastrodon|Leftovers|[from] move: Knock Off|[of] p2b: Clefable\n|move|p1b: Gastrodon|Muddy Water|p2a: Mightyena|[spread] p2a,p2b\n|-crit|p2b: Clefable\n|-damage|p2a: Mightyena|71/287\n|-damage|p2b: Clefable|222/307\n|\n|upkeep\n|turn|2\n|\n|t:|1770780765\n|move|p2a: Mightyena|Play Rough|p1b: Gastrodon|[miss]\n|-miss|p2a: Mightyena|p1b: Gastrodon\n|move|p1a: Gogoat|Leaf Storm|p2b: Clefable\n|-damage|p2b: Clefable|74/307\n|-unboost|p1a: Gogoat|spa|2\n|move|p2b: Clefable|Moonblast|p1b: Gastrodon\n|-damage|p1b: Gastrodon|96/316\n|move|p1b: Gastrodon|Muddy Water|p2b: Clefable|[spread] p2a,p2b\n|-damage|p2a: Mightyena|1/287\n|-damage|p2b: Clefable|8/307\n|\n|upkeep\n|turn|3\n|\n|t:|1770780781\n|move|p2a: Mightyena|Play Rough|p1b: Gastrodon\n|-damage|p1b: Gastrodon|0 fnt\n|faint|p1b: Gastrodon\n|-damage|p2a: Mightyena|0 fnt|[from] item: Life Orb\n|faint|p2a: Mightyena\n|move|p1a: Gogoat|Horn Leech|p2b: Clefable\n|-damage|p2b: Clefable|0 fnt\n|faint|p2b: Clefable\n|\n|upkeep\n|inactive|derdy78 has 120 seconds left.\n|\n|t:|1770780817\n|switch|p2a: Hydreigon|Hydreigon, L82, M|285/285\n|switch|p2b: Spectrier|Spectrier, L77|281/281\n|switch|p1b: Hypno|Hypno, L95, M|315/315\n|turn|4\n|inactive|derdy78 has 120 seconds left.\n|\n|t:|1770780843\n|switch|p1a: Chesnaught|Chesnaught, L86, F|292/292\n|-terastallize|p1b: Hypno|Dark\n|move|p2b: Spectrier|Nasty Plot|p2b: Spectrier\n|-boost|p2b: Spectrier|spa|2\n|move|p2a: Hydreigon|Heat Wave|p1b: Hypno|[spread] p1a,p1b\n|-supereffective|p1a: Chesnaught\n|-damage|p1a: Chesnaught|113/292\n|-damage|p1b: Hypno|257/315\n|-damage|p2a: Hydreigon|257/285|[from] item: Life Orb\n|move|p1b: Hypno|Poison Gas|p2b: Spectrier|[spread] p2a,p2b\n|-status|p2a: Hydreigon|psn\n|-status|p2b: Spectrier|psn\n|\n|-heal|p1a: Chesnaught|131/292|[from] item: Leftovers\n|-damage|p2b: Spectrier|246/281 psn|[from] psn\n|-damage|p2a: Hydreigon|222/285 psn|[from] psn\n|upkeep\n|turn|5\n|\n|t:|1770780861\n|move|p2b: Spectrier|Draining Kiss|p1b: Hypno\n|-supereffective|p1b: Hypno\n|-crit|p1b: Hypno\n|-damage|p1b: Hypno|7/315\n|-heal|p2b: Spectrier|281/281 psn|[from] drain|[of] p1b: Hypno\n|-enditem|p1b: Hypno|Sitrus Berry|[eat]\n|-heal|p1b: Hypno|85/315|[from] item: Sitrus Berry\n|-damage|p2b: Spectrier|253/281 psn|[from] item: Life Orb\n|move|p2a: Hydreigon|Heat Wave|p1a: Chesnaught|[spread] p1a\n|-miss|p2a: Hydreigon|p1b: Hypno\n|-supereffective|p1a: Chesnaught\n|-damage|p1a: Chesnaught|0 fnt\n|faint|p1a: Chesnaught\n|-damage|p2a: Hydreigon|194/285 psn|[from] item: Life Orb\n|move|p1b: Hypno|Knock Off|p2b: Spectrier\n|-supereffective|p2b: Spectrier\n|-damage|p2b: Spectrier|0 fnt\n|-enditem|p2b: Spectrier|Life Orb|[from] move: Knock Off|[of] p1b: Hypno\n|faint|p2b: Spectrier\n|\n|-damage|p2a: Hydreigon|159/285 psn|[from] psn\n|upkeep\n|\n|t:|1770780879\n|switch|p2b: Palkia|Palkia, L74|255/255\n|switch|p1a: Staraptor|Staraptor, L82, F|274/274\n|-ability|p1a: Staraptor|Intimidate|boost\n|-unboost|p2a: Hydreigon|atk|1\n|-unboost|p2b: Palkia|atk|1\n|turn|6\n|\n|t:|1770780897\n|move|p1a: Staraptor|Protect|p1a: Staraptor\n|-singleturn|p1a: Staraptor|Protect\n|move|p2a: Hydreigon|Heat Wave|p1b: Hypno|[spread] \n|-activate|p1a: Staraptor|move: Protect\n|-miss|p2a: Hydreigon|p1b: Hypno\n|move|p2b: Palkia|Spacial Rend|p1b: Hypno\n|-damage|p1b: Hypno|0 fnt\n|faint|p1b: Hypno\n|\n|-damage|p2a: Hydreigon|124/285 psn|[from] psn\n|upkeep\n|\n|t:|1770780908\n|switch|p1b: Moltres|Moltres, L79|272/272\n|turn|7\n|\n|t:|1770780921\n|move|p1a: Staraptor|Brave Bird|p2a: Hydreigon\n|-damage|p2a: Hydreigon|0 fnt\n|faint|p2a: Hydreigon\n|-damage|p1a: Staraptor|233/274|[from] Recoil\n|-damage|p1a: Staraptor|206/274|[from] item: Life Orb\n|move|p2b: Palkia|Spacial Rend|p1a: Staraptor\n|-damage|p1a: Staraptor|0 fnt\n|faint|p1a: Staraptor\n|move|p1b: Moltres|Tailwind|p1b: Moltres\n|-sidestart|p1: pejelegante|move: Tailwind\n|\n|upkeep\n|\n|t:|1770780932\n|switch|p1a: Gogoat|Gogoat, L90, M|368/368\n|switch|p2a: Deoxys|Deoxys, L79|209/209\n|-ability|p2a: Deoxys|Pressure\n|turn|8\n|\n|t:|1770780948\n|move|p2a: Deoxys|Protect|p2a: Deoxys\n|-singleturn|p2a: Deoxys|Protect\n|move|p1b: Moltres|Heat Wave|p2a: Deoxys|[spread] p2b\n|-activate|p2a: Deoxys|move: Protect\n|-resisted|p2b: Palkia\n|-damage|p2b: Palkia|237/255\n|move|p1a: Gogoat|Horn Leech|p2b: Palkia\n|-damage|p2b: Palkia|137/255\n|move|p2b: Palkia|Spacial Rend|p1a: Gogoat\n|-damage|p1a: Gogoat|245/368\n|\n|upkeep\n|turn|9\n|\n|t:|1770780969\n|-terastallize|p2a: Deoxys|Stellar\n|move|p1b: Moltres|Heat Wave|p2a: Deoxys|[spread] p2a,p2b\n|-crit|p2a: Deoxys\n|-resisted|p2b: Palkia\n|-damage|p2a: Deoxys|22/209\n|-damage|p2b: Palkia|121/255\n|move|p1a: Gogoat|Horn Leech|p2a: Deoxys\n|-damage|p2a: Deoxys|0 fnt\n|-heal|p1a: Gogoat|256/368|[from] drain|[of] p2a: Deoxys\n|faint|p2a: Deoxys\n|move|p2b: Palkia|Spacial Rend|p1a: Gogoat\n|-damage|p1a: Gogoat|144/368\n|\n|upkeep\n|turn|10\n|c|☆pejelegante|Gg\n|\n|t:|1770780989\n|move|p1b: Moltres|Brave Bird|p2b: Palkia\n|-damage|p2b: Palkia|0 fnt\n|faint|p2b: Palkia\n|-damage|p1b: Moltres|232/272|[from] Recoil\n|\n|win|pejelegante\n|raw|pejelegante's rating: 1840 &rarr; <strong>1854</strong><br />(+14 for winning)\n|raw|derdy78's rating: 1735 &rarr; <strong>1721</strong><br />(-14 for losing)\n|l|☆derdy78\n|player|p2|\n", "inputlog": ">version ccdc32dd7cde25fd9e4bed64820e885f66e78a4e\n>start {\"formatid\":\"gen9randomdoublesbattle\",\"seed\":\"sodium,05b1f751388ab7c8cd97e8d33c1b043f\",\"rated\":\"Rated battle\"}\n>player p1 {\"name\":\"pejelegante\",\"avatar\":\"hugh\",\"rating\":1840,\"seed\":\"sodium,3f2b7f5cfe4fead7f2c4c865d2ad3b0c\"}\n>player p2 {\"name\":\"derdy78\",\"avatar\":\"266\",\"rating\":1735,\"seed\":\"sodium,152b19b80661867189bc9b73a1495352\"}\n>p1 move hornleech +1, move muddywater\n>p2 switch 3, move knockoff +2\n>p1 move leafstorm +2, move muddywater\n>p2 move playrough +2, move moonblast +2\n>p1 move hornleech +1, move recover\n>p2 move playrough +2, move thunderwave +1\n>p1 pass, switch 6\n>p2 switch 5, switch 6\n>p1 switch 5, move poisongas terastallize\n>p2 move heatwave, move nastyplot\n>p1 move leechseed +1, move knockoff +2\n>p2 move heatwave, move drainingkiss +2\n>p1 switch 3, pass\n>p2 pass, switch 4\n>p1 move protect, move lowsweep +2\n>p2 move heatwave, move spacialrend +2\n>p1 pass, switch 4\n>p1 move bravebird +1, move tailwind\n>p2 move darkpulse +2, move spacialrend +1\n>p1 switch 5, pass\n>p2 switch 3, pass\n>p1 move hornleech +2, move heatwave\n>p2 move protect, move spacialrend +1\n>p1 move hornleech +1, move heatwave\n>p2 move knockoff +1 terastallize, move spacialrend +1\n>chat ☆pejelegante|Gg\n>p1 move hornleech +2, move bravebird +2\n>p2 pass, move spacialrend +1", "uploadtime": 1770780992, "views": 68, "formatid": "gen9randomdoublesbattle", "rating": 1721, "private": 0, "password": null}