{"id": "gen9randomdoublesbattle-2535126757", "format": "[Gen 9] Random Doubles Battle", "players": ["ferretxninja", "pinxui"], "log": "|j|☆ferretxninja\n|j|☆pinxui\n|t:|1770517267\n|gametype|doubles\n|player|p1|ferretxninja|bugcatcher-gen4dp|1770\n|player|p2|pinxui|rood|1893\n|gen|9\n|tier|[Gen 9] Random Doubles Battle\n|rated|\n|rule|Species Clause: Limit one of each Pokémon\n|rule|HP Percentage Mod: HP is shown in percentages\n|rule|Illusion Level Mod: Illusion disguises the Pokémon's true level\n|rule|Sleep Clause Mod: Limit one foe put to sleep\n|\n|t:|1770517267\n|teamsize|p1|6\n|teamsize|p2|6\n|start\n|switch|p1a: Mamoswine|Mamoswine, L82, M|315/315\n|switch|p1b: Bruxish|Bruxish, L86, F|257/257\n|switch|p2a: Dialga|Dialga, L74|270/270\n|switch|p2b: Regidrago|Regidrago, L74|418/418\n|turn|1\n|\n|t:|1770517312\n|move|p2b: Regidrago|Dragon Energy|p1b: Bruxish|[spread] p1a,p1b\n|-damage|p1a: Mamoswine|119/315\n|-damage|p1b: Bruxish|98/257\n|move|p1b: Bruxish|Crunch|p2a: Dialga\n|-damage|p2a: Dialga|165/270\n|-damage|p1b: Bruxish|73/257|[from] item: Life Orb\n|move|p1a: Mamoswine|High Horsepower|p2a: Dialga\n|-supereffective|p2a: Dialga\n|-damage|p2a: Dialga|0 fnt\n|faint|p2a: Dialga\n|-damage|p1a: Mamoswine|88/315|[from] item: Life Orb\n|\n|upkeep\n|\n|t:|1770517329\n|switch|p2a: Deoxys|Deoxys, L79|209/209\n|-ability|p2a: Deoxys|Pressure\n|turn|2\n|\n|t:|1770517346\n|switch|p2b: Entei|Entei, L77|304/304\n|move|p1b: Bruxish|Protect|p1b: Bruxish\n|-singleturn|p1b: Bruxish|Protect\n|move|p1a: Mamoswine|Protect|p1a: Mamoswine\n|-singleturn|p1a: Mamoswine|Protect\n|move|p2a: Deoxys|Knock Off|p1b: Bruxish\n|-activate|p1b: Bruxish|move: Protect\n|\n|upkeep\n|turn|3\n|\n|t:|1770517405\n|move|p1a: Mamoswine|Ice Shard|p2a: Deoxys\n|-damage|p2a: Deoxys|110/209\n|-damage|p1a: Mamoswine|57/315|[from] item: Life Orb\n|move|p2a: Deoxys|Knock Off|p1b: Bruxish\n|-supereffective|p1b: Bruxish\n|-damage|p1b: Bruxish|0 fnt\n|-enditem|p1b: Bruxish|Life Orb|[from] move: Knock Off|[of] p2a: Deoxys\n|faint|p1b: Bruxish\n|-damage|p2a: Deoxys|90/209|[from] item: Life Orb\n|move|p2b: Entei|Sacred Fire|p1a: Mamoswine\n|-supereffective|p1a: Mamoswine\n|-damage|p1a: Mamoswine|0 fnt\n|faint|p1a: Mamoswine\n|\n|upkeep\n|\n|t:|1770517430\n|switch|p1b: Braviary|Braviary, L82, M|298/298\n|switch|p1a: Eelektross|Eelektross, L86, F|286/286\n|turn|4\n|inactive|Battle timer is ON: inactive players will automatically lose when time's up. (requested by ferretxninja)\n|\n|t:|1770517490\n|move|p2a: Deoxys|Protect|p2a: Deoxys\n|-singleturn|p2a: Deoxys|Protect\n|move|p2b: Entei|Sacred Fire|p1a: Eelektross\n|-damage|p1a: Eelektross|135/286\n|move|p1b: Braviary|Tailwind|p1b: Braviary\n|-sidestart|p1: ferretxninja|move: Tailwind\n|move|p1a: Eelektross|Thunderbolt|p2b: Entei\n|-damage|p2b: Entei|169/304\n|\n|upkeep\n|turn|5\n|\n|t:|1770517513\n|switch|p2a: Flareon|Flareon, L90, F|263/263\n|move|p1b: Braviary|Brave Bird|p2a: Flareon\n|-crit|p2a: Flareon\n|-damage|p2a: Flareon|0 fnt\n|faint|p2a: Flareon\n|-damage|p1b: Braviary|211/298|[from] Recoil\n|-damage|p1b: Braviary|182/298|[from] item: Life Orb\n|move|p1a: Eelektross|Knock Off|p2b: Entei\n|-damage|p2b: Entei|83/304\n|-enditem|p2b: Entei|Choice Band|[from] move: Knock Off|[of] p1a: Eelektross\n|move|p2b: Entei|Sacred Fire|p1a: Eelektross\n|-damage|p1a: Eelektross|26/286\n|\n|upkeep\n|inactive|pinxui has 120 seconds left.\n|c|☆ferretxninja|why are all your pokemon so scary\n|inactive|pinxui has 90 seconds left.\n|\n|t:|1770517573\n|switch|p2a: Crabominable|Crabominable, L89, F|317/317\n|turn|6\n|\n|t:|1770517589\n|-terastallize|p2a: Crabominable|Fire\n|move|p2b: Entei|Extreme Speed|p1a: Eelektross\n|-damage|p1a: Eelektross|0 fnt\n|faint|p1a: Eelektross\n|move|p1b: Braviary|Brave Bird|p2a: Crabominable\n|-damage|p2a: Crabominable|121/317\n|-damage|p1b: Braviary|117/298|[from] Recoil\n|-damage|p1b: Braviary|88/298|[from] item: Life Orb\n|move|p2a: Crabominable|Drain Punch|p1b: Braviary\n|-damage|p1b: Braviary|0 fnt\n|-heal|p2a: Crabominable|165/317|[from] drain|[of] p1b: Braviary\n|faint|p1b: Braviary\n|-damage|p2a: Crabominable|134/317|[from] item: Life Orb\n|\n|upkeep\n|\n|t:|1770517595\n|switch|p1b: Ursaluna|Ursaluna-Bloodmoon, L78, M|304/304\n|switch|p1a: Darkrai|Darkrai, L80|243/243\n|turn|7\n|inactive|pinxui has 120 seconds left.\n|\n|t:|1770517619\n|-terastallize|p1b: Ursaluna|Normal\n|move|p2a: Crabominable|Protect|p2a: Crabominable\n|-singleturn|p2a: Crabominable|Protect\n|move|p2b: Entei|Extreme Speed|p1a: Darkrai\n|-damage|p1a: Darkrai|183/243\n|move|p1a: Darkrai|Substitute|p1a: Darkrai\n|-start|p1a: Darkrai|Substitute\n|-damage|p1a: Darkrai|123/243\n|move|p1b: Ursaluna|Hyper Voice|p2a: Crabominable|[spread] p2b\n|-activate|p2a: Crabominable|move: Protect\n|-damage|p2b: Entei|0 fnt\n|faint|p2b: Entei\n|\n|-sideend|p1: ferretxninja|move: Tailwind\n|upkeep\n|\n|t:|1770517636\n|switch|p2b: Regidrago|Regidrago, L74|418/418\n|turn|8\n|inactive|pinxui has 120 seconds left.\n|\n|t:|1770517646\n|move|p1a: Darkrai|Dark Pulse|p2b: Regidrago\n|-damage|p2b: Regidrago|179/418\n|-damage|p1a: Darkrai|99/243|[from] item: Life Orb\n|move|p2b: Regidrago|Dragon Energy|p1b: Ursaluna|[spread] p1a,p1b\n|-end|p1a: Darkrai|Substitute\n|-damage|p1b: Ursaluna|247/304\n|move|p2a: Crabominable|Drain Punch|p1a: Darkrai\n|-supereffective|p1a: Darkrai\n|-damage|p1a: Darkrai|0 fnt\n|-heal|p2a: Crabominable|184/317|[from] drain|[of] p1a: Darkrai\n|faint|p1a: Darkrai\n|-damage|p2a: Crabominable|153/317|[from] item: Life Orb\n|move|p1b: Ursaluna|Hyper Voice|p2b: Regidrago|[spread] p2a,p2b\n|-damage|p2a: Crabominable|35/317\n|-damage|p2b: Regidrago|0 fnt\n|faint|p2b: Regidrago\n|\n|upkeep\n|\n|t:|1770517650\n|switch|p2b: Deoxys|Deoxys, L79|90/209\n|-ability|p2b: Deoxys|Pressure\n|turn|9\n|c|☆ferretxninja|gg\n|\n|t:|1770517679\n|move|p1b: Ursaluna|Vacuum Wave|p2a: Crabominable\n|-damage|p2a: Crabominable|0 fnt\n|faint|p2a: Crabominable\n|move|p2b: Deoxys|Psycho Boost|p1b: Ursaluna|[miss]\n|-miss|p2b: Deoxys|p1b: Ursaluna\n|\n|upkeep\n|turn|10\n|c|☆ferretxninja|???\n|c|☆ferretxninja|i live?\n|c|☆pinxui|Gg\n|c|☆ferretxninja|gg\n|\n|t:|1770517698\n|move|p2b: Deoxys|Superpower|p1b: Ursaluna\n|-supereffective|p1b: Ursaluna\n|-damage|p1b: Ursaluna|8/304\n|-unboost|p2b: Deoxys|atk|1\n|-unboost|p2b: Deoxys|def|1\n|-damage|p2b: Deoxys|70/209|[from] item: Life Orb\n|move|p1b: Ursaluna|Blood Moon|p2b: Deoxys\n|-damage|p2b: Deoxys|0 fnt\n|faint|p2b: Deoxys\n|\n|win|ferretxninja\n|raw|ferretxninja's rating: 1770 &rarr; <strong>1798</strong><br />(+28 for winning)\n|raw|pinxui's rating: 1909 &rarr; <strong>1881</strong><br />(-28 for losing)\n|l|☆pinxui\n|player|p2|\n", "inputlog": ">version ccdc32dd7cde25fd9e4bed64820e885f66e78a4e\n>start {\"formatid\":\"gen9randomdoublesbattle\",\"seed\":\"sodium,f8bd081e1ec4e4626229573312cd0500\",\"rated\":\"Rated battle\"}\n>player p1 {\"name\":\"ferretxninja\",\"avatar\":\"bugcatcher-gen4dp\",\"rating\":1770,\"seed\":\"sodium,78f17a77398c27060159f6d2b087840e\"}\n>player p2 {\"name\":\"pinxui\",\"avatar\":\"rood\",\"rating\":1893,\"seed\":\"sodium,d473155cabd4e311ea67e8da0f1854a7\"}\n>p1 move highhorsepower +1, move crunch +1\n>p2 move heavyslam +1, move dragonenergy\n>p2 switch 4, pass\n>p1 move protect, move protect\n>p2 move knockoff +2, switch 3\n>p1 move iceshard +1, move wavecrash +2\n>p2 move knockoff +2, move sacredfire +1\n>p1 switch 5, switch 6\n>p1 move thunderbolt +2, move tailwind\n>p2 move protect, move sacredfire +1\n>p1 move knockoff +2, move bravebird +1\n>p2 switch 6, move sacredfire +1\n>chat ☆ferretxninja|why are all your pokemon so scary\n>p2 switch 5, pass\n>p1 move thunderbolt +2, move bravebird +1\n>p2 move drainpunch +2 terastallize, move extremespeed +1\n>p1 switch 3, switch 4\n>p1 move substitute, move hypervoice terastallize\n>p2 move protect, move extremespeed +1\n>p2 pass, switch 3\n>p1 move darkpulse +2, move hypervoice\n>p2 move drainpunch +1, move dragonenergy\n>p2 pass, switch 6\n>chat ☆ferretxninja|gg\n>p1 pass, move vacuumwave +1\n>p2 move drainpunch +2, move psychoboost +2\n>chat ☆ferretxninja|???\n>chat ☆ferretxninja|i live?\n>chat ☆pinxui|Gg\n>chat ☆ferretxninja|gg\n>p1 pass, move bloodmoon +2\n>p2 pass, move superpower +2", "uploadtime": 1770517719, "views": 105, "formatid": "gen9randomdoublesbattle", "rating": 1798, "private": 0, "password": null}