{"id": "gen9randomdoublesbattle-2536170168", "format": "[Gen 9] Random Doubles Battle", "players": ["killerjolteon", "Circadian_Th"], "log": "|j|☆killerjolteon\n|j|☆Circadian_Th\n|t:|1770660628\n|gametype|doubles\n|player|p1|killerjolteon|1|1715\n|player|p2|Circadian_Th|169|1792\n|gen|9\n|tier|[Gen 9] Random Doubles Battle\n|rated|\n|rule|Species Clause: Limit one of each Pokémon\n|rule|HP Percentage Mod: HP is shown in percentages\n|rule|Illusion Level Mod: Illusion disguises the Pokémon's true level\n|rule|Sleep Clause Mod: Limit one foe put to sleep\n|\n|t:|1770660628\n|teamsize|p1|6\n|teamsize|p2|6\n|start\n|switch|p1a: Eternatus|Eternatus, L70|312/312\n|switch|p1b: Clodsire|Clodsire, L87, M|368/368\n|switch|p2a: Veluza|Veluza, L88, F|302/302\n|switch|p2b: Krookodile|Krookodile, L80, M|283/283\n|-ability|p1a: Eternatus|Pressure\n|-ability|p2b: Krookodile|Intimidate|boost\n|-unboost|p1a: Eternatus|atk|1\n|-unboost|p1b: Clodsire|atk|1\n|turn|1\n|\n|t:|1770660653\n|switch|p1a: Feraligatr|Feraligatr, L82, M|274/274\n|move|p2b: Krookodile|High Horsepower|p1a: Feraligatr\n|-damage|p1a: Feraligatr|132/274\n|-damage|p2b: Krookodile|255/283|[from] item: Life Orb\n|move|p2a: Veluza|Psycho Cut|p1a: Feraligatr\n|-damage|p1a: Feraligatr|0 fnt\n|faint|p1a: Feraligatr\n|move|p1b: Clodsire|Toxic Spikes|p2b: Krookodile\n|-sidestart|p2: Circadian_Th|move: Toxic Spikes\n|\n|upkeep\n|\n|t:|1770660669\n|switch|p1a: Indeedee|Indeedee, L79, M|224/224\n|-fieldstart|move: Psychic Terrain|[from] ability: Psychic Surge|[of] p1a: Indeedee\n|turn|2\n|\n|t:|1770660706\n|-terastallize|p1a: Indeedee|Fighting\n|move|p1a: Indeedee|Tera Blast|p2b: Krookodile|[anim] Tera Blast Fighting\n|-supereffective|p2b: Krookodile\n|-damage|p2b: Krookodile|0 fnt\n|faint|p2b: Krookodile\n|-damage|p1a: Indeedee|202/224|[from] item: Life Orb\n|move|p2a: Veluza|Psycho Cut|p1a: Indeedee\n|-supereffective|p1a: Indeedee\n|-damage|p1a: Indeedee|0 fnt\n|faint|p1a: Indeedee\n|move|p1b: Clodsire|Toxic Spikes|p2a: Veluza\n|-sidestart|p2: Circadian_Th|move: Toxic Spikes\n|\n|upkeep\n|\n|t:|1770660719\n|switch|p1a: Solgaleo|Solgaleo, L74|325/325\n|switch|p2b: Qwilfish|Qwilfish, L87, F|255/255\n|-sideend|p2: Circadian_Th|move: Toxic Spikes|[of] p2b: Qwilfish\n|-ability|p2b: Qwilfish|Intimidate|boost\n|-fail|p1a: Solgaleo|unboost|[from] ability: Full Metal Body|[of] p1a: Solgaleo\n|-unboost|p1b: Clodsire|atk|1\n|turn|3\n|\n|t:|1770660757\n|move|p2b: Qwilfish|Taunt|p1b: Clodsire\n|-start|p1b: Clodsire|move: Taunt\n|move|p1a: Solgaleo|Knock Off|p2a: Veluza\n|-supereffective|p2a: Veluza\n|-damage|p2a: Veluza|146/302\n|-enditem|p2a: Veluza|Choice Band|[from] move: Knock Off|[of] p1a: Solgaleo\n|move|p2a: Veluza|Psycho Cut|p1b: Clodsire\n|-supereffective|p1b: Clodsire\n|-damage|p1b: Clodsire|0 fnt\n|faint|p1b: Clodsire\n|\n|upkeep\n|\n|t:|1770660769\n|switch|p1b: Eternatus|Eternatus, L70|312/312\n|-ability|p1b: Eternatus|Pressure\n|turn|4\n|\n|t:|1770660785\n|switch|p2a: Conkeldurr|Conkeldurr, L81, F|303/303\n|move|p1b: Eternatus|Meteor Beam||[still]\n|-prepare|p1b: Eternatus|Meteor Beam\n|-boost|p1b: Eternatus|spa|1\n|-enditem|p1b: Eternatus|Power Herb\n|-anim|p1b: Eternatus|Meteor Beam|p2a: Conkeldurr\n|-resisted|p2a: Conkeldurr\n|-damage|p2a: Conkeldurr|246/303\n|move|p2b: Qwilfish|Taunt|p1b: Eternatus\n|-start|p1b: Eternatus|move: Taunt\n|move|p1a: Solgaleo|Psychic Fangs|p2b: Qwilfish\n|-supereffective|p2b: Qwilfish\n|-damage|p2b: Qwilfish|15/255\n|-enditem|p2b: Qwilfish|Sitrus Berry|[eat]\n|-heal|p2b: Qwilfish|78/255|[from] item: Sitrus Berry\n|\n|upkeep\n|turn|5\n|\n|t:|1770660832\n|-terastallize|p2a: Conkeldurr|Steel\n|move|p1b: Eternatus|Dynamax Cannon|p2a: Conkeldurr\n|-resisted|p2a: Conkeldurr\n|-damage|p2a: Conkeldurr|182/303\n|move|p2b: Qwilfish|Icy Wind|p1b: Eternatus|[spread] p1a,p1b\n|-resisted|p1a: Solgaleo\n|-supereffective|p1b: Eternatus\n|-damage|p1a: Solgaleo|318/325\n|-damage|p1b: Eternatus|268/312\n|-unboost|p1b: Eternatus|spe|1\n|move|p1a: Solgaleo|Psychic Fangs|p2b: Qwilfish\n|-supereffective|p2b: Qwilfish\n|-damage|p2b: Qwilfish|0 fnt\n|faint|p2b: Qwilfish\n|move|p2a: Conkeldurr|Knock Off|p1a: Solgaleo\n|-supereffective|p1a: Solgaleo\n|-damage|p1a: Solgaleo|150/325\n|-enditem|p1a: Solgaleo|Assault Vest|[from] move: Knock Off|[of] p2a: Conkeldurr\n|\n|upkeep\n|\n|t:|1770660855\n|switch|p2b: Terrakion|Terrakion, L78|270/270\n|turn|6\n|\n|t:|1770660888\n|move|p2b: Terrakion|Close Combat|p1a: Solgaleo\n|-damage|p1a: Solgaleo|0 fnt\n|-unboost|p2b: Terrakion|def|1\n|-unboost|p2b: Terrakion|spd|1\n|faint|p1a: Solgaleo\n|move|p1b: Eternatus|Dynamax Cannon|p2b: Terrakion\n|-damage|p2b: Terrakion|3/270\n|move|p2a: Conkeldurr|Ice Punch|p1b: Eternatus\n|-supereffective|p1b: Eternatus\n|-damage|p1b: Eternatus|90/312\n|\n|-fieldend|move: Psychic Terrain\n|upkeep\n|\n|t:|1770660895\n|switch|p1a: Keldeo|Keldeo-Resolute, L78|270/270\n|turn|7\n|\n|t:|1770660935\n|move|p1a: Keldeo|Muddy Water|p2a: Conkeldurr|[spread] p2b\n|-miss|p1a: Keldeo|p2a: Conkeldurr\n|-supereffective|p2b: Terrakion\n|-damage|p2b: Terrakion|0 fnt\n|faint|p2b: Terrakion\n|-damage|p1a: Keldeo|243/270|[from] item: Life Orb\n|move|p1b: Eternatus|Fire Blast|p2a: Conkeldurr\n|-supereffective|p2a: Conkeldurr\n|-damage|p2a: Conkeldurr|2/303\n|move|p2a: Conkeldurr|Ice Punch|p1b: Eternatus\n|-supereffective|p1b: Eternatus\n|-damage|p1b: Eternatus|0 fnt\n|faint|p1b: Eternatus\n|\n|upkeep\n|\n|t:|1770660948\n|switch|p2b: Clefairy|Clefairy, L98, F|296/296\n|turn|8\n|\n|t:|1770660964\n|move|p2a: Conkeldurr|Mach Punch|p1a: Keldeo\n|-damage|p1a: Keldeo|174/270\n|move|p1a: Keldeo|Muddy Water|p2b: Clefairy|[spread] p2a,p2b\n|-damage|p2a: Conkeldurr|0 fnt\n|-damage|p2b: Clefairy|228/296\n|-unboost|p2b: Clefairy|accuracy|1\n|faint|p2a: Conkeldurr\n|-damage|p1a: Keldeo|147/270|[from] item: Life Orb\n|move|p2b: Clefairy|Moonblast|p1a: Keldeo\n|-supereffective|p1a: Keldeo\n|-damage|p1a: Keldeo|0 fnt\n|faint|p1a: Keldeo\n|\n|win|Circadian_Th\n|raw|killerjolteon's rating: 1715 &rarr; <strong>1699</strong><br />(-16 for losing)\n|raw|Circadian_Th's rating: 1792 &rarr; <strong>1808</strong><br />(+16 for winning)\n|l|☆killerjolteon\n|player|p1|\n", "inputlog": ">version ccdc32dd7cde25fd9e4bed64820e885f66e78a4e\n>start {\"formatid\":\"gen9randomdoublesbattle\",\"seed\":\"sodium,da12cfac7fc0cfcae244f4c24508aa58\",\"rated\":\"Rated battle\"}\n>player p1 {\"name\":\"killerjolteon\",\"avatar\":\"1\",\"rating\":1715,\"seed\":\"sodium,5af107037aafd2d9e498421cf6940aec\"}\n>player p2 {\"name\":\"Circadian_Th\",\"avatar\":\"169\",\"rating\":1792,\"seed\":\"sodium,cd0a613ddef421b49b8f05f7d35f9480\"}\n>p1 switch 5, move toxicspikes\n>p2 move psychocut +1, move highhorsepower +1\n>p1 switch 6, pass\n>p1 move terablast +2 terastallize, move toxicspikes\n>p2 move psychocut +1, move highhorsepower +1\n>p1 switch 4, pass\n>p2 pass, switch 6\n>p1 move knockoff +1, move highhorsepower +2\n>p2 move psychocut +2, move taunt +2\n>p1 pass, switch 5\n>p1 move psychicfangs +2, move meteorbeam +1\n>p2 switch 5, move taunt +2\n>p1 move psychicfangs +2, move dynamaxcannon +1\n>p2 move knockoff +1 terastallize, move icywind\n>p2 pass, switch 3\n>p1 move psychicfangs +1, move dynamaxcannon +2\n>p2 move icepunch +2, move closecombat +1\n>p1 switch 3, pass\n>p1 move muddywater, move fireblast +1\n>p2 move icepunch +2, move closecombat +2\n>p2 pass, switch 4\n>p1 move muddywater, pass\n>p2 move machpunch +1, move moonblast +1", "uploadtime": 1770660979, "views": 68, "formatid": "gen9randomdoublesbattle", "rating": 1699, "private": 0, "password": null}