{"id": "gen9randomdoublesbattle-2535367944", "format": "[Gen 9] Random Doubles Battle", "players": ["Peterleko", "danibyron"], "log": "|j|☆Peterleko\n|j|☆danibyron\n|t:|1770559154\n|gametype|doubles\n|player|p1|Peterleko|101|1570\n|player|p2|danibyron|hilbert|1536\n|gen|9\n|tier|[Gen 9] Random Doubles Battle\n|rated|\n|rule|Species Clause: Limit one of each Pokémon\n|rule|HP Percentage Mod: HP is shown in percentages\n|rule|Illusion Level Mod: Illusion disguises the Pokémon's true level\n|rule|Sleep Clause Mod: Limit one foe put to sleep\n|\n|t:|1770559154\n|teamsize|p1|6\n|teamsize|p2|6\n|start\n|switch|p1a: Scizor|Scizor, L80, M|243/243\n|switch|p1b: Zekrom|Zekrom, L74|270/270\n|switch|p2a: Tauros|Tauros-Paldea-Aqua, L80, M|251/251\n|switch|p2b: Sunflora|Sunflora, F|312/312\n|-ability|p2a: Tauros|Intimidate|boost\n|-unboost|p1a: Scizor|atk|1\n|-fail|p1b: Zekrom|unboost|[from] item: Clear Amulet|[of] p1b: Zekrom\n|-ability|p1b: Zekrom|Teravolt\n|turn|1\n|\n|t:|1770559198\n|move|p2a: Tauros|Close Combat|p1b: Zekrom\n|-damage|p1b: Zekrom|149/270\n|-unboost|p2a: Tauros|def|1\n|-unboost|p2a: Tauros|spd|1\n|move|p1b: Zekrom|Bolt Strike|p2a: Tauros\n|-supereffective|p2a: Tauros\n|-damage|p2a: Tauros|0 fnt\n|faint|p2a: Tauros\n|move|p1a: Scizor|U-turn|p2b: Sunflora\n|-supereffective|p2b: Sunflora\n|-damage|p2b: Sunflora|112/312\n|\n|t:|1770559214\n|switch|p1a: Persian|Persian, L92, M|269/269|[from] U-turn\n|move|p2b: Sunflora|Dazzling Gleam|p1b: Zekrom|[spread] p1a,p1b\n|-supereffective|p1b: Zekrom\n|-damage|p1a: Persian|177/269\n|-damage|p1b: Zekrom|0 fnt\n|faint|p1b: Zekrom\n|-damage|p2b: Sunflora|81/312|[from] item: Life Orb\n|\n|upkeep\n|\n|t:|1770559235\n|switch|p2a: Vivillon|Vivillon-Sandstorm, L88, F|284/284\n|switch|p1b: Cloyster|Cloyster, L87, M|229/229\n|turn|2\n|\n|t:|1770559270\n|move|p2b: Sunflora|Protect|p2b: Sunflora\n|-singleturn|p2b: Sunflora|Protect\n|move|p1a: Persian|Fake Out|p2b: Sunflora\n|-activate|p2b: Sunflora|move: Protect\n|move|p2a: Vivillon|Sleep Powder|p1b: Cloyster\n|-status|p1b: Cloyster|slp|[from] move: Sleep Powder\n|cant|p1b: Cloyster|slp\n|\n|upkeep\n|turn|3\n|\n|t:|1770559309\n|move|p1a: Persian|Icy Wind|p2a: Vivillon|[spread] p2a,p2b\n|-supereffective|p2a: Vivillon\n|-supereffective|p2b: Sunflora\n|-damage|p2a: Vivillon|182/284\n|-damage|p2b: Sunflora|15/312\n|-unboost|p2a: Vivillon|spe|1\n|-unboost|p2b: Sunflora|spe|1\n|cant|p1b: Cloyster|slp\n|move|p2a: Vivillon|Pollen Puff|p1b: Cloyster\n|-damage|p1b: Cloyster|64/229 slp\n|move|p2b: Sunflora|Leaf Storm|p1b: Cloyster\n|-supereffective|p1b: Cloyster\n|-damage|p1b: Cloyster|0 fnt\n|-unboost|p2b: Sunflora|spa|2\n|faint|p1b: Cloyster\n|-damage|p2b: Sunflora|0 fnt|[from] item: Life Orb\n|faint|p2b: Sunflora\n|\n|upkeep\n|\n|t:|1770559352\n|switch|p1b: Chesnaught|Chesnaught, L86, M|292/292\n|switch|p2b: Dugtrio|Dugtrio-Alola, L89, M|207/207\n|turn|4\n|\n|t:|1770559378\n|move|p1b: Chesnaught|Spiky Shield|p1b: Chesnaught\n|-singleturn|p1b: Chesnaught|move: Protect\n|move|p1a: Persian|Icy Wind|p2b: Dugtrio|[spread] p2a,p2b\n|-supereffective|p2a: Vivillon\n|-damage|p2a: Vivillon|78/284\n|-damage|p2b: Dugtrio|164/207\n|-unboost|p2a: Vivillon|spe|1\n|-unboost|p2b: Dugtrio|spe|1\n|-enditem|p2a: Vivillon|Sitrus Berry|[eat]\n|-heal|p2a: Vivillon|149/284|[from] item: Sitrus Berry\n|move|p2b: Dugtrio|Iron Head|p1a: Persian\n|-damage|p1a: Persian|28/269\n|-damage|p2b: Dugtrio|144/207|[from] item: Life Orb\n|move|p2a: Vivillon|Hurricane|p1b: Chesnaught\n|-activate|p1b: Chesnaught|move: Protect\n|\n|upkeep\n|turn|5\n|\n|t:|1770559430\n|move|p2a: Vivillon|Protect|p2a: Vivillon\n|-singleturn|p2a: Vivillon|Protect\n|move|p1a: Persian|Double-Edge|p2a: Vivillon\n|-activate|p2a: Vivillon|move: Protect\n|move|p2b: Dugtrio|Stomping Tantrum|p1a: Persian\n|-damage|p1a: Persian|0 fnt\n|faint|p1a: Persian\n|-damage|p2b: Dugtrio|124/207|[from] item: Life Orb\n|move|p1b: Chesnaught|Iron Defense|p1b: Chesnaught\n|-boost|p1b: Chesnaught|def|2\n|\n|upkeep\n|\n|t:|1770559474\n|switch|p1a: Gallade|Gallade, L80, M|240/240\n|turn|6\n|\n|t:|1770559520\n|switch|p2a: Mesprit|Mesprit, L86|278/278\n|move|p1a: Gallade|Trick|p2a: Mesprit\n|-activate|p1a: Gallade|move: Trick|[of] p2a: Mesprit\n|-item|p2a: Mesprit|Choice Scarf|[from] move: Trick\n|-item|p1a: Gallade|Choice Scarf|[from] move: Trick\n|move|p2b: Dugtrio|Stomping Tantrum|p1a: Gallade\n|-damage|p1a: Gallade|96/240\n|-damage|p2b: Dugtrio|104/207|[from] item: Life Orb\n|move|p1b: Chesnaught|Body Press|p2b: Dugtrio\n|-supereffective|p2b: Dugtrio\n|-damage|p2b: Dugtrio|0 fnt\n|-ability|p2b: Dugtrio|Tangling Hair\n|-unboost|p1b: Chesnaught|spe|1\n|faint|p2b: Dugtrio\n|\n|upkeep\n|inactive|Battle timer is ON: inactive players will automatically lose when time's up. (requested by Peterleko)\n|\n|t:|1770559546\n|switch|p2b: Vivillon|Vivillon-Sandstorm, L88, F|149/284\n|turn|7\n|inactive|Peterleko has 120 seconds left.\n|\n|t:|1770559582\n|switch|p1a: Scizor|Scizor, L80, M|243/243\n|move|p1b: Chesnaught|Spiky Shield|p1b: Chesnaught\n|-singleturn|p1b: Chesnaught|move: Protect\n|move|p2a: Mesprit|Psychic|p1b: Chesnaught\n|-activate|p1b: Chesnaught|move: Protect\n|move|p2b: Vivillon|Sleep Powder|p1a: Scizor\n|-status|p1a: Scizor|slp|[from] move: Sleep Powder\n|\n|upkeep\n|turn|8\n|inactive|Peterleko has 120 seconds left.\n|\n|t:|1770559609\n|-terastallize|p1b: Chesnaught|Fire\n|move|p2a: Mesprit|Psychic|p1b: Chesnaught\n|-damage|p1b: Chesnaught|180/292\n|-unboost|p1b: Chesnaught|spd|1\n|move|p2b: Vivillon|Hurricane|p1a: Scizor\n|-damage|p1a: Scizor|105/243 slp\n|cant|p1a: Scizor|slp\n|move|p1b: Chesnaught|Leech Seed|p2a: Mesprit\n|-start|p2a: Mesprit|move: Leech Seed\n|\n|-heal|p1b: Chesnaught|198/292|[from] item: Leftovers\n|-damage|p2a: Mesprit|244/278|[from] Leech Seed|[of] p1b: Chesnaught\n|-heal|p1b: Chesnaught|232/292|[silent]\n|upkeep\n|turn|9\n|inactive|Peterleko has 120 seconds left.\n|\n|t:|1770559644\n|move|p2a: Mesprit|Psychic|p1b: Chesnaught\n|-damage|p1b: Chesnaught|64/292\n|move|p2b: Vivillon|Hurricane|p1a: Scizor\n|-damage|p1a: Scizor|0 fnt\n|faint|p1a: Scizor\n|move|p1b: Chesnaught|Leech Seed|p2b: Vivillon\n|-start|p2b: Vivillon|move: Leech Seed\n|\n|-heal|p1b: Chesnaught|82/292|[from] item: Leftovers\n|-damage|p2a: Mesprit|210/278|[from] Leech Seed|[of] p1b: Chesnaught\n|-heal|p1b: Chesnaught|116/292|[silent]\n|-damage|p2b: Vivillon|114/284|[from] Leech Seed|[of] p1b: Chesnaught\n|-heal|p1b: Chesnaught|151/292|[silent]\n|upkeep\n|\n|t:|1770559658\n|switch|p1a: Gallade|Gallade, L80, M|96/240\n|turn|10\n|inactive|Peterleko has 120 seconds left.\n|\n|t:|1770559668\n|move|p1b: Chesnaught|Spiky Shield|p1b: Chesnaught\n|-singleturn|p1b: Chesnaught|move: Protect\n|move|p2a: Mesprit|Psychic|p1a: Gallade\n|-damage|p1a: Gallade|9/240\n|move|p1a: Gallade|Night Slash|p2a: Mesprit\n|-supereffective|p2a: Mesprit\n|-damage|p2a: Mesprit|60/278\n|move|p2b: Vivillon|Pollen Puff|p1a: Gallade\n|-damage|p1a: Gallade|0 fnt\n|faint|p1a: Gallade\n|\n|-heal|p1b: Chesnaught|169/292|[from] item: Leftovers\n|-damage|p2a: Mesprit|26/278|[from] Leech Seed|[of] p1b: Chesnaught\n|-heal|p1b: Chesnaught|203/292|[silent]\n|-damage|p2b: Vivillon|79/284|[from] Leech Seed|[of] p1b: Chesnaught\n|-heal|p1b: Chesnaught|238/292|[silent]\n|upkeep\n|turn|11\n|\n|t:|1770559692\n|move|p1b: Chesnaught|Spiky Shield||[still]\n|-fail|p1b: Chesnaught\n|move|p2a: Mesprit|Psychic|p1b: Chesnaught\n|-damage|p1b: Chesnaught|70/292\n|move|p2b: Vivillon|Hurricane|p1b: Chesnaught\n|-damage|p1b: Chesnaught|0 fnt\n|faint|p1b: Chesnaught\n|\n|win|danibyron\n|raw|Peterleko's rating: 1570 &rarr; <strong>1548</strong><br />(-22 for losing)\n|raw|danibyron's rating: 1536 &rarr; <strong>1558</strong><br />(+22 for winning)\n|l|☆Peterleko\n|player|p1|\n", "inputlog": ">version ccdc32dd7cde25fd9e4bed64820e885f66e78a4e\n>start {\"formatid\":\"gen9randomdoublesbattle\",\"seed\":\"sodium,617f15cf1b397486f6cbefda7a78c40b\",\"rated\":\"Rated battle\"}\n>player p1 {\"name\":\"Peterleko\",\"avatar\":\"101\",\"rating\":1570,\"seed\":\"sodium,9ee816e0a56a0140a2d71e58666959a5\"}\n>player p2 {\"name\":\"danibyron\",\"avatar\":\"hilbert\",\"rating\":1536,\"seed\":\"sodium,1e026a5893c15ae1a76ade33a0009a7e\"}\n>p1 move uturn +2, move boltstrike +1\n>p2 move closecombat +2, move dazzlinggleam\n>p1 switch 6, pass\n>p1 pass, switch 4\n>p2 switch 5, pass\n>p1 move fakeout +2, move shellsmash\n>p2 move sleeppowder +2, move protect\n>p1 move icywind, move iciclespear +1\n>p2 move pollenpuff +2, move leafstorm +2\n>p1 pass, switch 3\n>p2 pass, switch 3\n>p1 move icywind, move spikyshield\n>p2 move hurricane +2, move ironhead +1\n>p1 move doubleedge +1, move irondefense\n>p2 move protect, move stompingtantrum +1\n>p1 switch 5, pass\n>p1 move trick +1, move bodypress +2\n>p2 switch 4, move stompingtantrum +1\n>p2 pass, switch 4\n>p1 switch 6, move spikyshield\n>p2 move psychic +2, move sleeppowder +1\n>p1 move bugbite +1, move leechseed +1 terastallize\n>p2 move psychic +2, move hurricane +1\n>p1 move bugbite +1, move leechseed +2\n>p2 move psychic +2, move hurricane +1\n>p1 switch 6, pass\n>p1 move nightslash +1, move spikyshield\n>p2 move psychic +1, move pollenpuff +1\n>p1 pass, move spikyshield\n>p2 move psychic +2, move hurricane +2", "uploadtime": 1770559725, "views": 97, "formatid": "gen9randomdoublesbattle", "rating": 1548, "private": 0, "password": null}