{"id": "gen9randomdoublesbattle-2539213534", "format": "[Gen 9] Random Doubles Battle", "players": ["hanktv", "lucero vuelve"], "log": "|j|☆hanktv\n|j|☆lucero vuelve\n|t:|1771023832\n|gametype|doubles\n|player|p1|hanktv|li|1770\n|player|p2|lucero vuelve|lass-gen4dp|1767\n|gen|9\n|tier|[Gen 9] Random Doubles Battle\n|rated|\n|rule|Species Clause: Limit one of each Pokémon\n|rule|HP Percentage Mod: HP is shown in percentages\n|rule|Illusion Level Mod: Illusion disguises the Pokémon's true level\n|rule|Sleep Clause Mod: Limit one foe put to sleep\n|\n|t:|1771023832\n|teamsize|p1|6\n|teamsize|p2|6\n|start\n|switch|p1a: Ditto|Ditto, L97|250/250\n|switch|p1b: Sableye|Sableye, L92, M|241/241\n|switch|p2a: Vileplume|Vileplume, L89, F|278/278\n|switch|p2b: Carbink|Carbink, L88|231/231\n|-transform|p1a: Ditto|p2b: Carbink|[from] ability: Imposter\n|turn|1\n|\n|t:|1771023872\n|move|p1b: Sableye|Fake Out|p2a: Vileplume\n|-damage|p2a: Vileplume|250/278\n|-status|p1b: Sableye|slp|[from] ability: Effect Spore|[of] p2a: Vileplume\n|cant|p2a: Vileplume|flinch\n|move|p2b: Carbink|Moonblast|p1b: Sableye\n|-supereffective|p1b: Sableye\n|-damage|p1b: Sableye|91/241 slp\n|-unboost|p1b: Sableye|spa|1\n|-enditem|p1b: Sableye|Sitrus Berry|[eat]\n|-heal|p1b: Sableye|151/241 slp|[from] item: Sitrus Berry\n|move|p1a: Ditto|Iron Defense|p1a: Ditto\n|-boost|p1a: Ditto|def|2\n|\n|upkeep\n|turn|2\n|\n|t:|1771023897\n|switch|p1b: Ninetales|Ninetales-Alola, L75, M|233/233\n|-weather|Snowscape|[from] ability: Snow Warning|[of] p1b: Ninetales\n|move|p2a: Vileplume|Stun Spore|p1a: Ditto\n|-status|p1a: Ditto|par\n|move|p2b: Carbink|Iron Defense|p2b: Carbink\n|-boost|p2b: Carbink|def|2\n|move|p1a: Ditto|Iron Defense|p1a: Ditto\n|-boost|p1a: Ditto|def|2\n|\n|-weather|Snowscape|[upkeep]\n|upkeep\n|turn|3\n|\n|t:|1771023918\n|switch|p2a: Gumshoos|Gumshoos, L93, M|315/315\n|move|p1b: Ninetales|Aurora Veil|p1b: Ninetales\n|-sidestart|p1: hanktv|move: Aurora Veil\n|move|p2b: Carbink|Body Press|p1b: Ninetales\n|-damage|p1b: Ninetales|142/233\n|move|p1a: Ditto|Iron Defense|p1a: Ditto\n|-boost|p1a: Ditto|def|2\n|\n|-weather|Snowscape|[upkeep]\n|upkeep\n|turn|4\n|\n|t:|1771023933\n|move|p1b: Ninetales|Blizzard|p2a: Gumshoos|[spread] p2a,p2b\n|-crit|p2a: Gumshoos\n|-damage|p2a: Gumshoos|201/315\n|-damage|p2b: Carbink|192/231\n|move|p2a: Gumshoos|Double-Edge|p1b: Ninetales\n|-damage|p1b: Ninetales|0 fnt\n|faint|p1b: Ninetales\n|-damage|p2a: Gumshoos|154/315|[from] Recoil\n|move|p2b: Carbink|Iron Defense|p2b: Carbink\n|-boost|p2b: Carbink|def|2\n|cant|p1a: Ditto|par\n|\n|-weather|Snowscape|[upkeep]\n|-heal|p2b: Carbink|206/231|[from] item: Leftovers\n|upkeep\n|\n|t:|1771023949\n|switch|p1b: Hitmontop|Hitmontop, L88, M|231/231\n|-ability|p1b: Hitmontop|Intimidate|boost\n|-unboost|p2a: Gumshoos|atk|1\n|-fail|p2b: Carbink|unboost|[from] ability: Clear Body|[of] p2b: Carbink\n|turn|5\n|\n|t:|1771023979\n|switch|p2a: Mightyena|Mightyena, L95, M|287/287\n|-ability|p2a: Mightyena|Intimidate|boost\n|-fail|p1a: Ditto|unboost|[from] ability: Clear Body|[of] p1a: Ditto\n|-unboost|p1b: Hitmontop|atk|1\n|move|p1b: Hitmontop|Fake Out|p2b: Carbink\n|-resisted|p2b: Carbink\n|-damage|p2b: Carbink|204/231\n|cant|p2b: Carbink|flinch\n|move|p1a: Ditto|Body Press|p2b: Carbink\n|-damage|p2b: Carbink|128/231\n|\n|-weather|Snowscape|[upkeep]\n|-heal|p2b: Carbink|142/231|[from] item: Leftovers\n|upkeep\n|turn|6\n|\n|t:|1771024006\n|switch|p2a: Vileplume|Vileplume, L89, F|250/278\n|switch|p1b: Sableye|Sableye, L92, M|151/241 slp\n|move|p2b: Carbink|Moonblast|p1a: Ditto\n|-damage|p1a: Ditto|220/250 par\n|move|p1a: Ditto|Body Press|p2a: Vileplume\n|-resisted|p2a: Vileplume\n|-damage|p2a: Vileplume|81/278\n|-enditem|p2a: Vileplume|Sitrus Berry|[eat]\n|-heal|p2a: Vileplume|150/278|[from] item: Sitrus Berry\n|\n|-weather|none\n|-heal|p2b: Carbink|156/231|[from] item: Leftovers\n|upkeep\n|turn|7\n|\n|t:|1771024034\n|cant|p1b: Sableye|slp\n|move|p2a: Vileplume|Strength Sap|p1b: Sableye\n|-unboost|p1b: Sableye|atk|1\n|-heal|p2a: Vileplume|278/278\n|move|p2b: Carbink|Iron Defense|p2b: Carbink\n|-boost|p2b: Carbink|def|2\n|move|p1a: Ditto|Moonblast|p2b: Carbink\n|-damage|p2b: Carbink|107/231\n|\n|-heal|p2b: Carbink|121/231|[from] item: Leftovers\n|upkeep\n|turn|8\n|\n|t:|1771024049\n|cant|p1b: Sableye|slp\n|move|p2a: Vileplume|Pollen Puff|p2b: Carbink\n|-heal|p2b: Carbink|231/231\n|move|p2b: Carbink|Moonblast|p1b: Sableye\n|-supereffective|p1b: Sableye\n|-damage|p1b: Sableye|42/241 slp\n|-unboost|p1b: Sableye|spa|1\n|move|p1a: Ditto|Moonblast|p2b: Carbink\n|-damage|p2b: Carbink|186/231\n|\n|-heal|p2b: Carbink|200/231|[from] item: Leftovers\n|upkeep\n|turn|9\n|\n|t:|1771024076\n|cant|p1b: Sableye|slp\n|move|p2a: Vileplume|Pollen Puff|p2b: Carbink\n|-heal|p2b: Carbink|231/231\n|move|p2b: Carbink|Moonblast|p1b: Sableye\n|-supereffective|p1b: Sableye\n|-damage|p1b: Sableye|0 fnt\n|faint|p1b: Sableye\n|move|p1a: Ditto|Iron Defense|p1a: Ditto\n|-boost|p1a: Ditto|def|0\n|\n|upkeep\n|\n|t:|1771024082\n|switch|p1b: Veluza|Veluza, L88, F|302/302\n|turn|10\n|\n|t:|1771024106\n|move|p1b: Veluza|Psycho Cut|p2a: Vileplume\n|-supereffective|p2a: Vileplume\n|-crit|p2a: Vileplume\n|-damage|p2a: Vileplume|0 fnt\n|faint|p2a: Vileplume\n|move|p2b: Carbink|Body Press|p1b: Veluza\n|-resisted|p1b: Veluza\n|-damage|p1b: Veluza|177/302\n|move|p1a: Ditto|Iron Defense|p1a: Ditto\n|-boost|p1a: Ditto|def|0\n|\n|-sideend|p1: hanktv|move: Aurora Veil\n|upkeep\n|\n|t:|1771024117\n|switch|p2a: Mightyena|Mightyena, L95, M|287/287\n|-ability|p2a: Mightyena|Intimidate|boost\n|-fail|p1a: Ditto|unboost|[from] ability: Clear Body|[of] p1a: Ditto\n|-unboost|p1b: Veluza|atk|1\n|turn|11\n|\n|t:|1771024133\n|switch|p2a: Oricorio|Oricorio-Sensu, L87, M|272/272\n|switch|p1b: Hitmontop|Hitmontop, L88, M|231/231\n|-ability|p1b: Hitmontop|Intimidate|boost\n|-unboost|p2a: Oricorio|atk|1\n|-fail|p2b: Carbink|unboost|[from] ability: Clear Body|[of] p2b: Carbink\n|move|p2b: Carbink|Moonblast|p1a: Ditto\n|-damage|p1a: Ditto|175/250 par\n|move|p1a: Ditto|Body Press|p2a: Oricorio\n|-immune|p2a: Oricorio\n|\n|upkeep\n|turn|12\n|\n|t:|1771024158\n|switch|p2a: Mightyena|Mightyena, L95, M|287/287\n|-ability|p2a: Mightyena|Intimidate|boost\n|-fail|p1a: Ditto|unboost|[from] ability: Clear Body|[of] p1a: Ditto\n|-unboost|p1b: Hitmontop|atk|1\n|move|p1b: Hitmontop|Fake Out|p2b: Carbink\n|-resisted|p2b: Carbink\n|-damage|p2b: Carbink|229/231\n|cant|p2b: Carbink|flinch\n|move|p1a: Ditto|Moonblast|p2a: Mightyena\n|-supereffective|p2a: Mightyena\n|-damage|p2a: Mightyena|123/287\n|-unboost|p2a: Mightyena|spa|1\n|\n|-heal|p2b: Carbink|231/231|[from] item: Leftovers\n|upkeep\n|turn|13\n|\n|t:|1771024176\n|switch|p2a: Oricorio|Oricorio-Sensu, L87, M|272/272\n|move|p1b: Hitmontop|Close Combat|p2a: Oricorio\n|-immune|p2a: Oricorio\n|move|p2b: Carbink|Moonblast|p1a: Ditto\n|-damage|p1a: Ditto|135/250 par\n|move|p1a: Ditto|Moonblast|p2b: Carbink\n|-damage|p2b: Carbink|183/231\n|\n|-heal|p2b: Carbink|197/231|[from] item: Leftovers\n|upkeep\n|turn|14\n|\n|t:|1771024192\n|move|p2a: Oricorio|Protect|p2a: Oricorio\n|-singleturn|p2a: Oricorio|Protect\n|move|p1b: Hitmontop|Triple Axel|p2a: Oricorio\n|-activate|p2a: Oricorio|move: Protect\n|move|p2b: Carbink|Moonblast|p1a: Ditto\n|-damage|p1a: Ditto|95/250 par\n|-enditem|p1a: Ditto|Sitrus Berry|[eat]\n|-heal|p1a: Ditto|157/250 par|[from] item: Sitrus Berry\n|move|p1a: Ditto|Moonblast|p2b: Carbink\n|-damage|p2b: Carbink|146/231\n|\n|-heal|p2b: Carbink|160/231|[from] item: Leftovers\n|upkeep\n|turn|15\n|\n|t:|1771024220\n|move|p2a: Oricorio|Revelation Dance|p1a: Ditto\n|-damage|p1a: Ditto|94/250 par\n|move|p1b: Hitmontop|Triple Axel|p2a: Oricorio\n|-supereffective|p2a: Oricorio\n|-damage|p2a: Oricorio|248/272\n|-supereffective|p2a: Oricorio\n|-damage|p2a: Oricorio|200/272\n|-supereffective|p2a: Oricorio\n|-damage|p2a: Oricorio|132/272\n|-enditem|p2a: Oricorio|Sitrus Berry|[eat]\n|-heal|p2a: Oricorio|200/272|[from] item: Sitrus Berry\n|-hitcount|p2a: Oricorio|3\n|move|p2b: Carbink|Moonblast|p1b: Hitmontop\n|-supereffective|p1b: Hitmontop\n|-damage|p1b: Hitmontop|117/231\n|-unboost|p1b: Hitmontop|spa|1\n|move|p1a: Ditto|Trick Room|p1a: Ditto\n|-fieldstart|move: Trick Room|[of] p1a: Ditto\n|\n|-heal|p2b: Carbink|174/231|[from] item: Leftovers\n|upkeep\n|turn|16\n|\n|t:|1771024246\n|switch|p1b: Veluza|Veluza, L88, F|177/302\n|move|p2a: Oricorio|Protect|p2a: Oricorio\n|-singleturn|p2a: Oricorio|Protect\n|move|p2b: Carbink|Moonblast|p1b: Veluza\n|-damage|p1b: Veluza|96/302\n|-unboost|p1b: Veluza|spa|1\n|move|p1a: Ditto|Trick Room|p1a: Ditto\n|-fieldend|move: Trick Room\n|\n|-heal|p2b: Carbink|188/231|[from] item: Leftovers\n|upkeep\n|turn|17\n|\n|t:|1771024276\n|switch|p2a: Mightyena|Mightyena, L95, M|123/287\n|-ability|p2a: Mightyena|Intimidate|boost\n|-fail|p1a: Ditto|unboost|[from] ability: Clear Body|[of] p1a: Ditto\n|-unboost|p1b: Veluza|atk|1\n|-terastallize|p1b: Veluza|Water\n|move|p1b: Veluza|Aqua Cutter|p2b: Carbink\n|-supereffective|p2b: Carbink\n|-damage|p2b: Carbink|132/231\n|move|p2b: Carbink|Moonblast|p1a: Ditto\n|-damage|p1a: Ditto|51/250 par\n|cant|p1a: Ditto|par\n|\n|-heal|p2b: Carbink|146/231|[from] item: Leftovers\n|upkeep\n|turn|18\n|\n|t:|1771024308\n|switch|p2a: Oricorio|Oricorio-Sensu, L87, M|200/272\n|switch|p1b: Hitmontop|Hitmontop, L88, M|117/231\n|-ability|p1b: Hitmontop|Intimidate|boost\n|-unboost|p2a: Oricorio|atk|1\n|-fail|p2b: Carbink|unboost|[from] ability: Clear Body|[of] p2b: Carbink\n|move|p2b: Carbink|Body Press|p1b: Hitmontop\n|-damage|p1b: Hitmontop|0 fnt\n|faint|p1b: Hitmontop\n|move|p1a: Ditto|Trick Room|p1a: Ditto\n|-fieldstart|move: Trick Room|[of] p1a: Ditto\n|\n|-heal|p2b: Carbink|160/231|[from] item: Leftovers\n|upkeep\n|\n|t:|1771024315\n|switch|p1b: Veluza|Veluza, L88, F, tera:Water|96/302\n|turn|19\n|\n|t:|1771024328\n|move|p2b: Carbink|Body Press|p1b: Veluza\n|-damage|p1b: Veluza|0 fnt\n|faint|p1b: Veluza\n|move|p2a: Oricorio|Revelation Dance|p1a: Ditto\n|-damage|p1a: Ditto|0 fnt\n|faint|p1a: Ditto\n|\n|-heal|p2b: Carbink|174/231|[from] item: Leftovers\n|upkeep\n|-message|hanktv forfeited.\n|\n|win|lucero vuelve\n|raw|hanktv's rating: 1770 &rarr; <strong>1750</strong><br />(-20 for losing)\n|raw|lucero vuelve's rating: 1767 &rarr; <strong>1787</strong><br />(+20 for winning)\n|l|☆hanktv\n|player|p1|\n", "inputlog": ">version ccdc32dd7cde25fd9e4bed64820e885f66e78a4e\n>start {\"formatid\":\"gen9randomdoublesbattle\",\"seed\":\"sodium,435040a488d6436b185bb531d8584449\",\"rated\":\"Rated battle\"}\n>player p1 {\"name\":\"hanktv\",\"avatar\":\"li\",\"rating\":1770,\"seed\":\"sodium,c16030488b5fefab5e56710741a44267\"}\n>player p2 {\"name\":\"lucero vuelve\",\"avatar\":\"lass-gen4dp\",\"rating\":1767,\"seed\":\"sodium,ac7a6874b18d867e99cc8392c1427d89\"}\n>p1 move irondefense, move fakeout +1\n>p2 move pollenpuff +2, move moonblast +2\n>p1 move irondefense, switch 6\n>p2 move stunspore +1, move irondefense\n>p1 move irondefense, move auroraveil\n>p2 switch 6, move bodypress +2\n>p1 move bodypress +2, move blizzard\n>p2 move doubleedge +2, move irondefense\n>p1 pass, switch 5\n>p1 move bodypress +2, move fakeout +2\n>p2 switch 5, move irondefense\n>p1 move bodypress +1, switch 6\n>p2 switch 6, move moonblast +1\n>p1 move moonblast +2, move fakeout +2\n>p2 move strengthsap +2, move irondefense\n>p1 move moonblast +2, move willowisp +2\n>p2 move pollenpuff -2, move moonblast +2\n>p1 move irondefense, move willowisp +2\n>p2 move pollenpuff -2, move moonblast +2\n>p1 pass, switch 4\n>p1 move irondefense, move psychocut +1\n>p2 move strengthsap +2, move bodypress +2\n>p2 switch 6, pass\n>p1 move bodypress +1, switch 6\n>p2 switch 3, move moonblast +1\n>p1 move moonblast +1, move fakeout +2\n>p2 switch 3, move moonblast +1\n>p1 move moonblast +2, move closecombat +1\n>p2 switch 3, move moonblast +1\n>p1 move moonblast +2, move tripleaxel +1\n>p2 move protect, move moonblast +1\n>p1 move trickroom, move tripleaxel +1\n>p2 move revelationdance +1, move moonblast +2\n>p1 move trickroom, switch 6\n>p2 move protect, move moonblast +2\n>p1 move trickroom, move aquacutter +2 terastallize\n>p2 switch 3, move moonblast +1\n>p1 move trickroom, switch 6\n>p2 switch 3, move bodypress +2\n>p1 pass, switch 6\n>p1 move trickroom, move aquacutter +2\n>p2 move revelationdance +1, move bodypress +2\n>forcelose p1", "uploadtime": 1771024745, "views": 81, "formatid": "gen9randomdoublesbattle", "rating": 1750, "private": 0, "password": null}