{"id": "gen9randomdoublesbattle-2535850762", "format": "[Gen 9] Random Doubles Battle", "players": ["baseballlover", "trotino"], "log": "|j|☆baseballlover\n|j|☆trotino\n|t:|1770620158\n|gametype|doubles\n|player|p1|baseballlover|2|1596\n|player|p2|trotino|101|1658\n|gen|9\n|tier|[Gen 9] Random Doubles Battle\n|rated|\n|rule|Species Clause: Limit one of each Pokémon\n|rule|HP Percentage Mod: HP is shown in percentages\n|rule|Illusion Level Mod: Illusion disguises the Pokémon's true level\n|rule|Sleep Clause Mod: Limit one foe put to sleep\n|\n|t:|1770620158\n|teamsize|p1|6\n|teamsize|p2|6\n|start\n|switch|p1a: Pecharunt|Pecharunt, L78|265/265\n|switch|p1b: Persian|Persian, L92, M|269/269\n|switch|p2a: Zapdos|Zapdos-Galar, L77|265/265\n|switch|p2b: Raging Bolt|Raging Bolt, L77|319/319\n|turn|1\n|inactive|Battle timer is ON: inactive players will automatically lose when time's up. (requested by baseballlover)\n|\n|t:|1770620183\n|switch|p2a: Gumshoos|Gumshoos, L93, F|315/315\n|move|p1b: Persian|Fake Out|p2a: Gumshoos\n|-damage|p2a: Gumshoos|234/315\n|move|p1a: Pecharunt|Malignant Chain|p2b: Raging Bolt\n|-damage|p2b: Raging Bolt|253/319\n|-status|p2b: Raging Bolt|tox\n|-start|p2b: Raging Bolt|confusion|[from] ability: Poison Puppeteer|[of] p1a: Pecharunt\n|-activate|p2b: Raging Bolt|confusion\n|move|p2b: Raging Bolt|Snarl|p1b: Persian|[spread] p1a,p1b\n|-supereffective|p1a: Pecharunt\n|-damage|p1a: Pecharunt|199/265\n|-damage|p1b: Persian|232/269\n|-unboost|p1a: Pecharunt|spa|1\n|-unboost|p1b: Persian|spa|1\n|\n|-damage|p2b: Raging Bolt|234/319 tox|[from] psn\n|upkeep\n|turn|2\n|inactive|baseballlover has 120 seconds left.\n|\n|t:|1770620223\n|-end|p2b: Raging Bolt|Protosynthesis|[silent]\n|switch|p2b: Garganacl|Garganacl, L81, F|295/295\n|move|p1b: Persian|Icy Wind|p2a: Gumshoos|[spread] p2a,p2b\n|-crit|p2a: Gumshoos\n|-damage|p2a: Gumshoos|162/315\n|-damage|p2b: Garganacl|268/295\n|-unboost|p2a: Gumshoos|spe|1\n|-unboost|p2b: Garganacl|spe|1\n|move|p1a: Pecharunt|Malignant Chain|p2a: Gumshoos\n|-damage|p2a: Gumshoos|87/315\n|-status|p2a: Gumshoos|tox\n|-start|p2a: Gumshoos|confusion|[from] ability: Poison Puppeteer|[of] p1a: Pecharunt\n|-activate|p2a: Gumshoos|confusion\n|move|p2a: Gumshoos|Double-Edge|p1b: Persian\n|-damage|p1b: Persian|0 fnt\n|faint|p1b: Persian\n|-damage|p2a: Gumshoos|10/315 tox|[from] Recoil\n|\n|-heal|p2b: Garganacl|286/295|[from] item: Leftovers\n|-damage|p2a: Gumshoos|0 fnt|[from] psn\n|faint|p2a: Gumshoos\n|upkeep\n|\n|t:|1770620239\n|switch|p1b: Clodsire|Clodsire, L87, F|368/368\n|switch|p2a: Politoed|Politoed, L82, F|282/282\n|-weather|RainDance|[from] ability: Drizzle|[of] p2a: Politoed\n|turn|3\n|inactive|baseballlover has 120 seconds left.\n|\n|t:|1770620262\n|move|p2a: Politoed|Hydro Pump|p1a: Pecharunt\n|-damage|p1a: Pecharunt|19/265\n|-enditem|p1a: Pecharunt|Sitrus Berry|[eat]\n|-heal|p1a: Pecharunt|85/265|[from] item: Sitrus Berry\n|move|p1a: Pecharunt|Malignant Chain|p2a: Politoed\n|-damage|p2a: Politoed|231/282\n|move|p1b: Clodsire|Toxic Spikes|p2a: Politoed\n|-sidestart|p2: trotino|move: Toxic Spikes\n|move|p2b: Garganacl|Salt Cure|p1b: Clodsire\n|-resisted|p1b: Clodsire\n|-damage|p1b: Clodsire|340/368\n|-start|p1b: Clodsire|Salt Cure\n|\n|-weather|RainDance|[upkeep]\n|-heal|p2b: Garganacl|295/295|[from] item: Leftovers\n|-damage|p1b: Clodsire|294/368|[from] Salt Cure\n|upkeep\n|turn|4\n|inactive|baseballlover has 120 seconds left.\n|\n|t:|1770620291\n|move|p1a: Pecharunt|Protect|p1a: Pecharunt\n|-singleturn|p1a: Pecharunt|Protect\n|move|p2a: Politoed|Hydro Pump|p1a: Pecharunt\n|-activate|p1a: Pecharunt|move: Protect\n|move|p1b: Clodsire|Toxic Spikes|p2b: Garganacl\n|-sidestart|p2: trotino|move: Toxic Spikes\n|move|p2b: Garganacl|Stealth Rock|p1b: Clodsire\n|-sidestart|p1: baseballlover|move: Stealth Rock\n|\n|-weather|RainDance|[upkeep]\n|-damage|p1b: Clodsire|248/368|[from] Salt Cure\n|upkeep\n|turn|5\n|inactive|baseballlover has 120 seconds left.\n|l|☆trotino\n|inactive|trotino disconnected and has a minute to reconnect!\n|player|p2|\n|j|☆trotino\n|inactive|trotino reconnected.\n|player|p2|trotino|101|\n|inactive|baseballlover has 90 seconds left.\n|\n|t:|1770620343\n|move|p2b: Garganacl|Protect|p2b: Garganacl\n|-singleturn|p2b: Garganacl|Protect\n|move|p2a: Politoed|Hydro Pump|p1a: Pecharunt|[miss]\n|-miss|p2a: Politoed|p1a: Pecharunt\n|move|p1a: Pecharunt|Malignant Chain|p2a: Politoed\n|-damage|p2a: Politoed|180/282\n|-status|p2a: Politoed|tox\n|-start|p2a: Politoed|confusion|[from] ability: Poison Puppeteer|[of] p1a: Pecharunt\n|move|p1b: Clodsire|High Horsepower|p2b: Garganacl\n|-activate|p2b: Garganacl|move: Protect\n|\n|-weather|RainDance|[upkeep]\n|-damage|p2a: Politoed|163/282 tox|[from] psn\n|-damage|p1b: Clodsire|202/368|[from] Salt Cure\n|upkeep\n|turn|6\n|inactive|baseballlover has 90 seconds left.\n|\n|t:|1770620384\n|switch|p2a: Moltres|Moltres-Galar, L74|255/255\n|switch|p1a: Feraligatr|Feraligatr, L82, F|274/274\n|-damage|p1a: Feraligatr|240/274|[from] Stealth Rock\n|move|p1b: Clodsire|High Horsepower|p2b: Garganacl\n|-supereffective|p2b: Garganacl\n|-damage|p2b: Garganacl|157/295\n|move|p2b: Garganacl|Salt Cure|p1a: Feraligatr\n|-damage|p1a: Feraligatr|204/274\n|-start|p1a: Feraligatr|Salt Cure\n|\n|-weather|RainDance|[upkeep]\n|-heal|p2b: Garganacl|175/295|[from] item: Leftovers\n|-damage|p1a: Feraligatr|136/274|[from] Salt Cure\n|-damage|p1b: Clodsire|156/368|[from] Salt Cure\n|upkeep\n|-enditem|p1b: Clodsire|Sitrus Berry|[eat]\n|-heal|p1b: Clodsire|248/368|[from] item: Sitrus Berry\n|turn|7\n|inactive|baseballlover has 90 seconds left.\n|\n|t:|1770620412\n|switch|p1b: Haxorus|Haxorus, L84, F|265/265\n|-ability|p1b: Haxorus|Unnerve\n|-damage|p1b: Haxorus|232/265|[from] Stealth Rock\n|move|p2a: Moltres|Hurricane|p1a: Feraligatr\n|-damage|p1a: Feraligatr|34/274\n|move|p1a: Feraligatr|Dragon Dance|p1a: Feraligatr\n|-boost|p1a: Feraligatr|atk|1\n|-boost|p1a: Feraligatr|spe|1\n|move|p2b: Garganacl|Salt Cure|p1b: Haxorus\n|-damage|p1b: Haxorus|192/265\n|-start|p1b: Haxorus|Salt Cure\n|\n|-weather|none\n|-heal|p2b: Garganacl|193/295|[from] item: Leftovers\n|-damage|p1a: Feraligatr|0 fnt|[from] Salt Cure\n|faint|p1a: Feraligatr\n|-damage|p1b: Haxorus|159/265|[from] Salt Cure\n|upkeep\n|\n|t:|1770620424\n|switch|p1a: Lugia|Lugia, L71|268/268\n|-damage|p1a: Lugia|201/268|[from] Stealth Rock\n|turn|8\n|inactive|baseballlover has 90 seconds left.\n|\n|t:|1770620442\n|move|p2b: Garganacl|Protect|p2b: Garganacl\n|-singleturn|p2b: Garganacl|Protect\n|move|p1b: Haxorus|Close Combat|p2b: Garganacl\n|-activate|p2b: Garganacl|move: Protect\n|move|p1a: Lugia|Earth Power|p2b: Garganacl\n|-activate|p2b: Garganacl|move: Protect\n|move|p2a: Moltres|Tailwind|p2a: Moltres\n|-sidestart|p2: trotino|move: Tailwind\n|\n|-heal|p1a: Lugia|217/268|[from] item: Leftovers\n|-heal|p2b: Garganacl|211/295|[from] item: Leftovers\n|-damage|p1b: Haxorus|126/265|[from] Salt Cure\n|upkeep\n|turn|9\n|\n|t:|1770620452\n|move|p2a: Moltres|Fiery Wrath|p1a: Lugia|[spread] p1a,p1b\n|-supereffective|p1a: Lugia\n|-damage|p1a: Lugia|139/268\n|-damage|p1b: Haxorus|57/265\n|move|p1b: Haxorus|Close Combat|p2b: Garganacl\n|-supereffective|p2b: Garganacl\n|-damage|p2b: Garganacl|0 fnt\n|-unboost|p1b: Haxorus|def|1\n|-unboost|p1b: Haxorus|spd|1\n|faint|p2b: Garganacl\n|-damage|p1b: Haxorus|31/265|[from] item: Life Orb\n|move|p1a: Lugia|Earth Power|p2a: Moltres\n|-immune|p2a: Moltres\n|\n|-heal|p1a: Lugia|155/268|[from] item: Leftovers\n|-damage|p1b: Haxorus|0 fnt|[from] Salt Cure\n|faint|p1b: Haxorus\n|upkeep\n|\n|t:|1770620460\n|switch|p1b: Clodsire|Clodsire, L87, F|248/368\n|switch|p2b: Raging Bolt|Raging Bolt, L77|234/319 tox\n|-damage|p1b: Clodsire|225/368|[from] Stealth Rock\n|turn|10\n|inactive|baseballlover has 120 seconds left.\n|\n|t:|1770620477\n|move|p2a: Moltres|Nasty Plot|p2a: Moltres\n|-boost|p2a: Moltres|spa|2\n|move|p2b: Raging Bolt|Snarl|p1a: Lugia|[spread] p1a,p1b\n|-supereffective|p1a: Lugia\n|-damage|p1a: Lugia|103/268\n|-damage|p1b: Clodsire|197/368\n|-unboost|p1a: Lugia|spa|1\n|-unboost|p1b: Clodsire|spa|1\n|move|p1a: Lugia|Recover|p1a: Lugia\n|-heal|p1a: Lugia|237/268\n|move|p1b: Clodsire|Gunk Shot|p2a: Moltres\n|-damage|p2a: Moltres|126/255\n|-status|p2a: Moltres|psn\n|-ability|p2a: Moltres|Berserk|boost\n|-boost|p2a: Moltres|spa|1\n|-enditem|p2a: Moltres|Sitrus Berry|[eat]\n|-heal|p2a: Moltres|189/255 psn|[from] item: Sitrus Berry\n|\n|-heal|p1a: Lugia|253/268|[from] item: Leftovers\n|-damage|p2a: Moltres|158/255 psn|[from] psn\n|-damage|p2b: Raging Bolt|215/319 tox|[from] psn\n|upkeep\n|turn|11\n|inactive|baseballlover has 120 seconds left.\n|inactive|trotino has 120 seconds left.\n|\n|t:|1770620515\n|move|p2a: Moltres|Fiery Wrath|p1b: Clodsire|[spread] p1a,p1b\n|-supereffective|p1a: Lugia\n|-damage|p1a: Lugia|23/268\n|-damage|p1b: Clodsire|68/368\n|move|p2b: Raging Bolt|Snarl|p1b: Clodsire|[spread] p1a,p1b\n|-supereffective|p1a: Lugia\n|-damage|p1a: Lugia|0 fnt\n|-damage|p1b: Clodsire|39/368\n|-unboost|p1b: Clodsire|spa|1\n|faint|p1a: Lugia\n|move|p1b: Clodsire|Gunk Shot|p2a: Moltres\n|-damage|p2a: Moltres|26/255 psn\n|-ability|p2a: Moltres|Berserk|boost\n|-boost|p2a: Moltres|spa|1\n|\n|-damage|p2a: Moltres|0 fnt|[from] psn\n|faint|p2a: Moltres\n|-damage|p2b: Raging Bolt|177/319 tox|[from] psn\n|-sideend|p2: trotino|move: Tailwind\n|upkeep\n|\n|t:|1770620528\n|switch|p1a: Pecharunt|Pecharunt, L78|85/265\n|switch|p2a: Zapdos|Zapdos-Galar, L77|265/265\n|-damage|p1a: Pecharunt|52/265|[from] Stealth Rock\n|turn|12\n|inactive|baseballlover has 120 seconds left.\n|\n|t:|1770620562\n|move|p1a: Pecharunt|Protect|p1a: Pecharunt\n|-singleturn|p1a: Pecharunt|Protect\n|move|p2a: Zapdos|Brave Bird|p1a: Pecharunt\n|-activate|p1a: Pecharunt|move: Protect\n|move|p2b: Raging Bolt|Snarl|p1b: Clodsire|[spread] p1b\n|-activate|p1a: Pecharunt|move: Protect\n|-damage|p1b: Clodsire|11/368\n|-unboost|p1b: Clodsire|spa|1\n|move|p1b: Clodsire|Gunk Shot|p2a: Zapdos\n|-crit|p2a: Zapdos\n|-damage|p2a: Zapdos|100/265\n|-enditem|p2a: Zapdos|Sitrus Berry|[eat]\n|-heal|p2a: Zapdos|166/265|[from] item: Sitrus Berry\n|\n|-damage|p2b: Raging Bolt|120/319 tox|[from] psn\n|upkeep\n|turn|13\n|inactive|baseballlover has 120 seconds left.\n|l|☆trotino\n|inactive|trotino disconnected and has a minute to reconnect!\n|player|p2|\n|j|☆trotino\n|inactive|trotino reconnected.\n|player|p2|trotino|101|\n|\n|t:|1770620595\n|move|p2a: Zapdos|Brave Bird|p1a: Pecharunt\n|-damage|p1a: Pecharunt|0 fnt\n|faint|p1a: Pecharunt\n|-damage|p2a: Zapdos|149/265|[from] Recoil\n|move|p2b: Raging Bolt|Snarl|p1b: Clodsire\n|-damage|p1b: Clodsire|0 fnt\n|faint|p1b: Clodsire\n|\n|win|trotino\n|raw|baseballlover's rating: 1596 &rarr; <strong>1580</strong><br />(-16 for losing)\n|raw|trotino's rating: 1658 &rarr; <strong>1674</strong><br />(+16 for winning)\n", "inputlog": ">version ccdc32dd7cde25fd9e4bed64820e885f66e78a4e\n>start {\"formatid\":\"gen9randomdoublesbattle\",\"seed\":\"sodium,6ca121d6c74a163e5bd68c7ba5504470\",\"rated\":\"Rated battle\"}\n>player p1 {\"name\":\"baseballlover\",\"avatar\":\"2\",\"rating\":1596,\"seed\":\"sodium,859ffaabf2c0c9908f7da00ab7642928\"}\n>player p2 {\"name\":\"trotino\",\"avatar\":\"101\",\"rating\":1658,\"seed\":\"sodium,90c8172352f9f5ac6d385c07049df830\"}\n>p1 move malignantchain +2, move fakeout +1\n>p2 switch 3, move snarl\n>p1 move malignantchain +1, move icywind\n>p2 move doubleedge +2, switch 4\n>p1 pass, switch 3\n>p2 switch 6, pass\n>p1 move malignantchain +1, move toxicspikes\n>p2 move hydropump +1, move saltcure +2\n>p1 move protect, move toxicspikes\n>p2 move hydropump +1, move stealthrock\n>p1 move malignantchain +1, move highhorsepower +2\n>p2 move hydropump +1, move protect\n>p1 switch 6, move highhorsepower +2\n>p2 switch 5, move saltcure +1\n>p1 move dragondance, switch 5\n>p2 move hurricane +1, move saltcure +2\n>p1 switch 4, pass\n>p1 move earthpower +2, move closecombat +2\n>p2 move tailwind, move protect\n>p1 move earthpower +2, move closecombat +2\n>p2 move fierywrath, move saltcure +1\n>p1 pass, switch 5\n>p2 pass, switch 4\n>p1 move recover, move gunkshot +1\n>p2 move nastyplot, move snarl\n>p1 move aeroblast +1, move gunkshot +1\n>p2 move fierywrath, move snarl\n>p1 switch 6, pass\n>p2 switch 3, pass\n>p1 move protect, move gunkshot +1\n>p2 move bravebird +1, move snarl\n>p1 move malignantchain +1, move gunkshot +1\n>p2 move bravebird +1, move snarl", "uploadtime": 1770620596, "views": 70, "formatid": "gen9randomdoublesbattle", "rating": 1580, "private": 0, "password": null}