{"id": "gen9randomdoublesbattle-2540907019", "format": "[Gen 9] Random Doubles Battle", "players": ["torsosinbrazos", "mashing a"], "log": "|j|☆torsosinbrazos\n|j|☆mashing a\n|t:|1771265969\n|gametype|doubles\n|player|p1|torsosinbrazos|101|1822\n|player|p2|mashing a|169|1748\n|gen|9\n|tier|[Gen 9] Random Doubles Battle\n|rated|\n|rule|Species Clause: Limit one of each Pokémon\n|rule|HP Percentage Mod: HP is shown in percentages\n|rule|Illusion Level Mod: Illusion disguises the Pokémon's true level\n|rule|Sleep Clause Mod: Limit one foe put to sleep\n|\n|t:|1771265969\n|teamsize|p1|6\n|teamsize|p2|6\n|start\n|switch|p1a: Serperior|Serperior, L80, F|251/251\n|switch|p1b: Salazzle|Salazzle, L86, F|257/257\n|switch|p2a: Wugtrio|Wugtrio, L92, F|214/214\n|switch|p2b: Veluza|Veluza, L88, F|302/302\n|turn|1\n|inactive|Battle timer is ON: inactive players will automatically lose when time's up. (requested by mashing a)\n|\n|t:|1771265995\n|switch|p2a: Espathra|Espathra, L83, F|293/293\n|switch|p1b: Pachirisu|Pachirisu, L93, M|262/262\n|switch|p2b: Victreebel|Victreebel, L91, M|293/293\n|move|p1a: Serperior|Leaf Storm|p2b: Victreebel|[miss]\n|-miss|p1a: Serperior|p2b: Victreebel\n|\n|upkeep\n|turn|2\n|inactive|torsosinbrazos has 120 seconds left.\n|\n|t:|1771266027\n|-terastallize|p1a: Serperior|Rock\n|move|p2a: Espathra|Protect|p2a: Espathra\n|-singleturn|p2a: Espathra|Protect\n|move|p1b: Pachirisu|Nuzzle|p2a: Espathra\n|-activate|p2a: Espathra|move: Protect\n|move|p1a: Serperior|Leaf Storm|p2a: Espathra\n|-activate|p2a: Espathra|move: Protect\n|move|p2b: Victreebel|Sludge Bomb|p1a: Serperior\n|-resisted|p1a: Serperior\n|-damage|p1a: Serperior|180/251\n|-damage|p2b: Victreebel|264/293|[from] item: Life Orb\n|\n|-ability|p2a: Espathra|Speed Boost|boost\n|-boost|p2a: Espathra|spe|1\n|upkeep\n|turn|3\n|\n|t:|1771266048\n|switch|p1a: Salazzle|Salazzle, L86, F|257/257\n|move|p2a: Espathra|Lumina Crash|p1a: Salazzle\n|-supereffective|p1a: Salazzle\n|-damage|p1a: Salazzle|0 fnt\n|faint|p1a: Salazzle\n|-damage|p2a: Espathra|264/293|[from] item: Life Orb\n|move|p1b: Pachirisu|Nuzzle|p2a: Espathra\n|-damage|p2a: Espathra|242/293\n|-status|p2a: Espathra|par\n|move|p2b: Victreebel|Sludge Bomb|p1b: Pachirisu\n|-damage|p1b: Pachirisu|124/262\n|-status|p1b: Pachirisu|psn\n|-enditem|p1b: Pachirisu|Sitrus Berry|[eat]\n|-heal|p1b: Pachirisu|189/262 psn|[from] item: Sitrus Berry\n|-damage|p2b: Victreebel|235/293|[from] item: Life Orb\n|\n|-damage|p1b: Pachirisu|157/262 psn|[from] psn\n|-ability|p2a: Espathra|Speed Boost|boost\n|-boost|p2a: Espathra|spe|1\n|upkeep\n|\n|t:|1771266054\n|switch|p1a: Trevenant|Trevenant, L88, F|293/293\n|turn|4\n|\n|t:|1771266077\n|switch|p1b: Spiritomb|Spiritomb, L89, M|234/234\n|move|p2a: Espathra|Protect|p2a: Espathra\n|-singleturn|p2a: Espathra|Protect\n|move|p2b: Victreebel|Knock Off|p1a: Trevenant\n|-supereffective|p1a: Trevenant\n|-damage|p1a: Trevenant|72/293\n|-enditem|p1a: Trevenant|Sitrus Berry|[from] move: Knock Off|[of] p2b: Victreebel\n|-damage|p2b: Victreebel|206/293|[from] item: Life Orb\n|move|p1a: Trevenant|Trick Room|p1a: Trevenant\n|-fieldstart|move: Trick Room|[of] p1a: Trevenant\n|\n|-ability|p2a: Espathra|Speed Boost|boost\n|-boost|p2a: Espathra|spe|1\n|upkeep\n|turn|5\n|\n|t:|1771266099\n|switch|p2a: Flutter Mane|Flutter Mane, L73|201/201\n|-enditem|p2a: Flutter Mane|Booster Energy\n|-activate|p2a: Flutter Mane|ability: Protosynthesis|[fromitem]\n|-start|p2a: Flutter Mane|protosynthesisspa\n|move|p1b: Spiritomb|Snarl|p2a: Flutter Mane|[spread] p2a,p2b\n|-damage|p2a: Flutter Mane|159/201\n|-damage|p2b: Victreebel|154/293\n|-unboost|p2a: Flutter Mane|spa|1\n|-unboost|p2b: Victreebel|spa|1\n|move|p1a: Trevenant|Poltergeist|p2b: Victreebel\n|-activate|p2b: Victreebel|move: Poltergeist|Life Orb\n|-damage|p2b: Victreebel|0 fnt\n|faint|p2b: Victreebel\n|\n|upkeep\n|inactive|mashing a has 120 seconds left.\n|\n|t:|1771266120\n|switch|p2b: Espathra|Espathra, L83, F|242/293 par\n|turn|6\n|\n|t:|1771266132\n|move|p1b: Spiritomb|Foul Play|p2b: Espathra\n|-supereffective|p2b: Espathra\n|-damage|p2b: Espathra|98/293 par\n|move|p1a: Trevenant|Poltergeist||[still]\n|-fail|p1a: Trevenant\n|cant|p2b: Espathra|par\n|move|p2a: Flutter Mane|Dazzling Gleam|p1a: Trevenant|[spread] p1a,p1b\n|-supereffective|p1b: Spiritomb\n|-damage|p1a: Trevenant|20/293\n|-damage|p1b: Spiritomb|148/234\n|\n|-ability|p2b: Espathra|Speed Boost|boost\n|-boost|p2b: Espathra|spe|1\n|upkeep\n|turn|7\n|\n|t:|1771266160\n|move|p2b: Espathra|Protect|p2b: Espathra\n|-singleturn|p2b: Espathra|Protect\n|move|p2a: Flutter Mane|Protect|p2a: Flutter Mane\n|-singleturn|p2a: Flutter Mane|Protect\n|move|p1b: Spiritomb|Foul Play|p2a: Flutter Mane\n|-activate|p2a: Flutter Mane|move: Protect\n|move|p1a: Trevenant|Wood Hammer|p2a: Flutter Mane\n|-activate|p2a: Flutter Mane|move: Protect\n|\n|-ability|p2b: Espathra|Speed Boost|boost\n|-boost|p2b: Espathra|spe|1\n|upkeep\n|turn|8\n|\n|t:|1771266174\n|-end|p2a: Flutter Mane|Protosynthesis|[silent]\n|switch|p2a: Ogerpon|Ogerpon-Cornerstone, L75, F|244/244\n|cant|p2b: Espathra|par\n|move|p1b: Spiritomb|Foul Play|p2a: Ogerpon\n|-damage|p2a: Ogerpon|117/244\n|move|p1a: Trevenant|Wood Hammer|p2a: Ogerpon\n|-damage|p2a: Ogerpon|0 fnt\n|faint|p2a: Ogerpon\n|-damage|p1a: Trevenant|0 fnt|[from] Recoil\n|faint|p1a: Trevenant\n|\n|-fieldend|move: Trick Room\n|-ability|p2b: Espathra|Speed Boost|boost\n|-boost|p2b: Espathra|spe|1\n|upkeep\n|\n|t:|1771266185\n|switch|p2a: Flutter Mane|Flutter Mane, L73|159/201\n|switch|p1a: Pincurchin|Pincurchin, L97, F|250/250\n|-fieldstart|move: Electric Terrain|[from] ability: Electric Surge|[of] p1a: Pincurchin\n|turn|9\n|\n|t:|1771266194\n|move|p2b: Espathra|Lumina Crash|p1a: Pincurchin\n|-damage|p1a: Pincurchin|156/250\n|-unboost|p1a: Pincurchin|spd|2\n|-damage|p2b: Espathra|69/293 par|[from] item: Life Orb\n|move|p2a: Flutter Mane|Moonblast|p1b: Spiritomb\n|-supereffective|p1b: Spiritomb\n|-damage|p1b: Spiritomb|0 fnt\n|faint|p1b: Spiritomb\n|move|p1a: Pincurchin|Recover|p1a: Pincurchin\n|-heal|p1a: Pincurchin|250/250\n|\n|-ability|p2b: Espathra|Speed Boost|boost\n|-boost|p2b: Espathra|spe|1\n|upkeep\n|\n|t:|1771266206\n|switch|p1b: Pachirisu|Pachirisu, L93, M|157/262 psn\n|turn|10\n|\n|t:|1771266228\n|move|p2a: Flutter Mane|Protect|p2a: Flutter Mane\n|-singleturn|p2a: Flutter Mane|Protect\n|move|p2b: Espathra|Lumina Crash|p1b: Pachirisu\n|-damage|p1b: Pachirisu|54/262 psn\n|-unboost|p1b: Pachirisu|spd|2\n|-damage|p2b: Espathra|40/293 par|[from] item: Life Orb\n|move|p1b: Pachirisu|Nuzzle|p2a: Flutter Mane\n|-activate|p2a: Flutter Mane|move: Protect\n|move|p1a: Pincurchin|Electroweb|p2a: Flutter Mane|[spread] p2b\n|-activate|p2a: Flutter Mane|move: Protect\n|-damage|p2b: Espathra|0 fnt\n|faint|p2b: Espathra\n|\n|-damage|p1b: Pachirisu|22/262 psn|[from] psn\n|upkeep\n|\n|t:|1771266241\n|switch|p2b: Wugtrio|Wugtrio, L92, F|214/214\n|turn|11\n|\n|t:|1771266255\n|move|p1b: Pachirisu|Follow Me|p1b: Pachirisu\n|-singleturn|p1b: Pachirisu|move: Follow Me\n|move|p2b: Wugtrio|Stomping Tantrum|p1b: Pachirisu\n|-supereffective|p1b: Pachirisu\n|-damage|p1b: Pachirisu|0 fnt\n|faint|p1b: Pachirisu\n|move|p2a: Flutter Mane|Dazzling Gleam|p1a: Pincurchin\n|-damage|p1a: Pincurchin|88/250\n|-enditem|p1a: Pincurchin|Sitrus Berry|[eat]\n|-heal|p1a: Pincurchin|150/250|[from] item: Sitrus Berry\n|move|p1a: Pincurchin|Electroweb|p2b: Wugtrio|[spread] p2a,p2b\n|-supereffective|p2b: Wugtrio\n|-damage|p2a: Flutter Mane|101/201\n|-damage|p2b: Wugtrio|70/214\n|-unboost|p2a: Flutter Mane|spe|1\n|-unboost|p2b: Wugtrio|spe|1\n|\n|upkeep\n|\n|t:|1771266259\n|switch|p1b: Serperior|Serperior, L80, F, tera:Rock|180/251\n|turn|12\n|\n|t:|1771266280\n|switch|p2b: Veluza|Veluza, L88, F|302/302\n|move|p1b: Serperior|Leaf Storm|p2b: Veluza\n|-supereffective|p2b: Veluza\n|-damage|p2b: Veluza|6/302\n|-boost|p1b: Serperior|spa|2\n|-damage|p1b: Serperior|155/251|[from] item: Life Orb\n|move|p2a: Flutter Mane|Dazzling Gleam|p1a: Pincurchin|[spread] p1a,p1b\n|-damage|p1a: Pincurchin|36/250\n|-damage|p1b: Serperior|92/251\n|move|p1a: Pincurchin|Thunderbolt|p2a: Flutter Mane\n|-damage|p2a: Flutter Mane|0 fnt\n|faint|p2a: Flutter Mane\n|-end|p2a: Flutter Mane|Protosynthesis|[silent]\n|\n|upkeep\n|\n|t:|1771266294\n|switch|p2a: Wugtrio|Wugtrio, L92, F|70/214\n|turn|13\n|\n|t:|1771266314\n|-terastallize|p2b: Veluza|Water\n|move|p2b: Veluza|Aqua Jet|p1a: Pincurchin\n|-damage|p1a: Pincurchin|0 fnt\n|faint|p1a: Pincurchin\n|move|p2a: Wugtrio|Liquidation|p1b: Serperior\n|-supereffective|p1b: Serperior\n|-damage|p1b: Serperior|0 fnt\n|faint|p1b: Serperior\n|\n|win|mashing a\n|raw|torsosinbrazos's rating: 1822 &rarr; <strong>1798</strong><br />(-24 for losing)\n|raw|mashing a's rating: 1748 &rarr; <strong>1772</strong><br />(+24 for winning)\n|l|☆torsosinbrazos\n|player|p1|\n", "inputlog": ">version 686819e5e19f8a7fd2345cfc5a08a5085efa2cc3\n>start {\"formatid\":\"gen9randomdoublesbattle\",\"seed\":\"sodium,ad0164bec975b10025a764a202082427\",\"rated\":\"Rated battle\"}\n>player p1 {\"name\":\"torsosinbrazos\",\"avatar\":\"101\",\"rating\":1822,\"seed\":\"sodium,4a9b080c3287a3e5e606f44f477ef41b\"}\n>player p2 {\"name\":\"mashing a\",\"avatar\":\"169\",\"rating\":1748,\"seed\":\"sodium,7c2550833b8c5d5547cdf5f9384bf57e\"}\n>p1 move leafstorm +2, switch 5\n>p2 switch 4, switch 3\n>p1 move leafstorm +1 terastallize, move nuzzle +1\n>p2 move protect, move sludgebomb +1\n>p1 switch 5, move nuzzle +1\n>p2 move luminacrash +1, move sludgebomb +1\n>p1 switch 6, pass\n>p1 move trickroom, switch 3\n>p2 move protect, move knockoff +1\n>p1 move poltergeist +2, move snarl\n>p2 switch 6, move knockoff +2\n>p2 pass, switch 6\n>p1 move poltergeist +1, move foulplay +2\n>p2 move dazzlinggleam, move dazzlinggleam\n>p1 move woodhammer +1, move foulplay +1\n>p2 move protect, move protect\n>p1 move woodhammer +1, move foulplay +1\n>p2 switch 5, move protect\n>p1 switch 4, pass\n>p2 switch 5, pass\n>p1 move recover, move trickroom\n>p2 move moonblast +2, move luminacrash +1\n>p1 pass, switch 3\n>p1 move electroweb, move nuzzle +1\n>p2 move protect, move luminacrash +2\n>p2 pass, switch 4\n>p1 move electroweb, move followme\n>p2 move dazzlinggleam, move stompingtantrum +1\n>p1 pass, switch 5\n>p1 move thunderbolt +1, move leafstorm +2\n>p2 move dazzlinggleam, switch 3\n>p2 switch 3, pass\n>p1 move electroweb, move leafstorm +1\n>p2 move liquidation +2, move aquajet +1 terastallize", "uploadtime": 1771266331, "views": 2, "formatid": "gen9randomdoublesbattle", "rating": 1772, "private": 0, "password": null}