{"id": "gen9randomdoublesbattle-2538486741", "format": "[Gen 9] Random Doubles Battle", "players": ["scumspog", "pejelegante"], "log": "|j|☆scumspog\n|j|☆pejelegante\n|t:|1770932341\n|gametype|doubles\n|player|p1|scumspog|pryce|1732\n|player|p2|pejelegante|hugh|1856\n|gen|9\n|tier|[Gen 9] Random Doubles Battle\n|rated|\n|rule|Species Clause: Limit one of each Pokémon\n|rule|HP Percentage Mod: HP is shown in percentages\n|rule|Illusion Level Mod: Illusion disguises the Pokémon's true level\n|rule|Sleep Clause Mod: Limit one foe put to sleep\n|\n|t:|1770932341\n|teamsize|p1|6\n|teamsize|p2|6\n|start\n|switch|p1a: Dragapult|Dragapult, L79, M|269/269\n|switch|p1b: Cloyster|Cloyster, L87, F|229/229\n|switch|p2a: Plusle|Plusle, L92, M|260/260\n|switch|p2b: Dugtrio|Dugtrio, L91, F|212/212\n|turn|1\n|inactive|Battle timer is ON: inactive players will automatically lose when time's up. (requested by pejelegante)\n|inactive|scumspog has 120 seconds left.\n|\n|t:|1770932372\n|move|p1b: Cloyster|Protect|p1b: Cloyster\n|-singleturn|p1b: Cloyster|Protect\n|move|p2b: Dugtrio|Sucker Punch|p1a: Dragapult\n|-supereffective|p1a: Dragapult\n|-damage|p1a: Dragapult|69/269\n|-damage|p2b: Dugtrio|191/212|[from] item: Life Orb\n|move|p1a: Dragapult|Dragon Darts|p2a: Plusle\n|-crit|p2a: Plusle\n|-damage|p2a: Plusle|88/260\n|-enditem|p2a: Plusle|Sitrus Berry|[eat]\n|-heal|p2a: Plusle|153/260|[from] item: Sitrus Berry\n|-anim|p1a: Dragapult|Dragon Darts|p2b: Dugtrio\n|-damage|p2b: Dugtrio|86/212\n|-damage|p1a: Dragapult|43/269|[from] item: Life Orb\n|move|p2a: Plusle|Nuzzle|p1b: Cloyster\n|-activate|p1b: Cloyster|move: Protect\n|\n|upkeep\n|turn|2\n|inactive|scumspog has 120 seconds left.\n|\n|t:|1770932421\n|switch|p1a: Conkeldurr|Conkeldurr, L81, M|303/303\n|move|p2b: Dugtrio|Sucker Punch||[still]\n|-fail|p2b: Dugtrio\n|move|p2a: Plusle|Encore|p1b: Cloyster\n|-start|p1b: Cloyster|Encore\n|move|p1b: Cloyster|Protect||[still]\n|-fail|p1b: Cloyster\n|\n|upkeep\n|turn|3\n|inactive|scumspog has 120 seconds left.\n|inactive|scumspog has 90 seconds left.\n|\n|t:|1770932490\n|move|p1b: Cloyster|Protect|p1b: Cloyster\n|-singleturn|p1b: Cloyster|Protect\n|move|p2b: Dugtrio|Stomping Tantrum|p1a: Conkeldurr\n|-damage|p1a: Conkeldurr|79/303\n|-damage|p2b: Dugtrio|65/212|[from] item: Life Orb\n|move|p2a: Plusle|Thunderbolt|p1a: Conkeldurr\n|-damage|p1a: Conkeldurr|0 fnt\n|faint|p1a: Conkeldurr\n|\n|upkeep\n|c|☆pejelegante|Wait\n|inactive|scumspog has 60 seconds left.\n|\n|t:|1770932505\n|switch|p1a: Dusknoir|Dusknoir, L89, F|225/225\n|-item|p2b: Dugtrio|Life Orb|[from] ability: Frisk|[of] p1a: Dusknoir\n|turn|4\n|inactive|pejelegante has 120 seconds left.\n|c|☆pejelegante|How did you manage to switch your Dragapult out of the battle if my Dugtrio has Arena Trap?\n|\n|t:|1770932549\n|move|p1b: Cloyster|Protect||[still]\n|-fail|p1b: Cloyster\n|move|p2b: Dugtrio|Stomping Tantrum|p1a: Dusknoir\n|-damage|p1a: Dusknoir|142/225\n|-damage|p2b: Dugtrio|44/212|[from] item: Life Orb\n|move|p2a: Plusle|Thunderbolt|p1b: Cloyster\n|-supereffective|p1b: Cloyster\n|-damage|p1b: Cloyster|0 fnt\n|faint|p1b: Cloyster\n|move|p1a: Dusknoir|Trick Room|p1a: Dusknoir\n|-fieldstart|move: Trick Room|[of] p1a: Dusknoir\n|\n|upkeep\n|inactive|scumspog has 60 seconds left.\n|c|☆scumspog|i dont think it affects ghost types\n|\n|t:|1770932581\n|switch|p1b: Gastrodon|Gastrodon, L82, F|316/316\n|turn|5\n|inactive|scumspog has 60 seconds left.\n|inactive|pejelegante has 120 seconds left.\n|c|☆pejelegante|Shadow trap is what doesn't affect ghost types ._.\n|c|☆pejelegante|unless they've changed it in this latest generation\n|\n|t:|1770932623\n|switch|p2a: Sunflora|Sunflora, M|312/312\n|move|p1a: Dusknoir|Protect|p1a: Dusknoir\n|-singleturn|p1a: Dusknoir|Protect\n|move|p2b: Dugtrio|Sucker Punch||[still]\n|-fail|p2b: Dugtrio\n|move|p1b: Gastrodon|Muddy Water|p2b: Dugtrio|[spread] p2a,p2b\n|-resisted|p2a: Sunflora\n|-supereffective|p2b: Dugtrio\n|-damage|p2a: Sunflora|283/312\n|-damage|p2b: Dugtrio|0 fnt\n|-unboost|p2a: Sunflora|accuracy|1\n|faint|p2b: Dugtrio\n|\n|upkeep\n|\n|t:|1770932631\n|switch|p2b: Tropius|Tropius, L94, F|339/339\n|turn|6\n|inactive|pejelegante has 120 seconds left.\n|c|☆scumspog|my dusknoir had the option to switch\n|c|☆scumspog|so im guessing there was a change\n|inactive|scumspog has 60 seconds left.\n|\n|t:|1770932663\n|-terastallize|p1b: Gastrodon|Fire\n|move|p1a: Dusknoir|Leech Life|p2a: Sunflora\n|-supereffective|p2a: Sunflora\n|-damage|p2a: Sunflora|78/312\n|-heal|p1a: Dusknoir|225/225|[from] drain|[of] p2a: Sunflora\n|-damage|p1a: Dusknoir|203/225|[from] item: Life Orb\n|move|p1b: Gastrodon|Icy Wind|p2a: Sunflora|[spread] p2a,p2b\n|-supereffective|p2a: Sunflora\n|-supereffective|p2b: Tropius\n|-damage|p2a: Sunflora|30/312\n|-damage|p2b: Tropius|243/339\n|-unboost|p2a: Sunflora|spe|1\n|-unboost|p2b: Tropius|spe|1\n|move|p2a: Sunflora|Leaf Storm|p1b: Gastrodon\n|-resisted|p1b: Gastrodon\n|-damage|p1b: Gastrodon|222/316\n|-unboost|p2a: Sunflora|spa|2\n|-damage|p2a: Sunflora|0 fnt|[from] item: Life Orb\n|faint|p2a: Sunflora\n|move|p2b: Tropius|Energy Ball|p1a: Dusknoir\n|-damage|p1a: Dusknoir|142/225\n|\n|upkeep\n|inactive|pejelegante has 120 seconds left.\n|\n|t:|1770932675\n|switch|p2a: Bellibolt|Bellibolt, L81, M|309/309\n|turn|7\n|\n|t:|1770932684\n|move|p2b: Tropius|Wide Guard|p2b: Tropius\n|-singleturn|p2b: Tropius|Wide Guard\n|move|p1a: Dusknoir|Poltergeist|p2b: Tropius\n|-activate|p2b: Tropius|move: Poltergeist|Sitrus Berry\n|-damage|p2b: Tropius|86/339\n|-enditem|p2b: Tropius|Sitrus Berry|[eat]\n|-heal|p2b: Tropius|170/339|[from] item: Sitrus Berry\n|-damage|p1a: Dusknoir|120/225|[from] item: Life Orb\n|move|p1b: Gastrodon|Earth Power|p2a: Bellibolt\n|-supereffective|p2a: Bellibolt\n|-damage|p2a: Bellibolt|121/309\n|-start|p2a: Bellibolt|Charge|Earth Power|[from] ability: Electromorphosis\n|-enditem|p2a: Bellibolt|Sitrus Berry|[eat]\n|-heal|p2a: Bellibolt|198/309|[from] item: Sitrus Berry\n|move|p2a: Bellibolt|Thunderbolt|p1b: Gastrodon\n|-damage|p1b: Gastrodon|93/316\n|-status|p1b: Gastrodon|par\n|-end|p2a: Bellibolt|Charge|[silent]\n|\n|upkeep\n|turn|8\n|inactive|scumspog has 90 seconds left.\n|\n|t:|1770932717\n|move|p1b: Gastrodon|Earth Power|p2a: Bellibolt\n|-supereffective|p2a: Bellibolt\n|-damage|p2a: Bellibolt|10/309\n|-start|p2a: Bellibolt|Charge|Earth Power|[from] ability: Electromorphosis\n|move|p1a: Dusknoir|Poltergeist||[still]\n|-fail|p1a: Dusknoir\n|move|p2b: Tropius|Tailwind|p2b: Tropius\n|-sidestart|p2: pejelegante|move: Tailwind\n|move|p2a: Bellibolt|Thunderbolt|p1a: Dusknoir\n|-damage|p1a: Dusknoir|0 fnt\n|faint|p1a: Dusknoir\n|-end|p2a: Bellibolt|Charge|[silent]\n|\n|-fieldend|move: Trick Room\n|-item|p2b: Tropius|Sitrus Berry|[from] ability: Harvest\n|upkeep\n|\n|t:|1770932729\n|switch|p1a: Dragapult|Dragapult, L79, M|43/269\n|turn|9\n|\n|t:|1770932743\n|move|p2b: Tropius|Wide Guard|p2b: Tropius\n|-singleturn|p2b: Tropius|Wide Guard\n|move|p1a: Dragapult|Dragon Darts|p2b: Tropius\n|-damage|p2b: Tropius|99/339\n|-enditem|p2b: Tropius|Sitrus Berry|[eat]\n|-heal|p2b: Tropius|183/339|[from] item: Sitrus Berry\n|-anim|p1a: Dragapult|Dragon Darts|p2a: Bellibolt\n|-damage|p2a: Bellibolt|0 fnt\n|faint|p2a: Bellibolt\n|-damage|p1a: Dragapult|17/269|[from] item: Life Orb\n|move|p1b: Gastrodon|Icy Wind|p2b: Tropius\n|-activate|p2b: Tropius|move: Wide Guard\n|\n|upkeep\n|\n|t:|1770932752\n|switch|p2a: Lycanroc|Lycanroc-Midnight, L84, F|280/280\n|turn|10\n|inactive|scumspog has 90 seconds left.\n|\n|t:|1770932789\n|move|p1a: Dragapult|Protect|p1a: Dragapult\n|-singleturn|p1a: Dragapult|Protect\n|move|p2a: Lycanroc|Rock Slide|p1a: Dragapult|[spread] p1b\n|-activate|p1a: Dragapult|move: Protect\n|-supereffective|p1b: Gastrodon\n|-damage|p1b: Gastrodon|0 fnt\n|faint|p1b: Gastrodon\n|move|p2b: Tropius|Energy Ball|p1a: Dragapult\n|-activate|p1a: Dragapult|move: Protect\n|\n|upkeep\n|\n|t:|1770932796\n|switch|p1b: Cobalion|Cobalion, L79|273/273\n|turn|11\n|c|☆pejelegante|mmm... oh well, updates I guess haha\n|inactive|scumspog has 90 seconds left.\n|\n|t:|1770932817\n|switch|p2b: Plusle|Plusle, L92, M|153/260\n|-terastallize|p2a: Lycanroc|Fighting\n|move|p1a: Dragapult|Protect||[still]\n|-fail|p1a: Dragapult\n|move|p2a: Lycanroc|Rock Slide|p1a: Dragapult|[spread] p1a,p1b\n|-resisted|p1b: Cobalion\n|-damage|p1a: Dragapult|0 fnt\n|-damage|p1b: Cobalion|260/273\n|faint|p1a: Dragapult\n|cant|p1b: Cobalion|flinch\n|\n|-heal|p1b: Cobalion|273/273|[from] item: Leftovers\n|-sideend|p2: pejelegante|move: Tailwind\n|upkeep\n|turn|12\n|inactive|scumspog has 90 seconds left.\n|\n|t:|1770932842\n|switch|p2a: Tropius|Tropius, L94, F|183/339\n|move|p2b: Plusle|Nuzzle|p1b: Cobalion\n|-damage|p1b: Cobalion|260/273\n|-status|p1b: Cobalion|par\n|move|p1b: Cobalion|Body Press|p2b: Plusle\n|-damage|p2b: Plusle|0 fnt\n|faint|p2b: Plusle\n|\n|-heal|p1b: Cobalion|273/273 par|[from] item: Leftovers\n|-item|p2a: Tropius|Sitrus Berry|[from] ability: Harvest\n|upkeep\n|\n|t:|1770932848\n|switch|p2b: Lycanroc|Lycanroc-Midnight, L84, F, tera:Fighting|280/280\n|turn|13\n|\n|t:|1770932857\n|move|p1b: Cobalion|Protect|p1b: Cobalion\n|-singleturn|p1b: Cobalion|Protect\n|move|p2b: Lycanroc|Close Combat|p1b: Cobalion\n|-activate|p1b: Cobalion|move: Protect\n|move|p2a: Tropius|Hurricane|p1b: Cobalion\n|-activate|p1b: Cobalion|move: Protect\n|\n|upkeep\n|turn|14\n|\n|t:|1770932867\n|move|p2b: Lycanroc|Close Combat|p1b: Cobalion\n|-supereffective|p1b: Cobalion\n|-damage|p1b: Cobalion|45/273 par\n|-unboost|p2b: Lycanroc|def|1\n|-unboost|p2b: Lycanroc|spd|1\n|move|p2a: Tropius|Hurricane|p1b: Cobalion\n|-damage|p1b: Cobalion|0 fnt\n|faint|p1b: Cobalion\n|\n|win|pejelegante\n|raw|scumspog's rating: 1732 &rarr; <strong>1719</strong><br />(-13 for losing)\n|raw|pejelegante's rating: 1856 &rarr; <strong>1869</strong><br />(+13 for winning)\n|l|☆scumspog\n|player|p1|\n|c|☆pejelegante|Gg\n", "inputlog": ">version ccdc32dd7cde25fd9e4bed64820e885f66e78a4e\n>start {\"formatid\":\"gen9randomdoublesbattle\",\"seed\":\"sodium,49cbdb7e346c6abb26208bf8b729a49a\",\"rated\":\"Rated battle\"}\n>player p1 {\"name\":\"scumspog\",\"avatar\":\"pryce\",\"rating\":1732,\"seed\":\"sodium,7620ef88b42af55db8ccb8d21234f1d2\"}\n>player p2 {\"name\":\"pejelegante\",\"avatar\":\"hugh\",\"rating\":1856,\"seed\":\"sodium,38530b57b2d1ded1f9507f75efb4cd87\"}\n>p1 move dragondarts +1, move protect\n>p2 move nuzzle +2, move suckerpunch +1\n>p1 switch 6, move iciclespear +1\n>p2 move encore +2, move suckerpunch +1\n>p1 move drainpunch +1, move protect\n>p2 move thunderbolt +1, move stompingtantrum +1\n>chat ☆pejelegante|Wait\n>p1 switch 5, pass\n>chat ☆pejelegante|How did you manage to switch your Dragapult out of the battle if my Dugtrio has Arena Trap? \n>p1 move trickroom, move protect\n>p2 move thunderbolt +2, move stompingtantrum +1\n>chat ☆scumspog|i dont think it affects ghost types\n>p1 pass, switch 4\n>chat ☆pejelegante|Shadow trap is what doesn't affect ghost types ._.\n>chat ☆pejelegante|unless they've changed it in this latest generation \n>p1 move protect, move muddywater\n>p2 switch 3, move suckerpunch +1\n>p2 pass, switch 5\n>chat ☆scumspog|my dusknoir had the option to switch\n>chat ☆scumspog|so im guessing there was a change\n>p1 move leechlife +1, move icywind terastallize\n>p2 move leafstorm +2, move energyball +1\n>p2 switch 6, pass\n>p1 move poltergeist +2, move earthpower +1\n>p2 move thunderbolt +2, move wideguard\n>p1 move poltergeist +1, move earthpower +1\n>p2 move thunderbolt +1, move tailwind\n>p1 switch 6, pass\n>p1 move dragondarts +2, move icywind\n>p2 move thunderbolt +2, move wideguard\n>p2 switch 4, pass\n>p1 move protect, move earthpower +1\n>p2 move rockslide, move energyball +1\n>p1 pass, switch 3\n>chat ☆pejelegante|mmm... oh well, updates I guess haha \n>p1 move protect, move heavyslam +1\n>p2 move rockslide terastallize, switch 3\n>p1 pass, move bodypress +2\n>p2 switch 3, move nuzzle +2\n>p2 pass, switch 3\n>p1 pass, move protect\n>p2 move hurricane +2, move closecombat +2\n>p1 pass, move bodypress +2\n>p2 move hurricane +2, move closecombat +2", "uploadtime": 1770932879, "views": 68, "formatid": "gen9randomdoublesbattle", "rating": 1719, "private": 0, "password": null}