{"id": "gen9randomdoublesbattle-2539508131", "format": "[Gen 9] Random Doubles Battle", "players": ["unaware clodsire", "yannick69"], "log": "|j|☆unaware clodsire\n|j|☆yannick69\n|t:|1771072943\n|gametype|doubles\n|player|p1|unaware clodsire|acetrainerf-gen7|1918\n|player|p2|yannick69|hiker-gen4|1762\n|gen|9\n|tier|[Gen 9] Random Doubles Battle\n|rated|\n|rule|Species Clause: Limit one of each Pokémon\n|rule|HP Percentage Mod: HP is shown in percentages\n|rule|Illusion Level Mod: Illusion disguises the Pokémon's true level\n|rule|Sleep Clause Mod: Limit one foe put to sleep\n|\n|t:|1771072943\n|teamsize|p1|6\n|teamsize|p2|6\n|start\n|switch|p1a: Gliscor|Gliscor, L81, F|254/254\n|switch|p1b: Flutter Mane|Flutter Mane, L73|201/201\n|switch|p2a: Haxorus|Haxorus, L84, M|265/265\n|switch|p2b: Charizard|Charizard, L82, M|262/262\n|-ability|p2a: Haxorus|Unnerve\n|turn|1\n|inactive|Battle timer is ON: inactive players will automatically lose when time's up. (requested by unaware clodsire)\n|\n|t:|1771072966\n|move|p2a: Haxorus|Protect|p2a: Haxorus\n|-singleturn|p2a: Haxorus|Protect\n|move|p1b: Flutter Mane|Shadow Ball|p2b: Charizard\n|-damage|p2b: Charizard|153/262\n|-damage|p1b: Flutter Mane|181/201|[from] item: Life Orb\n|move|p2b: Charizard|Heat Wave|p1a: Gliscor|[spread] p1a,p1b\n|-damage|p1a: Gliscor|145/254\n|-damage|p1b: Flutter Mane|99/201\n|-damage|p2b: Charizard|127/262|[from] item: Life Orb\n|move|p1a: Gliscor|Swords Dance|p1a: Gliscor\n|-boost|p1a: Gliscor|atk|2\n|\n|-status|p1a: Gliscor|tox|[from] item: Toxic Orb\n|upkeep\n|turn|2\n|\n|t:|1771072985\n|move|p2b: Charizard|Protect|p2b: Charizard\n|-singleturn|p2b: Charizard|Protect\n|move|p1b: Flutter Mane|Moonblast|p2a: Haxorus\n|-supereffective|p2a: Haxorus\n|-damage|p2a: Haxorus|0 fnt\n|faint|p2a: Haxorus\n|-damage|p1b: Flutter Mane|79/201|[from] item: Life Orb\n|move|p1a: Gliscor|Facade|p2b: Charizard\n|-activate|p2b: Charizard|move: Protect\n|\n|-heal|p1a: Gliscor|176/254 tox|[from] ability: Poison Heal\n|upkeep\n|\n|t:|1771072992\n|switch|p2a: Diancie|Diancie, L77|204/204\n|turn|3\n|\n|t:|1771073018\n|-terastallize|p2a: Diancie|Steel\n|move|p1b: Flutter Mane|Shadow Ball|p2b: Charizard\n|-damage|p2b: Charizard|14/262\n|-unboost|p2b: Charizard|spd|1\n|-damage|p1b: Flutter Mane|59/201|[from] item: Life Orb\n|move|p2b: Charizard|Heat Wave|p1b: Flutter Mane|[spread] p1a,p1b\n|-damage|p1a: Gliscor|7/254 tox\n|-damage|p1b: Flutter Mane|0 fnt\n|faint|p1b: Flutter Mane\n|-end|p1b: Flutter Mane|Protosynthesis|[silent]\n|-damage|p2b: Charizard|0 fnt|[from] item: Life Orb\n|faint|p2b: Charizard\n|move|p1a: Gliscor|Swords Dance|p1a: Gliscor\n|-boost|p1a: Gliscor|atk|2\n|move|p2a: Diancie|Diamond Storm|p1a: Gliscor\n|-damage|p1a: Gliscor|0 fnt\n|-boost|p2a: Diancie|def|2\n|faint|p1a: Gliscor\n|\n|upkeep\n|c|☆unaware clodsire|oh shit\n|inactive|unaware clodsire has 120 seconds left.\n|c|☆unaware clodsire|oops\n|inactive|unaware clodsire has 90 seconds left.\n|\n|t:|1771073073\n|switch|p1b: Crawdaunt|Crawdaunt, L87, M|251/251\n|switch|p2b: Gumshoos|Gumshoos, L93, M|315/315\n|switch|p1a: Florges|Florges-Blue, L84, F|268/268\n|turn|4\n|inactive|unaware clodsire has 90 seconds left.\n|\n|t:|1771073102\n|move|p1a: Florges|Protect|p1a: Florges\n|-singleturn|p1a: Florges|Protect\n|move|p1b: Crawdaunt|Knock Off|p2a: Diancie\n|-damage|p2a: Diancie|123/204\n|-enditem|p2a: Diancie|Sitrus Berry|[from] move: Knock Off|[of] p1b: Crawdaunt\n|-damage|p1b: Crawdaunt|226/251|[from] item: Life Orb\n|move|p2b: Gumshoos|Double-Edge|p1a: Florges\n|-activate|p1a: Florges|move: Protect\n|move|p2a: Diancie|Trick Room|p2a: Diancie\n|-fieldstart|move: Trick Room|[of] p2a: Diancie\n|\n|upkeep\n|turn|5\n|inactive|unaware clodsire has 90 seconds left.\n|\n|t:|1771073135\n|-terastallize|p1a: Florges|Steel\n|move|p2a: Diancie|Diamond Storm|p1b: Crawdaunt|[spread] p1a,p1b\n|-resisted|p1a: Florges\n|-damage|p1a: Florges|225/268\n|-damage|p1b: Crawdaunt|153/251\n|move|p2b: Gumshoos|Double-Edge|p1a: Florges\n|-resisted|p1a: Florges\n|-damage|p1a: Florges|8/268\n|-damage|p2b: Gumshoos|243/315|[from] Recoil\n|move|p1b: Crawdaunt|Crabhammer|p2a: Diancie\n|-damage|p2a: Diancie|37/204\n|-damage|p1b: Crawdaunt|128/251|[from] item: Life Orb\n|move|p1a: Florges|Moonblast|p2b: Gumshoos\n|-damage|p2b: Gumshoos|114/315\n|\n|-heal|p1a: Florges|24/268|[from] item: Leftovers\n|upkeep\n|turn|6\n|inactive|unaware clodsire has 90 seconds left.\n|\n|t:|1771073162\n|move|p1a: Florges|Protect|p1a: Florges\n|-singleturn|p1a: Florges|Protect\n|move|p1b: Crawdaunt|Aqua Jet|p2a: Diancie\n|-damage|p2a: Diancie|1/204\n|-damage|p1b: Crawdaunt|103/251|[from] item: Life Orb\n|move|p2a: Diancie|Diamond Storm|p1a: Florges|[spread] p1b\n|-activate|p1a: Florges|move: Protect\n|-damage|p1b: Crawdaunt|31/251\n|-boost|p2a: Diancie|def|2\n|move|p2b: Gumshoos|Double-Edge|p1b: Crawdaunt\n|-damage|p1b: Crawdaunt|0 fnt\n|faint|p1b: Crawdaunt\n|-damage|p2b: Gumshoos|104/315|[from] Recoil\n|\n|-heal|p1a: Florges|40/268|[from] item: Leftovers\n|upkeep\n|inactive|unaware clodsire has 60 seconds left.\n|\n|t:|1771073184\n|switch|p1b: Victreebel|Victreebel, L91, M|293/293\n|turn|7\n|\n|t:|1771073194\n|switch|p1a: Espeon|Espeon, L84, F|246/246\n|move|p2a: Diancie|Protect|p2a: Diancie\n|-singleturn|p2a: Diancie|Protect\n|move|p2b: Gumshoos|Double-Edge|p1b: Victreebel\n|-damage|p1b: Victreebel|0 fnt\n|faint|p1b: Victreebel\n|-damage|p2b: Gumshoos|7/315|[from] Recoil\n|\n|upkeep\n|\n|t:|1771073197\n|switch|p1b: Florges|Florges-Blue, L84, F, tera:Steel|40/268\n|turn|8\n|\n|t:|1771073209\n|move|p1b: Florges|Protect|p1b: Florges\n|-singleturn|p1b: Florges|Protect\n|move|p1a: Espeon|Protect|p1a: Espeon\n|-singleturn|p1a: Espeon|Protect\n|move|p2a: Diancie|Diamond Storm|p1a: Espeon|[spread] \n|-activate|p1a: Espeon|move: Protect\n|-activate|p1b: Florges|move: Protect\n|move|p2b: Gumshoos|Double-Edge|p1a: Espeon\n|-activate|p1a: Espeon|move: Protect\n|\n|-heal|p1b: Florges|56/268|[from] item: Leftovers\n|-fieldend|move: Trick Room\n|upkeep\n|turn|9\n|inactive|unaware clodsire has 120 seconds left.\n|\n|t:|1771073222\n|move|p1a: Espeon|Psychic|p2b: Gumshoos\n|-damage|p2b: Gumshoos|0 fnt\n|faint|p2b: Gumshoos\n|-damage|p1a: Espeon|222/246|[from] item: Life Orb\n|move|p1b: Florges|Moonblast|p2a: Diancie\n|-resisted|p2a: Diancie\n|-damage|p2a: Diancie|0 fnt\n|faint|p2a: Diancie\n|\n|-heal|p1b: Florges|72/268|[from] item: Leftovers\n|upkeep\n|\n|t:|1771073225\n|switch|p2b: Bellibolt|Bellibolt, L81, F|309/309\n|switch|p2a: Oinkologne|Oinkologne, L92, M|352/352\n|turn|10\n|\n|t:|1771073239\n|move|p1a: Espeon|Psychic|p2a: Oinkologne\n|-damage|p2a: Oinkologne|187/352\n|-damage|p1a: Espeon|198/246|[from] item: Life Orb\n|move|p1b: Florges|Synthesis|p1b: Florges\n|-heal|p1b: Florges|206/268\n|move|p2a: Oinkologne|Lash Out|p1b: Florges\n|-damage|p1b: Florges|131/268\n|move|p2b: Bellibolt|Muddy Water|p1b: Florges|[spread] p1a,p1b\n|-crit|p1b: Florges\n|-damage|p1a: Espeon|151/246\n|-damage|p1b: Florges|83/268\n|\n|-heal|p1b: Florges|99/268|[from] item: Leftovers\n|upkeep\n|turn|11\n|\n|t:|1771073271\n|move|p1a: Espeon|Psychic|p2a: Oinkologne\n|-damage|p2a: Oinkologne|43/352\n|-enditem|p2a: Oinkologne|Aguav Berry|[eat]\n|-heal|p2a: Oinkologne|160/352|[from] item: Aguav Berry\n|-damage|p1a: Espeon|127/246|[from] item: Life Orb\n|move|p1b: Florges|Moonblast|p2a: Oinkologne\n|-damage|p2a: Oinkologne|42/352\n|-unboost|p2a: Oinkologne|spa|1\n|move|p2a: Oinkologne|Double-Edge|p1a: Espeon\n|-crit|p1a: Espeon\n|-damage|p1a: Espeon|0 fnt\n|faint|p1a: Espeon\n|-damage|p2a: Oinkologne|0 fnt|[from] Recoil\n|faint|p2a: Oinkologne\n|move|p2b: Bellibolt|Thunder Wave|p1b: Florges\n|-status|p1b: Florges|par\n|\n|-heal|p1b: Florges|115/268 par|[from] item: Leftovers\n|upkeep\n|turn|12\n|\n|t:|1771073288\n|cant|p1b: Florges|par\n|move|p2b: Bellibolt|Thunderbolt|p1b: Florges\n|-damage|p1b: Florges|58/268 par\n|\n|-heal|p1b: Florges|74/268 par|[from] item: Leftovers\n|upkeep\n|turn|13\n|\n|t:|1771073297\n|move|p2b: Bellibolt|Thunderbolt|p1b: Florges\n|-damage|p1b: Florges|11/268 par\n|move|p1b: Florges|Synthesis|p1b: Florges\n|-heal|p1b: Florges|145/268 par\n|\n|-heal|p1b: Florges|161/268 par|[from] item: Leftovers\n|upkeep\n|turn|14\n|\n|t:|1771073304\n|cant|p1b: Florges|par\n|move|p2b: Bellibolt|Muddy Water|p1b: Florges\n|-damage|p1b: Florges|122/268 par\n|\n|-heal|p1b: Florges|138/268 par|[from] item: Leftovers\n|upkeep\n|turn|15\n|\n|t:|1771073311\n|move|p1b: Florges|Protect|p1b: Florges\n|-singleturn|p1b: Florges|Protect\n|move|p2b: Bellibolt|Muddy Water|p1b: Florges\n|-activate|p1b: Florges|move: Protect\n|\n|-heal|p1b: Florges|154/268 par|[from] item: Leftovers\n|upkeep\n|turn|16\n|\n|t:|1771073315\n|move|p2b: Bellibolt|Muddy Water|p1b: Florges|[miss]\n|-miss|p2b: Bellibolt|p1b: Florges\n|cant|p1b: Florges|par\n|\n|-heal|p1b: Florges|170/268 par|[from] item: Leftovers\n|upkeep\n|turn|17\n|\n|t:|1771073319\n|move|p2b: Bellibolt|Muddy Water|p1b: Florges\n|-damage|p1b: Florges|128/268 par\n|cant|p1b: Florges|par\n|\n|-heal|p1b: Florges|144/268 par|[from] item: Leftovers\n|upkeep\n|turn|18\n|\n|t:|1771073325\n|move|p2b: Bellibolt|Muddy Water|p1b: Florges\n|-damage|p1b: Florges|104/268 par\n|-unboost|p1b: Florges|accuracy|1\n|move|p1b: Florges|Calm Mind|p1b: Florges\n|-boost|p1b: Florges|spa|1\n|-boost|p1b: Florges|spd|1\n|\n|-heal|p1b: Florges|120/268 par|[from] item: Leftovers\n|upkeep\n|turn|19\n|\n|t:|1771073334\n|move|p1b: Florges|Protect|p1b: Florges\n|-singleturn|p1b: Florges|Protect\n|move|p2b: Bellibolt|Thunderbolt|p1b: Florges\n|-activate|p1b: Florges|move: Protect\n|\n|-heal|p1b: Florges|136/268 par|[from] item: Leftovers\n|upkeep\n|turn|20\n|\n|t:|1771073336\n|move|p2b: Bellibolt|Thunderbolt|p1b: Florges\n|-damage|p1b: Florges|93/268 par\n|cant|p1b: Florges|par\n|\n|-heal|p1b: Florges|109/268 par|[from] item: Leftovers\n|upkeep\n|turn|21\n|\n|t:|1771073341\n|move|p2b: Bellibolt|Muddy Water|p1b: Florges\n|-damage|p1b: Florges|83/268 par\n|-unboost|p1b: Florges|accuracy|1\n|cant|p1b: Florges|par\n|\n|-heal|p1b: Florges|99/268 par|[from] item: Leftovers\n|upkeep\n|turn|22\n|\n|t:|1771073347\n|move|p2b: Bellibolt|Thunderbolt|p1b: Florges\n|-damage|p1b: Florges|59/268 par\n|cant|p1b: Florges|par\n|\n|-heal|p1b: Florges|75/268 par|[from] item: Leftovers\n|upkeep\n|turn|23\n|\n|t:|1771073352\n|move|p2b: Bellibolt|Thunderbolt|p1b: Florges\n|-damage|p1b: Florges|38/268 par\n|move|p1b: Florges|Synthesis|p1b: Florges\n|-heal|p1b: Florges|172/268 par\n|\n|-heal|p1b: Florges|188/268 par|[from] item: Leftovers\n|upkeep\n|turn|24\n|\n|t:|1771073357\n|move|p2b: Bellibolt|Muddy Water|p1b: Florges\n|-damage|p1b: Florges|162/268 par\n|move|p1b: Florges|Calm Mind|p1b: Florges\n|-boost|p1b: Florges|spa|1\n|-boost|p1b: Florges|spd|1\n|\n|-heal|p1b: Florges|178/268 par|[from] item: Leftovers\n|upkeep\n|turn|25\n|\n|t:|1771073362\n|move|p1b: Florges|Protect|p1b: Florges\n|-singleturn|p1b: Florges|Protect\n|move|p2b: Bellibolt|Muddy Water|p1b: Florges\n|-activate|p1b: Florges|move: Protect\n|\n|-heal|p1b: Florges|194/268 par|[from] item: Leftovers\n|upkeep\n|turn|26\n|\n|t:|1771073365\n|move|p2b: Bellibolt|Muddy Water|p1b: Florges\n|-damage|p1b: Florges|174/268 par\n|move|p1b: Florges|Calm Mind|p1b: Florges\n|-boost|p1b: Florges|spa|1\n|-boost|p1b: Florges|spd|1\n|\n|-heal|p1b: Florges|190/268 par|[from] item: Leftovers\n|upkeep\n|turn|27\n|\n|t:|1771073374\n|move|p2b: Bellibolt|Muddy Water|p1b: Florges\n|-damage|p1b: Florges|174/268 par\n|move|p1b: Florges|Moonblast|p2b: Bellibolt\n|-damage|p2b: Bellibolt|0 fnt\n|faint|p2b: Bellibolt\n|\n|win|unaware clodsire\n|raw|unaware clodsire's rating: 1918 &rarr; <strong>1930</strong><br />(+12 for winning)\n|raw|yannick69's rating: 1762 &rarr; <strong>1750</strong><br />(-12 for losing)\n|l|☆yannick69\n|player|p2|\n", "inputlog": ">version ccdc32dd7cde25fd9e4bed64820e885f66e78a4e\n>start {\"formatid\":\"gen9randomdoublesbattle\",\"seed\":\"sodium,b9282bd1c999a78d3a2bc7fa9c8e055a\",\"rated\":\"Rated battle\"}\n>player p1 {\"name\":\"unaware clodsire\",\"avatar\":\"acetrainerf-gen7\",\"rating\":1918,\"seed\":\"sodium,6277ae0ffda807c3ef1decdca0e0b231\"}\n>player p2 {\"name\":\"yannick69\",\"avatar\":\"hiker-gen4\",\"rating\":1762,\"seed\":\"sodium,4a86a22965a93d5e090c431c4cbfea61\"}\n>p1 move swordsdance, move shadowball +2\n>p2 move protect, move heatwave\n>p1 move facade +2, move moonblast +1\n>p2 move scaleshot +1, move protect\n>p2 switch 4, pass\n>p1 move swordsdance, move shadowball +2\n>p2 move diamondstorm terastallize, move heatwave\n>chat ☆unaware clodsire|oh shit\n>chat ☆unaware clodsire|oops\n>p1 switch 3, switch 4\n>p2 pass, switch 5\n>p1 move protect, move knockoff +1\n>p2 move trickroom, move doubleedge +1\n>p1 move moonblast +2 terastallize, move crabhammer +1\n>p2 move diamondstorm, move doubleedge +1\n>p1 move protect, move aquajet +1\n>p2 move diamondstorm, move doubleedge +2\n>p1 pass, switch 5\n>p1 switch 6, move knockoff +1\n>p2 move protect, move doubleedge +2\n>p1 pass, switch 6\n>p1 move protect, move protect\n>p2 move diamondstorm, move doubleedge +1\n>p1 move psychic +2, move moonblast +1\n>p2 move trickroom, move doubleedge +2\n>p2 switch 3, switch 6\n>p1 move psychic +1, move synthesis\n>p2 move lashout +2, move muddywater\n>p1 move psychic +1, move moonblast +1\n>p2 move doubleedge +1, move thunderwave +2\n>p1 pass, move protect\n>p2 pass, move thunderbolt +2\n>p1 pass, move synthesis\n>p2 pass, move thunderbolt +2\n>p1 pass, move protect\n>p2 pass, move muddywater\n>p1 pass, move protect\n>p2 pass, move muddywater\n>p1 pass, move calmmind\n>p2 pass, move muddywater\n>p1 pass, move calmmind\n>p2 pass, move muddywater\n>p1 pass, move calmmind\n>p2 pass, move muddywater\n>p1 pass, move protect\n>p2 pass, move thunderbolt +2\n>p1 pass, move synthesis\n>p2 pass, move thunderbolt +2\n>p1 pass, move synthesis\n>p2 pass, move muddywater\n>p1 pass, move synthesis\n>p2 pass, move thunderbolt +2\n>p1 pass, move synthesis\n>p2 pass, move thunderbolt +2\n>p1 pass, move calmmind\n>p2 pass, move muddywater\n>p1 pass, move protect\n>p2 pass, move muddywater\n>p1 pass, move calmmind\n>p2 pass, move muddywater\n>p1 pass, move moonblast +2\n>p2 pass, move muddywater", "uploadtime": 1771073381, "views": 69, "formatid": "gen9randomdoublesbattle", "rating": 1750, "private": 0, "password": null}