{"id": "gen9randomdoublesbattle-2540839616", "format": "[Gen 9] Random Doubles Battle", "players": ["oritsameret", "KokoXD2024"], "log": "|j|☆oritsameret\n|j|☆KokoXD2024\n|t:|1771259399\n|gametype|doubles\n|player|p1|oritsameret|266|1646\n|player|p2|KokoXD2024|burglar|1621\n|gen|9\n|tier|[Gen 9] Random Doubles Battle\n|rated|\n|rule|Species Clause: Limit one of each Pokémon\n|rule|HP Percentage Mod: HP is shown in percentages\n|rule|Illusion Level Mod: Illusion disguises the Pokémon's true level\n|rule|Sleep Clause Mod: Limit one foe put to sleep\n|\n|t:|1771259399\n|teamsize|p1|6\n|teamsize|p2|6\n|start\n|switch|p1a: Rhyperior|Rhyperior, L82, F|323/323\n|switch|p1b: Lucario|Lucario, L86, F|261/261\n|switch|p2a: Vespiquen|Vespiquen, F|302/302\n|switch|p2b: Swanna|Swanna, L87, M|272/272\n|-ability|p2a: Vespiquen|Unnerve\n|turn|1\n|inactive|Battle timer is ON: inactive players will automatically lose when time's up. (requested by KokoXD2024)\n|\n|t:|1771259426\n|switch|p1a: Baxcalibur|Baxcalibur, L78, M|307/307\n|move|p2a: Vespiquen|Helping Hand|p2b: Swanna\n|-singleturn|p2b: Swanna|Helping Hand|[of] p2a: Vespiquen\n|move|p2b: Swanna|Hydro Pump|p1a: Baxcalibur\n|-resisted|p1a: Baxcalibur\n|-damage|p1a: Baxcalibur|217/307\n|move|p1b: Lucario|Rock Slide|p2b: Swanna|[spread] p2a\n|-miss|p1b: Lucario|p2b: Swanna\n|-supereffective|p2a: Vespiquen\n|-damage|p2a: Vespiquen|82/302\n|-enditem|p2a: Vespiquen|Sitrus Berry|[eat]\n|-heal|p2a: Vespiquen|157/302|[from] item: Sitrus Berry\n|\n|upkeep\n|turn|2\n|inactive|KokoXD2024 has 120 seconds left.\n|\n|t:|1771259467\n|switch|p2a: Perrserker|Perrserker, L88, M|266/266\n|move|p2b: Swanna|Tailwind|p2b: Swanna\n|-sidestart|p2: KokoXD2024|move: Tailwind\n|move|p1b: Lucario|Rock Slide|p2a: Perrserker|[spread] p2a\n|-miss|p1b: Lucario|p2b: Swanna\n|-resisted|p2a: Perrserker\n|-damage|p2a: Perrserker|236/266\n|move|p1a: Baxcalibur|Icicle Crash|p2b: Swanna\n|-damage|p2b: Swanna|88/272\n|-enditem|p2b: Swanna|Sitrus Berry|[eat]\n|-heal|p2b: Swanna|156/272|[from] item: Sitrus Berry\n|\n|upkeep\n|turn|3\n|inactive|KokoXD2024 has 120 seconds left.\n|inactive|oritsameret has 120 seconds left.\n|inactive|oritsameret has 90 seconds left.\n|c|☆oritsameret|rigged\n|\n|t:|1771259532\n|switch|p1a: Pelipper|Pelipper, L83, F|235/235\n|-weather|RainDance|[from] ability: Drizzle|[of] p1a: Pelipper\n|move|p2b: Swanna|Brave Bird|p1b: Lucario\n|-damage|p1b: Lucario|116/261\n|-damage|p2b: Swanna|108/272|[from] Recoil\n|move|p2a: Perrserker|Close Combat|p1b: Lucario\n|-supereffective|p1b: Lucario\n|-damage|p1b: Lucario|0 fnt\n|-unboost|p2a: Perrserker|def|1\n|-unboost|p2a: Perrserker|spd|1\n|faint|p1b: Lucario\n|\n|-weather|RainDance|[upkeep]\n|upkeep\n|\n|t:|1771259547\n|switch|p1b: Baxcalibur|Baxcalibur, L78, M|217/307\n|turn|4\n|inactive|KokoXD2024 has 120 seconds left.\n|\n|t:|1771259590\n|move|p1b: Baxcalibur|Ice Shard|p2b: Swanna\n|-damage|p2b: Swanna|8/272\n|move|p2b: Swanna|Brave Bird|p1a: Pelipper\n|-damage|p1a: Pelipper|126/235\n|-damage|p2b: Swanna|0 fnt|[from] Recoil\n|faint|p2b: Swanna\n|move|p2a: Perrserker|Close Combat|p1b: Baxcalibur\n|-supereffective|p1b: Baxcalibur\n|-damage|p1b: Baxcalibur|0 fnt\n|-unboost|p2a: Perrserker|def|1\n|-unboost|p2a: Perrserker|spd|1\n|faint|p1b: Baxcalibur\n|move|p1a: Pelipper|Tailwind|p1a: Pelipper\n|-sidestart|p1: oritsameret|move: Tailwind\n|\n|-weather|RainDance|[upkeep]\n|upkeep\n|inactive|KokoXD2024 has 90 seconds left.\n|\n|t:|1771259619\n|switch|p2b: Alcremie|Alcremie-Ruby-Cream, L90, F|263/263\n|switch|p1b: Rhyperior|Rhyperior, L82, F|323/323\n|turn|5\n|inactive|oritsameret has 120 seconds left.\n|inactive|KokoXD2024 has 90 seconds left.\n|\n|t:|1771259652\n|switch|p2a: Great Tusk|Great Tusk, L81|319/319\n|move|p2b: Alcremie|Encore|p1a: Pelipper\n|-start|p1a: Pelipper|Encore\n|move|p1a: Pelipper|Tailwind||[still]\n|-fail|p1a: Pelipper\n|move|p1b: Rhyperior|Rock Polish|p1b: Rhyperior\n|-boost|p1b: Rhyperior|spe|2\n|\n|-weather|RainDance|[upkeep]\n|-sideend|p2: KokoXD2024|move: Tailwind\n|upkeep\n|turn|6\n|inactive|KokoXD2024 has 90 seconds left.\n|\n|t:|1771259680\n|switch|p1a: Clefable|Clefable, L87, M|307/307\n|move|p1b: Rhyperior|Rock Slide|p2a: Great Tusk|[spread] p2a,p2b\n|-resisted|p2a: Great Tusk\n|-damage|p2a: Great Tusk|306/319\n|-damage|p2b: Alcremie|181/263\n|move|p2a: Great Tusk|Close Combat|p1b: Rhyperior\n|-supereffective|p1b: Rhyperior\n|-damage|p1b: Rhyperior|166/323\n|-unboost|p2a: Great Tusk|def|1\n|-unboost|p2a: Great Tusk|spd|1\n|-enditem|p1b: Rhyperior|Weakness Policy\n|-boost|p1b: Rhyperior|atk|2|[from] item: Weakness Policy\n|-boost|p1b: Rhyperior|spa|2|[from] item: Weakness Policy\n|move|p2b: Alcremie|Decorate|p2a: Great Tusk\n|-boost|p2a: Great Tusk|atk|2\n|-boost|p2a: Great Tusk|spa|2\n|\n|-weather|RainDance|[upkeep]\n|upkeep\n|turn|7\n|inactive|KokoXD2024 has 90 seconds left.\n|inactive|oritsameret has 120 seconds left.\n|inactive|KokoXD2024 has 60 seconds left.\n|\n|t:|1771259729\n|switch|p2b: Perrserker|Perrserker, L88, M|236/266\n|move|p1a: Clefable|Follow Me|p1a: Clefable\n|-singleturn|p1a: Clefable|move: Follow Me\n|move|p1b: Rhyperior|High Horsepower|p2a: Great Tusk\n|-damage|p2a: Great Tusk|2/319\n|-enditem|p2a: Great Tusk|Sitrus Berry|[eat]\n|-heal|p2a: Great Tusk|81/319|[from] item: Sitrus Berry\n|move|p2a: Great Tusk|Close Combat|p1a: Clefable\n|-resisted|p1a: Clefable\n|-damage|p1a: Clefable|224/307\n|-unboost|p2a: Great Tusk|def|1\n|-unboost|p2a: Great Tusk|spd|1\n|-damage|p2a: Great Tusk|28/319|[from] item: Rocky Helmet|[of] p1a: Clefable\n|\n|-weather|none\n|-sideend|p1: oritsameret|move: Tailwind\n|upkeep\n|turn|8\n|inactive|oritsameret has 120 seconds left.\n|inactive|KokoXD2024 has 60 seconds left.\n|\n|t:|1771259771\n|move|p1a: Clefable|Follow Me|p1a: Clefable\n|-singleturn|p1a: Clefable|move: Follow Me\n|move|p1b: Rhyperior|Rock Slide|p2b: Perrserker|[spread] p2a,p2b\n|-resisted|p2a: Great Tusk\n|-resisted|p2b: Perrserker\n|-damage|p2a: Great Tusk|0 fnt\n|-damage|p2b: Perrserker|172/266\n|faint|p2a: Great Tusk\n|-end|p2a: Great Tusk|Protosynthesis|[silent]\n|move|p2b: Perrserker|Iron Head|p1a: Clefable\n|-supereffective|p1a: Clefable\n|-damage|p1a: Clefable|0 fnt\n|-damage|p2b: Perrserker|128/266|[from] item: Rocky Helmet|[of] p1a: Clefable\n|faint|p1a: Clefable\n|\n|upkeep\n|inactive|oritsameret has 120 seconds left.\n|inactive|KokoXD2024 has 30 seconds left.\n|inactive|KokoXD2024 has 20 seconds left.\n|inactive|KokoXD2024 has 15 seconds left.\n|inactive|KokoXD2024 has 10 seconds left.\n|\n|t:|1771259812\n|switch|p2a: Venusaur|Venusaur, L86, M|278/278\n|switch|p1a: Pelipper|Pelipper, L83, F|126/235\n|-weather|RainDance|[from] ability: Drizzle|[of] p1a: Pelipper\n|turn|9\n|inactive|KokoXD2024 has 30 seconds left.\n|inactive|oritsameret has 120 seconds left.\n|inactive|KokoXD2024 has 20 seconds left.\n|inactive|KokoXD2024 has 15 seconds left.\n|\n|t:|1771259837\n|move|p1b: Rhyperior|Protect|p1b: Rhyperior\n|-singleturn|p1b: Rhyperior|Protect\n|move|p2a: Venusaur|Giga Drain|p1b: Rhyperior\n|-activate|p1b: Rhyperior|move: Protect\n|move|p1a: Pelipper|Tailwind|p1a: Pelipper\n|-sidestart|p1: oritsameret|move: Tailwind\n|move|p2b: Perrserker|Iron Head|p1b: Rhyperior\n|-activate|p1b: Rhyperior|move: Protect\n|\n|-weather|RainDance|[upkeep]\n|upkeep\n|turn|10\n|inactive|KokoXD2024 has 30 seconds left.\n|inactive|oritsameret has 120 seconds left.\n|\n|t:|1771259872\n|-terastallize|p2a: Venusaur|Water\n|move|p1b: Rhyperior|High Horsepower|p2b: Perrserker\n|-supereffective|p2b: Perrserker\n|-damage|p2b: Perrserker|0 fnt\n|faint|p2b: Perrserker\n|move|p1a: Pelipper|Hurricane|p2a: Venusaur\n|-damage|p2a: Venusaur|182/278\n|move|p2a: Venusaur|Giga Drain|p1b: Rhyperior\n|-supereffective|p1b: Rhyperior\n|-damage|p1b: Rhyperior|0 fnt\n|-heal|p2a: Venusaur|265/278|[from] drain|[of] p1b: Rhyperior\n|faint|p1b: Rhyperior\n|-damage|p2a: Venusaur|238/278|[from] item: Life Orb\n|\n|-weather|RainDance|[upkeep]\n|upkeep\n|inactive|KokoXD2024 has 30 seconds left.\n|inactive|KokoXD2024 has 20 seconds left.\n|inactive|KokoXD2024 has 15 seconds left.\n|\n|t:|1771259894\n|switch|p2b: Alcremie|Alcremie-Ruby-Cream, L90, F|181/263\n|switch|p1b: Sneasler|Sneasler, L77, F|250/250\n|turn|11\n|inactive|KokoXD2024 has 30 seconds left.\n|inactive|KokoXD2024 has 20 seconds left.\n|inactive|KokoXD2024 has 15 seconds left.\n|\n|t:|1771259920\n|move|p1b: Sneasler|Close Combat|p2a: Venusaur\n|-damage|p2a: Venusaur|100/278\n|-unboost|p1b: Sneasler|def|1\n|-unboost|p1b: Sneasler|spd|1\n|-enditem|p1b: Sneasler|White Herb\n|-clearnegativeboost|p1b: Sneasler|[silent]\n|move|p1a: Pelipper|Hurricane|p2a: Venusaur\n|-damage|p2a: Venusaur|0 fnt\n|faint|p2a: Venusaur\n|move|p2b: Alcremie|Encore|p1b: Sneasler\n|-start|p1b: Sneasler|Encore\n|\n|-weather|RainDance|[upkeep]\n|upkeep\n|inactive|KokoXD2024 has 20 seconds left this turn.\n|inactive|KokoXD2024 has 15 seconds left.\n|inactive|KokoXD2024 has 10 seconds left.\n|\n|t:|1771259933\n|switch|p2a: Vespiquen|Vespiquen, F|157/302\n|-ability|p2a: Vespiquen|Unnerve\n|turn|12\n|inactive|KokoXD2024 has 30 seconds left.\n|inactive|KokoXD2024 has 20 seconds left.\n|inactive|KokoXD2024 has 15 seconds left.\n|\n|t:|1771259958\n|move|p1b: Sneasler|Close Combat|p2a: Vespiquen\n|-resisted|p2a: Vespiquen\n|-damage|p2a: Vespiquen|131/302\n|-unboost|p1b: Sneasler|def|1\n|-unboost|p1b: Sneasler|spd|1\n|move|p1a: Pelipper|Hurricane|p2a: Vespiquen\n|-supereffective|p2a: Vespiquen\n|-damage|p2a: Vespiquen|0 fnt\n|faint|p2a: Vespiquen\n|move|p2b: Alcremie|Decorate|p2: Vespiquen|[notarget]\n|-fail|p2b: Alcremie\n|\n|-weather|RainDance|[upkeep]\n|-sideend|p1: oritsameret|move: Tailwind\n|upkeep\n|turn|13\n|inactive|KokoXD2024 has 30 seconds left.\n|\n|t:|1771259979\n|move|p1b: Sneasler|Close Combat|p2b: Alcremie\n|-resisted|p2b: Alcremie\n|-damage|p2b: Alcremie|110/263\n|-unboost|p1b: Sneasler|def|1\n|-unboost|p1b: Sneasler|spd|1\n|-enditem|p2b: Alcremie|Sitrus Berry|[eat]\n|-heal|p2b: Alcremie|175/263|[from] item: Sitrus Berry\n|move|p2b: Alcremie|Dazzling Gleam|p1b: Sneasler|[spread] p1a,p1b\n|-damage|p1a: Pelipper|32/235\n|-damage|p1b: Sneasler|55/250\n|-enditem|p1a: Pelipper|Sitrus Berry|[eat]\n|-heal|p1a: Pelipper|90/235|[from] item: Sitrus Berry\n|move|p1a: Pelipper|Tailwind|p1a: Pelipper\n|-sidestart|p1: oritsameret|move: Tailwind\n|\n|-weather|none\n|upkeep\n|turn|14\n|\n|t:|1771259994\n|-terastallize|p1a: Pelipper|Ground\n|move|p1b: Sneasler|Close Combat|p2b: Alcremie\n|-resisted|p2b: Alcremie\n|-damage|p2b: Alcremie|100/263\n|-unboost|p1b: Sneasler|def|1\n|-unboost|p1b: Sneasler|spd|1\n|move|p1a: Pelipper|Muddy Water|p2b: Alcremie\n|-damage|p2b: Alcremie|30/263\n|move|p2b: Alcremie|Dazzling Gleam|p1b: Sneasler|[spread] p1a,p1b\n|-damage|p1a: Pelipper|0 fnt\n|-damage|p1b: Sneasler|0 fnt\n|faint|p1a: Pelipper\n|faint|p1b: Sneasler\n|\n|win|KokoXD2024\n|raw|oritsameret's rating: 1685 &rarr; <strong>1661</strong><br />(-24 for losing)\n|raw|KokoXD2024's rating: 1621 &rarr; <strong>1645</strong><br />(+24 for winning)\n|l|☆oritsameret\n|player|p1|\n|c|☆KokoXD2024|Gg\n", "inputlog": ">version 686819e5e19f8a7fd2345cfc5a08a5085efa2cc3\n>start {\"formatid\":\"gen9randomdoublesbattle\",\"seed\":\"sodium,1b0eaf2b43e8a155f61356436b498a32\",\"rated\":\"Rated battle\"}\n>player p1 {\"name\":\"oritsameret\",\"avatar\":\"266\",\"rating\":1646,\"seed\":\"sodium,6a4fb4bc28ca4e03646084368dee399d\"}\n>player p2 {\"name\":\"KokoXD2024\",\"avatar\":\"burglar\",\"rating\":1621,\"seed\":\"sodium,d86e81acaee40e928b84f07d2c43cf72\"}\n>p1 switch 3, move rockslide\n>p2 move helpinghand -2, move hydropump +1\n>p1 move iciclecrash +2, move rockslide\n>p2 switch 4, move tailwind\n>chat ☆oritsameret|rigged\n>p1 switch 6, move rockslide\n>p2 move closecombat +2, move bravebird +2\n>p1 pass, switch 6\n>p1 move tailwind, move iceshard +2\n>p2 move closecombat +2, move bravebird +1\n>p1 pass, switch 3\n>p2 pass, switch 3\n>p1 move muddywater, move rockpolish\n>p2 switch 6, move encore +1\n>p1 switch 5, move rockslide\n>p2 move closecombat +2, move decorate -1\n>p1 move followme, move highhorsepower +1\n>p2 move closecombat +2, switch 6\n>p1 move followme, move rockslide\n>p2 move headlongrush +1, move ironhead +1\n>p1 switch 5, pass\n>p2 switch 5, pass\n>p1 move tailwind, move protect\n>p2 move gigadrain +2, move ironhead +2\n>p1 move hurricane +1, move highhorsepower +2\n>p2 move gigadrain +2 terastallize, move ironhead +2\n>p1 pass, switch 4\n>p2 pass, switch 6\n>p1 move hurricane +1, move closecombat +1\n>p2 move earthpower +2, move encore +2\n>p2 switch 4, pass\n>p1 move hurricane +1, move closecombat +1\n>p2 move hurricane +1, move decorate -1\n>p1 move tailwind, move closecombat +2\n>p2 pass, move dazzlinggleam\n>p1 move muddywater terastallize, move closecombat +2\n>p2 pass, move dazzlinggleam", "uploadtime": 1771260020, "views": 12, "formatid": "gen9randomdoublesbattle", "rating": 1645, "private": 0, "password": null}