{"id": "gen9randomdoublesbattle-2537438944", "format": "[Gen 9] Random Doubles Battle", "players": ["uy nguyen", "Graygami3"], "log": "|j|☆uy nguyen\n|j|☆Graygami3\n|t:|1770815221\n|gametype|doubles\n|player|p1|uy nguyen|102|1595\n|player|p2|Graygami3|skierf|1564\n|gen|9\n|tier|[Gen 9] Random Doubles Battle\n|rated|\n|rule|Species Clause: Limit one of each Pokémon\n|rule|HP Percentage Mod: HP is shown in percentages\n|rule|Illusion Level Mod: Illusion disguises the Pokémon's true level\n|rule|Sleep Clause Mod: Limit one foe put to sleep\n|\n|t:|1770815221\n|teamsize|p1|6\n|teamsize|p2|6\n|start\n|switch|p1a: Kingambit|Kingambit, L77, M|281/281\n|switch|p1b: Scovillain|Scovillain, L90, F|263/263\n|switch|p2a: Toxtricity|Toxtricity-Low-Key, L82, M|257/257\n|switch|p2b: Mamoswine|Mamoswine, L82, M|315/315\n|turn|1\n|\n|t:|1770815252\n|switch|p2b: Oinkologne|Oinkologne, L92, M|352/352\n|switch|p1a: Spidops|Spidops, F|282/282\n|move|p1b: Scovillain|Energy Ball|p2b: Oinkologne\n|-damage|p2b: Oinkologne|234/352\n|move|p2a: Toxtricity|Sludge Bomb|p1b: Scovillain\n|-supereffective|p1b: Scovillain\n|-damage|p1b: Scovillain|0 fnt\n|faint|p1b: Scovillain\n|\n|upkeep\n|\n|t:|1770815284\n|switch|p1b: Eternatus|Eternatus, L70|312/312\n|-ability|p1b: Eternatus|Pressure\n|turn|2\n|\n|t:|1770815305\n|switch|p2a: Mamoswine|Mamoswine, L82, M|315/315\n|move|p1b: Eternatus|Meteor Beam||[still]\n|-prepare|p1b: Eternatus|Meteor Beam\n|-boost|p1b: Eternatus|spa|1\n|-enditem|p1b: Eternatus|Power Herb\n|-anim|p1b: Eternatus|Meteor Beam|p2a: Mamoswine\n|-damage|p2a: Mamoswine|146/315\n|move|p2b: Oinkologne|Play Rough|p1b: Eternatus\n|-damage|p1b: Eternatus|188/312\n|move|p1a: Spidops|Sticky Web|p2b: Oinkologne\n|-sidestart|p2: Graygami3|move: Sticky Web\n|\n|upkeep\n|turn|3\n|inactive|Battle timer is ON: inactive players will automatically lose when time's up. (requested by uy nguyen)\n|\n|t:|1770815321\n|move|p1b: Eternatus|Protect|p1b: Eternatus\n|-singleturn|p1b: Eternatus|Protect\n|move|p2a: Mamoswine|Ice Shard|p1b: Eternatus\n|-activate|p1b: Eternatus|move: Protect\n|move|p2b: Oinkologne|Play Rough|p1b: Eternatus\n|-activate|p1b: Eternatus|move: Protect\n|move|p1a: Spidops|Lunge|p2a: Mamoswine\n|-damage|p2a: Mamoswine|23/315\n|-unboost|p2a: Mamoswine|atk|1\n|\n|upkeep\n|turn|4\n|\n|t:|1770815341\n|-terastallize|p1b: Eternatus|Dragon\n|move|p2a: Mamoswine|Ice Shard|p1b: Eternatus\n|-supereffective|p1b: Eternatus\n|-damage|p1b: Eternatus|84/312\n|-damage|p2a: Mamoswine|0 fnt|[from] item: Life Orb\n|faint|p2a: Mamoswine\n|move|p1b: Eternatus|Dynamax Cannon|p2b: Oinkologne\n|-damage|p2b: Oinkologne|28/352\n|move|p2b: Oinkologne|Play Rough|p1b: Eternatus\n|-supereffective|p1b: Eternatus\n|-damage|p1b: Eternatus|0 fnt\n|faint|p1b: Eternatus\n|move|p1a: Spidops|Lunge|p2b: Oinkologne\n|-damage|p2b: Oinkologne|0 fnt\n|faint|p2b: Oinkologne\n|\n|upkeep\n|inactive|uy nguyen has 120 seconds left.\n|inactive|Graygami3 has 120 seconds left.\n|\n|t:|1770815362\n|switch|p1b: Politoed|Politoed, L82, M|282/282\n|switch|p2a: Hawlucha|Hawlucha, L84, M|268/268\n|switch|p2b: Toxtricity|Toxtricity-Low-Key, L82, M|257/257\n|-weather|RainDance|[from] ability: Drizzle|[of] p1b: Politoed\n|-activate|p2b: Toxtricity|move: Sticky Web\n|-unboost|p2b: Toxtricity|spe|1\n|turn|5\n|\n|t:|1770815381\n|switch|p1a: Pachirisu|Pachirisu, L93, M|262/262\n|move|p2a: Hawlucha|Close Combat|p1b: Politoed\n|-damage|p1b: Politoed|135/282\n|-unboost|p2a: Hawlucha|def|1\n|-unboost|p2a: Hawlucha|spd|1\n|-enditem|p2a: Hawlucha|White Herb\n|-clearnegativeboost|p2a: Hawlucha|[silent]\n|move|p1b: Politoed|Muddy Water|p2a: Hawlucha|[spread] p2a,p2b\n|-damage|p2a: Hawlucha|150/268\n|-damage|p2b: Toxtricity|133/257\n|move|p2b: Toxtricity|Overdrive|p1a: Pachirisu|[spread] p1b\n|-immune|p1a: Pachirisu|[from] ability: Volt Absorb\n|-supereffective|p1b: Politoed\n|-damage|p1b: Politoed|0 fnt\n|faint|p1b: Politoed\n|\n|-weather|RainDance|[upkeep]\n|upkeep\n|\n|t:|1770815395\n|switch|p1b: Spidops|Spidops, F|282/282\n|turn|6\n|\n|t:|1770815405\n|move|p2a: Hawlucha|Brave Bird|p1b: Spidops\n|-supereffective|p1b: Spidops\n|-damage|p1b: Spidops|94/282\n|-enditem|p1b: Spidops|Sitrus Berry|[eat]\n|-heal|p1b: Spidops|164/282|[from] item: Sitrus Berry\n|-damage|p2a: Hawlucha|88/268|[from] Recoil\n|move|p1a: Pachirisu|Thunderbolt|p2a: Hawlucha\n|-supereffective|p2a: Hawlucha\n|-damage|p2a: Hawlucha|0 fnt\n|faint|p2a: Hawlucha\n|move|p1b: Spidops|Knock Off|p2b: Toxtricity\n|-damage|p2b: Toxtricity|34/257\n|-enditem|p2b: Toxtricity|Choice Specs|[from] move: Knock Off|[of] p1b: Spidops\n|move|p2b: Toxtricity|Overdrive|p1a: Pachirisu|[spread] p1b\n|-immune|p1a: Pachirisu|[from] ability: Volt Absorb\n|-damage|p1b: Spidops|89/282\n|\n|-weather|RainDance|[upkeep]\n|upkeep\n|\n|t:|1770815424\n|switch|p2a: Dodrio|Dodrio, L85, M|241/241\n|turn|7\n|\n|t:|1770815442\n|-terastallize|p2a: Dodrio|Ground\n|move|p1a: Pachirisu|Follow Me|p1a: Pachirisu\n|-singleturn|p1a: Pachirisu|move: Follow Me\n|move|p2a: Dodrio|Drill Run|p1a: Pachirisu\n|-supereffective|p1a: Pachirisu\n|-damage|p1a: Pachirisu|0 fnt\n|faint|p1a: Pachirisu\n|move|p1b: Spidops|Knock Off|p2b: Toxtricity\n|-damage|p2b: Toxtricity|0 fnt\n|faint|p2b: Toxtricity\n|\n|-weather|RainDance|[upkeep]\n|upkeep\n|\n|t:|1770815453\n|switch|p1a: Kingambit|Kingambit, L77, M|281/281\n|switch|p2b: Venomoth|Venomoth, L90, M|272/272\n|-activate|p2b: Venomoth|move: Sticky Web\n|-unboost|p2b: Venomoth|spe|1\n|turn|8\n|\n|t:|1770815469\n|move|p2a: Dodrio|Drill Run|p1a: Kingambit\n|-supereffective|p1a: Kingambit\n|-damage|p1a: Kingambit|47/281\n|move|p2b: Venomoth|Bug Buzz|p1b: Spidops\n|-damage|p1b: Spidops|0 fnt\n|faint|p1b: Spidops\n|-damage|p2b: Venomoth|245/272|[from] item: Life Orb\n|move|p1a: Kingambit|Kowtow Cleave|p2a: Dodrio\n|-damage|p2a: Dodrio|124/241\n|\n|-weather|RainDance|[upkeep]\n|upkeep\n|turn|9\n|\n|t:|1770815482\n|move|p1a: Kingambit|Sucker Punch|p2a: Dodrio\n|-damage|p2a: Dodrio|28/241\n|move|p2a: Dodrio|Drill Run|p1a: Kingambit\n|-supereffective|p1a: Kingambit\n|-damage|p1a: Kingambit|0 fnt\n|faint|p1a: Kingambit\n|\n|win|Graygami3\n|raw|uy nguyen's rating: 1595 &rarr; <strong>1573</strong><br />(-22 for losing)\n|raw|Graygami3's rating: 1564 &rarr; <strong>1586</strong><br />(+22 for winning)\n|c|☆Graygami3|gg\n", "inputlog": ">version ccdc32dd7cde25fd9e4bed64820e885f66e78a4e\n>start {\"formatid\":\"gen9randomdoublesbattle\",\"seed\":\"sodium,e8cf2dfe07abc0ac866b7a992207fe84\",\"rated\":\"Rated battle\"}\n>player p1 {\"name\":\"uy nguyen\",\"avatar\":\"102\",\"rating\":1595,\"seed\":\"sodium,906f808be196fc1e84f1cfb175cafec4\"}\n>player p2 {\"name\":\"Graygami3\",\"avatar\":\"skierf\",\"rating\":1564,\"seed\":\"sodium,afd2ebb1aeb101683bcfae5c49b6ba19\"}\n>p1 switch 6, move energyball +2\n>p2 move sludgebomb +2, switch 5\n>p1 pass, switch 3\n>p1 move stickyweb, move meteorbeam +1\n>p2 switch 5, move playrough +2\n>p1 move lunge +1, move protect\n>p2 move iceshard +2, move playrough +2\n>p1 move lunge +1, move dynamaxcannon +2 terastallize\n>p2 move iceshard +2, move playrough +2\n>p1 pass, switch 4\n>p2 switch 6, switch 5\n>p1 switch 5, move muddywater\n>p2 move closecombat +2, move overdrive\n>p1 pass, switch 5\n>p1 move thunderbolt +1, move knockoff +2\n>p2 move bravebird +2, move overdrive\n>p2 switch 4, pass\n>p1 move followme, move knockoff +2\n>p2 move drillrun +1 terastallize, move sludgebomb +2\n>p1 switch 6, pass\n>p2 pass, switch 3\n>p1 move kowtowcleave +1, move lunge +1\n>p2 move drillrun +1, move bugbuzz +2\n>p1 move suckerpunch +1, pass\n>p2 move drillrun +1, move quiverdance", "uploadtime": 1770815491, "views": 57, "formatid": "gen9randomdoublesbattle", "rating": 1573, "private": 0, "password": null}