{"id": "gen9randomdoublesbattle-2540700957", "format": "[Gen 9] Random Doubles Battle", "players": ["LazzarinoCominazzo", "crustytoejam"], "log": "|j|☆LazzarinoCominazzo\n|j|☆crustytoejam\n|t:|1771242544\n|gametype|doubles\n|player|p1|LazzarinoCominazzo|102|1662\n|player|p2|crustytoejam|clown|1781\n|gen|9\n|tier|[Gen 9] Random Doubles Battle\n|rated|\n|rule|Species Clause: Limit one of each Pokémon\n|rule|HP Percentage Mod: HP is shown in percentages\n|rule|Illusion Level Mod: Illusion disguises the Pokémon's true level\n|rule|Sleep Clause Mod: Limit one foe put to sleep\n|\n|t:|1771242544\n|teamsize|p1|6\n|teamsize|p2|6\n|start\n|switch|p1a: Landorus|Landorus, L75, M|257/257\n|switch|p1b: Scream Tail|Scream Tail, L82|323/323\n|switch|p2a: Drifblim|Drifblim, L85, F|394/394\n|switch|p2b: Arceus|Arceus-Electric, L70|284/284\n|turn|1\n|inactive|Battle timer is ON: inactive players will automatically lose when time's up. (requested by crustytoejam)\n|inactive|LazzarinoCominazzo has 120 seconds left.\n|\n|t:|1771242581\n|switch|p2a: Golurk|Golurk, L86|293/293\n|move|p1b: Scream Tail|Thunder Wave|p2a: Golurk\n|-immune|p2a: Golurk\n|move|p2b: Arceus|Ice Beam|p1a: Landorus\n|-supereffective|p1a: Landorus\n|-damage|p1a: Landorus|0 fnt\n|faint|p1a: Landorus\n|\n|upkeep\n|\n|t:|1771242599\n|switch|p1a: Palossand|Palossand, L90, M|299/299\n|turn|2\n|\n|t:|1771242617\n|move|p1b: Scream Tail|Howl|p1b: Scream Tail|[spread] p1a,p1b\n|-boost|p1a: Palossand|atk|1\n|-boost|p1b: Scream Tail|atk|1\n|move|p2b: Arceus|Calm Mind|p2b: Arceus\n|-boost|p2b: Arceus|spa|1\n|-boost|p2b: Arceus|spd|1\n|move|p2a: Golurk|Poltergeist|p1a: Palossand\n|-activate|p1a: Palossand|move: Poltergeist|Leftovers\n|-supereffective|p1a: Palossand\n|-damage|p1a: Palossand|57/299\n|move|p1a: Palossand|Shadow Ball|p2a: Golurk\n|-supereffective|p2a: Golurk\n|-damage|p2a: Golurk|141/293\n|\n|-heal|p1a: Palossand|75/299|[from] item: Leftovers\n|upkeep\n|turn|3\n|\n|t:|1771242635\n|move|p1b: Scream Tail|Disable|p2a: Golurk\n|-start|p2a: Golurk|Disable|Poltergeist\n|move|p2b: Arceus|Ice Beam|p1a: Palossand\n|-supereffective|p1a: Palossand\n|-damage|p1a: Palossand|0 fnt\n|faint|p1a: Palossand\n|move|p2a: Golurk|Dynamic Punch|p1b: Scream Tail\n|-resisted|p1b: Scream Tail\n|-damage|p1b: Scream Tail|303/323\n|-start|p1b: Scream Tail|confusion\n|\n|upkeep\n|inactive|LazzarinoCominazzo has 120 seconds left.\n|\n|t:|1771242655\n|switch|p1a: Falinks|Falinks, L87|255/255\n|turn|4\n|\n|t:|1771242662\n|move|p1a: Falinks|Protect|p1a: Falinks\n|-singleturn|p1a: Falinks|Protect\n|-activate|p1b: Scream Tail|confusion\n|move|p1b: Scream Tail|Play Rough|p2b: Arceus\n|-damage|p2b: Arceus|197/284\n|move|p2b: Arceus|Judgment|p1a: Falinks\n|-activate|p1a: Falinks|move: Protect\n|move|p2a: Golurk|Dynamic Punch|p1a: Falinks\n|-activate|p1a: Falinks|move: Protect\n|\n|upkeep\n|turn|5\n|\n|t:|1771242679\n|-activate|p1b: Scream Tail|confusion\n|move|p1b: Scream Tail|Play Rough|p2b: Arceus\n|-damage|p2b: Arceus|101/284\n|move|p2b: Arceus|Calm Mind|p2b: Arceus\n|-boost|p2b: Arceus|spa|1\n|-boost|p2b: Arceus|spd|1\n|move|p1a: Falinks|Close Combat|p2b: Arceus\n|-damage|p2b: Arceus|0 fnt\n|-unboost|p1a: Falinks|def|1\n|-unboost|p1a: Falinks|spd|1\n|faint|p2b: Arceus\n|-damage|p1a: Falinks|230/255|[from] item: Life Orb\n|move|p2a: Golurk|Dynamic Punch|p1a: Falinks\n|-damage|p1a: Falinks|112/255\n|-start|p1a: Falinks|confusion\n|\n|upkeep\n|\n|t:|1771242692\n|switch|p2b: Indeedee|Indeedee, L79, M|224/224\n|-fieldstart|move: Psychic Terrain|[from] ability: Psychic Surge|[of] p2b: Indeedee\n|turn|6\n|\n|t:|1771242701\n|switch|p1a: Samurott|Samurott-Hisui, L83, M|285/285\n|-activate|p1b: Scream Tail|confusion\n|move|p1b: Scream Tail|Play Rough|p2a: Golurk\n|-damage|p2a: Golurk|44/293\n|move|p2b: Indeedee|Expanding Force|p1a: Samurott|[spread] p1b\n|-immune|p1a: Samurott\n|-resisted|p1b: Scream Tail\n|-damage|p1b: Scream Tail|234/323\n|move|p2a: Golurk|High Horsepower|p1b: Scream Tail\n|-damage|p1b: Scream Tail|108/323\n|-enditem|p1b: Scream Tail|Sitrus Berry|[eat]\n|-heal|p1b: Scream Tail|188/323|[from] item: Sitrus Berry\n|\n|-end|p2a: Golurk|Disable\n|upkeep\n|turn|7\n|\n|t:|1771242721\n|switch|p2b: Spidops|Spidops, M|282/282\n|-activate|p1b: Scream Tail|confusion\n|move|p1b: Scream Tail|Play Rough|p2a: Golurk\n|-damage|p2a: Golurk|0 fnt\n|faint|p2a: Golurk\n|move|p1a: Samurott|Ceaseless Edge|p2b: Spidops\n|-damage|p2b: Spidops|159/282\n|-sidestart|p2: crustytoejam|Spikes\n|\n|upkeep\n|\n|t:|1771242726\n|switch|p2a: Rillaboom|Rillaboom, L81, F|295/295\n|-damage|p2a: Rillaboom|259/295|[from] Spikes\n|-fieldstart|move: Grassy Terrain|[from] ability: Grassy Surge|[of] p2a: Rillaboom\n|turn|8\n|\n|t:|1771242740\n|-terastallize|p1a: Samurott|Fire\n|move|p2a: Rillaboom|Fake Out|p1a: Samurott\n|-damage|p1a: Samurott|246/285\n|-end|p1b: Scream Tail|confusion\n|move|p1b: Scream Tail|Thunder Wave|p2a: Rillaboom\n|-status|p2a: Rillaboom|par\n|cant|p1a: Samurott|flinch\n|move|p2b: Spidops|Sticky Web|p1a: Samurott\n|-sidestart|p1: LazzarinoCominazzo|move: Sticky Web\n|\n|-heal|p1b: Scream Tail|208/323|[from] Grassy Terrain\n|-heal|p1a: Samurott|263/285|[from] Grassy Terrain\n|-heal|p2b: Spidops|176/282|[from] Grassy Terrain\n|-heal|p2a: Rillaboom|277/295 par|[from] Grassy Terrain\n|upkeep\n|turn|9\n|\n|t:|1771242756\n|move|p1b: Scream Tail|Howl|p1b: Scream Tail|[spread] p1a,p1b\n|-boost|p1a: Samurott|atk|1\n|-boost|p1b: Scream Tail|atk|1\n|move|p1a: Samurott|Ceaseless Edge|p2b: Spidops\n|-damage|p2b: Spidops|0 fnt\n|-sidestart|p2: crustytoejam|Spikes\n|faint|p2b: Spidops\n|move|p2a: Rillaboom|High Horsepower|p1a: Samurott|[miss]\n|-miss|p2a: Rillaboom|p1a: Samurott\n|\n|-heal|p1b: Scream Tail|228/323|[from] Grassy Terrain\n|-heal|p1a: Samurott|280/285|[from] Grassy Terrain\n|-heal|p2a: Rillaboom|295/295 par|[from] Grassy Terrain\n|upkeep\n|\n|t:|1771242762\n|switch|p2b: Drifblim|Drifblim, L85, F|394/394\n|turn|10\n|\n|t:|1771242776\n|-terastallize|p2b: Drifblim|Fairy\n|move|p1b: Scream Tail|Thunder Wave|p2b: Drifblim\n|-status|p2b: Drifblim|par\n|move|p1a: Samurott|Ceaseless Edge|p2a: Rillaboom\n|-damage|p2a: Rillaboom|51/295 par\n|-sidestart|p2: crustytoejam|Spikes\n|move|p2a: Rillaboom|High Horsepower|p1a: Samurott\n|-supereffective|p1a: Samurott\n|-damage|p1a: Samurott|106/285\n|move|p2b: Drifblim|Tailwind|p2b: Drifblim\n|-sidestart|p2: crustytoejam|move: Tailwind\n|\n|-heal|p1b: Scream Tail|248/323|[from] Grassy Terrain\n|-heal|p1a: Samurott|123/285|[from] Grassy Terrain\n|-heal|p2a: Rillaboom|69/295 par|[from] Grassy Terrain\n|upkeep\n|turn|11\n|\n|t:|1771242797\n|move|p1b: Scream Tail|Play Rough|p2b: Drifblim|[miss]\n|-miss|p1b: Scream Tail|p2b: Drifblim\n|move|p1a: Samurott|Ceaseless Edge|p2a: Rillaboom\n|-crit|p2a: Rillaboom\n|-damage|p2a: Rillaboom|0 fnt\n|faint|p2a: Rillaboom\n|move|p2b: Drifblim|Will-O-Wisp|p1b: Scream Tail\n|-status|p1b: Scream Tail|brn\n|\n|-heal|p1b: Scream Tail|268/323 brn|[from] Grassy Terrain\n|-heal|p1a: Samurott|140/285|[from] Grassy Terrain\n|-damage|p1b: Scream Tail|248/323 brn|[from] brn\n|upkeep\n|\n|t:|1771242800\n|switch|p2a: Indeedee|Indeedee, L79, M|224/224\n|-damage|p2a: Indeedee|168/224|[from] Spikes\n|-fieldstart|move: Psychic Terrain|[from] ability: Psychic Surge|[of] p2a: Indeedee\n|turn|12\n|\n|t:|1771242828\n|move|p2a: Indeedee|Expanding Force|p1b: Scream Tail|[spread] p1a,p1b\n|-resisted|p1b: Scream Tail\n|-damage|p1a: Samurott|0 fnt\n|-damage|p1b: Scream Tail|179/323 brn\n|faint|p1a: Samurott\n|move|p1b: Scream Tail|Disable|p2a: Indeedee\n|-start|p2a: Indeedee|Disable|Expanding Force\n|move|p2b: Drifblim|Shadow Ball|p1b: Scream Tail\n|-supereffective|p1b: Scream Tail\n|-damage|p1b: Scream Tail|39/323 brn\n|\n|-damage|p1b: Scream Tail|19/323 brn|[from] brn\n|upkeep\n|inactive|LazzarinoCominazzo has 120 seconds left.\n|\n|t:|1771242848\n|switch|p1a: Falinks|Falinks, L87|112/255\n|-activate|p1a: Falinks|move: Sticky Web\n|-unboost|p1a: Falinks|spe|1\n|-ability|p1a: Falinks|Defiant|boost\n|-boost|p1a: Falinks|atk|2\n|turn|13\n|\n|t:|1771242860\n|-activate|p2a: Indeedee|move: Struggle\n|move|p2a: Indeedee|Struggle|p1b: Scream Tail\n|-damage|p1b: Scream Tail|1/323 brn\n|-damage|p2a: Indeedee|112/224|[from] recoil\n|move|p1b: Scream Tail|Thunder Wave|p2a: Indeedee\n|-status|p2a: Indeedee|par\n|move|p2b: Drifblim|Shadow Ball|p1a: Falinks\n|-damage|p1a: Falinks|1/255\n|move|p1a: Falinks|Iron Head|p2b: Drifblim\n|-supereffective|p2b: Drifblim\n|-damage|p2b: Drifblim|0 fnt\n|faint|p2b: Drifblim\n|-damage|p1a: Falinks|0 fnt|[from] item: Life Orb\n|faint|p1a: Falinks\n|\n|-damage|p1b: Scream Tail|0 fnt|[from] brn\n|faint|p1b: Scream Tail\n|-end|p1b: Scream Tail|Protosynthesis|[silent]\n|-sideend|p2: crustytoejam|move: Tailwind\n|upkeep\n|\n|t:|1771242879\n|switch|p1b: Bastiodon|Bastiodon, L89, F|252/252\n|-activate|p1b: Bastiodon|move: Sticky Web\n|-unboost|p1b: Bastiodon|spe|1\n|turn|14\n|\n|t:|1771242886\n|-activate|p2a: Indeedee|move: Struggle\n|move|p2a: Indeedee|Struggle|p1b: Bastiodon\n|-damage|p1b: Bastiodon|242/252\n|-damage|p2a: Indeedee|56/224 par|[from] recoil\n|move|p1b: Bastiodon|Foul Play|p2a: Indeedee\n|-supereffective|p2a: Indeedee\n|-damage|p2a: Indeedee|0 fnt\n|faint|p2a: Indeedee\n|\n|win|LazzarinoCominazzo\n|raw|LazzarinoCominazzo's rating: 1662 &rarr; <strong>1689</strong><br />(+27 for winning)\n|raw|crustytoejam's rating: 1781 &rarr; <strong>1754</strong><br />(-27 for losing)\n", "inputlog": ">version 686819e5e19f8a7fd2345cfc5a08a5085efa2cc3\n>start {\"formatid\":\"gen9randomdoublesbattle\",\"seed\":\"sodium,7a8daf708b7d673e63c38b371ba446db\",\"rated\":\"Rated battle\"}\n>player p1 {\"name\":\"LazzarinoCominazzo\",\"avatar\":\"102\",\"rating\":1662,\"seed\":\"sodium,c6ae7df4a3e56973cec86a89549caac7\"}\n>player p2 {\"name\":\"crustytoejam\",\"avatar\":\"clown\",\"rating\":1781,\"seed\":\"sodium,186adc596ce6b3cfbb7ef30c5da402f3\"}\n>p1 move sandsearstorm, move thunderwave +1\n>p2 switch 5, move icebeam +1\n>p1 switch 3, pass\n>p1 move shadowball +1, move howl\n>p2 move poltergeist +1, move calmmind\n>p1 move earthpower +2, move disable +1\n>p2 move dynamicpunch +2, move icebeam +1\n>p1 switch 6, pass\n>p1 move protect, move playrough +2\n>p2 move dynamicpunch +1, move judgment +1\n>p1 move closecombat +2, move playrough +2\n>p2 move dynamicpunch +1, move calmmind\n>p2 pass, switch 4\n>p1 switch 5, move playrough +1\n>p2 move highhorsepower +2, move expandingforce +1\n>p1 move ceaselessedge +2, move playrough +1\n>p2 move dynamicpunch +1, switch 3\n>p2 switch 6, pass\n>p1 move ceaselessedge +2 terastallize, move thunderwave +1\n>p2 move fakeout +1, move stickyweb\n>p1 move ceaselessedge +2, move howl\n>p2 move highhorsepower +1, move stringshot\n>p2 pass, switch 5\n>p1 move ceaselessedge +1, move thunderwave +2\n>p2 move highhorsepower +1, move tailwind terastallize\n>p1 move ceaselessedge +1, move playrough +2\n>p2 move highhorsepower +1, move willowisp +2\n>p2 switch 3, pass\n>p1 move ceaselessedge +2, move disable +1\n>p2 move expandingforce +1, move shadowball +2\n>p1 switch 5, pass\n>p1 move ironhead +2, move thunderwave +1\n>p2 move struggle, move shadowball +1\n>chat ☆crustytoejam|What a fxggot\n>chat ☆crustytoejam|Para\n>chat ☆crustytoejam|Para\n>chat ☆crustytoejam|Para\n>chat ☆crustytoejam|Disable\n>p1 pass, switch 4\n>chat ☆crustytoejam|Disable\n>chat ☆crustytoejam|Disable\n>chat ☆crustytoejam|Para\n>chat ☆crustytoejam|Diaable\n>p1 pass, move foulplay +1\n>p2 move struggle, pass", "uploadtime": 1771242896, "views": 34, "formatid": "gen9randomdoublesbattle", "rating": 1689, "private": 0, "password": null}