{"id": "gen9randomdoublesbattle-2536468013", "format": "[Gen 9] Random Doubles Battle", "players": ["dannymma", "pejelegante"], "log": "|j|☆dannymma\n|j|☆pejelegante\n|t:|1770691684\n|gametype|doubles\n|player|p1|dannymma|bruno|1756\n|player|p2|pejelegante|hugh|1860\n|gen|9\n|tier|[Gen 9] Random Doubles Battle\n|rated|\n|rule|Species Clause: Limit one of each Pokémon\n|rule|HP Percentage Mod: HP is shown in percentages\n|rule|Illusion Level Mod: Illusion disguises the Pokémon's true level\n|rule|Sleep Clause Mod: Limit one foe put to sleep\n|\n|t:|1770691684\n|teamsize|p1|6\n|teamsize|p2|6\n|start\n|switch|p1a: Oricorio|Oricorio-Pa'u, L89, M|278/278\n|switch|p1b: Pikachu|Pikachu-Original, L94, F|218/218\n|switch|p2a: Spidops|Spidops, F|282/282\n|switch|p2b: Mabosstiff|Mabosstiff, L84, M|272/272\n|-ability|p2b: Mabosstiff|Intimidate|boost\n|-unboost|p1a: Oricorio|atk|1\n|-unboost|p1b: Pikachu|atk|1\n|turn|1\n|inactive|Battle timer is ON: inactive players will automatically lose when time's up. (requested by pejelegante)\n|inactive|dannymma has 120 seconds left.\n|\n|t:|1770691722\n|move|p1b: Pikachu|Fake Out|p2b: Mabosstiff\n|-damage|p2b: Mabosstiff|239/272\n|move|p1a: Oricorio|Quiver Dance|p1a: Oricorio\n|-boost|p1a: Oricorio|spa|1\n|-boost|p1a: Oricorio|spd|1\n|-boost|p1a: Oricorio|spe|1\n|cant|p2b: Mabosstiff|flinch\n|move|p2a: Spidops|Sticky Web|p1b: Pikachu\n|-sidestart|p1: dannymma|move: Sticky Web\n|\n|upkeep\n|turn|2\n|\n|t:|1770691741\n|move|p1a: Oricorio|Air Slash|p2b: Mabosstiff\n|-crit|p2b: Mabosstiff\n|-damage|p2b: Mabosstiff|0 fnt\n|faint|p2b: Mabosstiff\n|move|p1b: Pikachu|Volt Tackle|p2a: Spidops\n|-damage|p2a: Spidops|174/282\n|-damage|p1b: Pikachu|182/218|[from] Recoil\n|move|p2a: Spidops|Knock Off|p1b: Pikachu\n|-damage|p1b: Pikachu|59/218\n|-enditem|p1b: Pikachu|Light Ball|[from] move: Knock Off|[of] p2a: Spidops\n|\n|upkeep\n|\n|t:|1770691753\n|switch|p2b: Metagross|Metagross, L80|259/259\n|turn|3\n|\n|t:|1770691774\n|switch|p1b: Reuniclus|Reuniclus, L84, M|322/322\n|-activate|p1b: Reuniclus|move: Sticky Web\n|-unboost|p1b: Reuniclus|spe|1\n|move|p1a: Oricorio|Air Slash|p2a: Spidops\n|-supereffective|p2a: Spidops\n|-damage|p2a: Spidops|0 fnt\n|faint|p2a: Spidops\n|move|p2b: Metagross|Knock Off|p1a: Oricorio\n|-supereffective|p1a: Oricorio\n|-damage|p1a: Oricorio|108/278\n|-enditem|p1a: Oricorio|Leftovers|[from] move: Knock Off|[of] p2b: Metagross\n|\n|upkeep\n|\n|t:|1770691784\n|switch|p2a: Gardevoir|Gardevoir, L83, M|249/249\n|-ability|p2a: Gardevoir|Dancer|Trace|[from] ability: Trace|[of] p1a: Oricorio\n|turn|4\n|\n|t:|1770691801\n|move|p1a: Oricorio|Air Slash|p2a: Gardevoir|[miss]\n|-miss|p1a: Oricorio|p2a: Gardevoir\n|move|p2a: Gardevoir|Dazzling Gleam|p1b: Reuniclus|[spread] p1a,p1b\n|-crit|p1a: Oricorio\n|-damage|p1a: Oricorio|0 fnt\n|-damage|p1b: Reuniclus|246/322\n|faint|p1a: Oricorio\n|move|p2b: Metagross|Heavy Slam|p1b: Reuniclus\n|-damage|p1b: Reuniclus|66/322\n|move|p1b: Reuniclus|Psychic|p2a: Gardevoir\n|-resisted|p2a: Gardevoir\n|-damage|p2a: Gardevoir|187/249\n|\n|upkeep\n|inactive|dannymma has 120 seconds left.\n|\n|t:|1770691830\n|switch|p1a: Sceptile|Sceptile, L88, F|266/266\n|-activate|p1a: Sceptile|move: Sticky Web\n|-unboost|p1a: Sceptile|spe|1\n|-enditem|p1a: Sceptile|White Herb\n|-clearnegativeboost|p1a: Sceptile|[silent]\n|turn|5\n|\n|t:|1770691842\n|move|p1a: Sceptile|Leaf Storm|p2a: Gardevoir\n|-damage|p2a: Gardevoir|49/249\n|-unboost|p1a: Sceptile|spa|2\n|move|p2a: Gardevoir|Dazzling Gleam|p1a: Sceptile|[spread] p1a,p1b\n|-damage|p1a: Sceptile|190/266\n|-damage|p1b: Reuniclus|0 fnt\n|faint|p1b: Reuniclus\n|move|p2b: Metagross|Heavy Slam|p1a: Sceptile\n|-damage|p1a: Sceptile|0 fnt\n|faint|p1a: Sceptile\n|\n|upkeep\n|inactive|dannymma has 120 seconds left.\n|\n|t:|1770691862\n|switch|p1a: Pikachu|Pikachu-Original, L94, F|59/218\n|switch|p1b: Dachsbun|Dachsbun, L90, M|249/249\n|-activate|p1a: Pikachu|move: Sticky Web\n|-unboost|p1a: Pikachu|spe|1\n|-activate|p1b: Dachsbun|move: Sticky Web\n|-unboost|p1b: Dachsbun|spe|1\n|turn|6\n|\n|t:|1770691873\n|-terastallize|p1b: Dachsbun|Steel\n|move|p1a: Pikachu|Fake Out|p2a: Gardevoir\n|-damage|p2a: Gardevoir|18/249\n|cant|p2a: Gardevoir|flinch\n|move|p2b: Metagross|Heavy Slam|p1b: Dachsbun\n|-resisted|p1b: Dachsbun\n|-damage|p1b: Dachsbun|188/249\n|move|p1b: Dachsbun|Snarl|p2a: Gardevoir|[spread] p2a,p2b\n|-supereffective|p2b: Metagross\n|-damage|p2a: Gardevoir|0 fnt\n|-damage|p2b: Metagross|231/259\n|faint|p2a: Gardevoir\n|\n|upkeep\n|\n|t:|1770691879\n|switch|p2a: Scovillain|Scovillain, L90, M|263/263\n|turn|7\n|\n|t:|1770691893\n|switch|p1a: Beartic|Beartic, L91, M|321/321\n|-activate|p1a: Beartic|move: Sticky Web\n|-unboost|p1a: Beartic|spe|1\n|move|p2a: Scovillain|Energy Ball|p1a: Beartic\n|-damage|p1a: Beartic|155/321\n|move|p2b: Metagross|Hammer Arm|p1b: Dachsbun\n|-supereffective|p1b: Dachsbun\n|-damage|p1b: Dachsbun|64/249\n|-unboost|p2b: Metagross|spe|1\n|-enditem|p1b: Dachsbun|Sitrus Berry|[eat]\n|-heal|p1b: Dachsbun|126/249|[from] item: Sitrus Berry\n|move|p1b: Dachsbun|Snarl|p2a: Scovillain|[spread] p2a,p2b\n|-crit|p2a: Scovillain\n|-supereffective|p2b: Metagross\n|-crit|p2b: Metagross\n|-damage|p2a: Scovillain|227/263\n|-damage|p2b: Metagross|183/259\n|-unboost|p2a: Scovillain|spa|1\n|\n|upkeep\n|turn|8\n|\n|t:|1770691915\n|move|p2a: Scovillain|Energy Ball|p1a: Beartic\n|-damage|p1a: Beartic|35/321\n|move|p1b: Dachsbun|Snarl|p2a: Scovillain|[spread] p2a,p2b\n|-supereffective|p2b: Metagross\n|-damage|p2a: Scovillain|200/263\n|-damage|p2b: Metagross|153/259\n|-unboost|p2a: Scovillain|spa|1\n|move|p2b: Metagross|Hammer Arm|p1b: Dachsbun\n|-supereffective|p1b: Dachsbun\n|-damage|p1b: Dachsbun|4/249\n|-unboost|p2b: Metagross|spe|1\n|move|p1a: Beartic|Icicle Crash|p2a: Scovillain\n|-damage|p2a: Scovillain|12/263\n|-damage|p1a: Beartic|3/321|[from] item: Life Orb\n|\n|upkeep\n|turn|9\n|\n|t:|1770691945\n|move|p2a: Scovillain|Energy Ball|p1b: Dachsbun\n|-resisted|p1b: Dachsbun\n|-damage|p1b: Dachsbun|0 fnt\n|faint|p1b: Dachsbun\n|move|p1a: Beartic|Close Combat|p2b: Metagross\n|-damage|p2b: Metagross|35/259\n|-unboost|p1a: Beartic|def|1\n|-unboost|p1a: Beartic|spd|1\n|-damage|p1a: Beartic|0 fnt|[from] item: Life Orb\n|faint|p1a: Beartic\n|move|p2b: Metagross|Knock Off|p1: Beartic|[notarget]\n|-fail|p2b: Metagross\n|\n|upkeep\n|-message|dannymma forfeited.\n|\n|win|pejelegante\n|raw|dannymma's rating: 1756 &rarr; <strong>1742</strong><br />(-14 for losing)\n|raw|pejelegante's rating: 1860 &rarr; <strong>1874</strong><br />(+14 for winning)\n|l|☆dannymma\n|player|p1|\n|c|☆pejelegante|Gg\n", "inputlog": ">version ccdc32dd7cde25fd9e4bed64820e885f66e78a4e\n>start {\"formatid\":\"gen9randomdoublesbattle\",\"seed\":\"sodium,303a7202a169360727cd7528a7b5e5fb\",\"rated\":\"Rated battle\"}\n>player p1 {\"name\":\"dannymma\",\"avatar\":\"bruno\",\"rating\":1756,\"seed\":\"sodium,7edffeaa9a465c1a6397d8ae3bc38c67\"}\n>player p2 {\"name\":\"pejelegante\",\"avatar\":\"hugh\",\"rating\":1860,\"seed\":\"sodium,0451552ae5efab7ffd2782fc457e4ef0\"}\n>p1 move quiverdance, move fakeout +2\n>p2 move stickyweb, move crunch +1\n>p1 move airslash +2, move volttackle +2\n>p2 move knockoff +2, move crunch +1\n>p2 pass, switch 6\n>p1 move airslash +1, switch 6\n>p2 move knockoff +1, move knockoff +1\n>p2 switch 3, pass\n>p1 move airslash +1, move psychic +1\n>p2 move dazzlinggleam, move heavyslam +1\n>p1 switch 3, pass\n>p1 move leafstorm +1, move trickroom\n>p2 move dazzlinggleam, move heavyslam +1\n>p1 switch 6, switch 4\n>p1 move fakeout +1, move snarl terastallize\n>p2 move dazzlinggleam, move heavyslam +2\n>p2 switch 5, pass\n>p1 switch 5, move snarl\n>p2 move energyball +1, move hammerarm +2\n>p1 move iciclecrash +1, move snarl\n>p2 move energyball +1, move hammerarm +2\n>p1 move closecombat +2, move snarl\n>p2 move energyball +2, move knockoff +1\n>forcelose p1", "uploadtime": 1770691965, "views": 73, "formatid": "gen9randomdoublesbattle", "rating": 1742, "private": 0, "password": null}