{"id": "gen9randomdoublesbattle-2537766982", "format": "[Gen 9] Random Doubles Battle", "players": ["LotsaPasta", "Joaobogo"], "log": "|j|☆LotsaPasta\n|j|☆Joaobogo\n|t:|1770846014\n|gametype|doubles\n|player|p1|LotsaPasta|plasmagrunt|1508\n|player|p2|Joaobogo|170|1614\n|gen|9\n|tier|[Gen 9] Random Doubles Battle\n|rated|\n|rule|Species Clause: Limit one of each Pokémon\n|rule|HP Percentage Mod: HP is shown in percentages\n|rule|Illusion Level Mod: Illusion disguises the Pokémon's true level\n|rule|Sleep Clause Mod: Limit one foe put to sleep\n|\n|t:|1770846014\n|teamsize|p1|6\n|teamsize|p2|6\n|start\n|switch|p1a: Sinistcha|Sinistcha, L81|248/248\n|switch|p1b: Tropius|Tropius, L94, F|339/339\n|switch|p2a: Jirachi|Jirachi, L80|291/291\n|switch|p2b: Granbull|Granbull, L88, M|302/302\n|-ability|p2b: Granbull|Intimidate|boost\n|-unboost|p1a: Sinistcha|atk|1\n|-unboost|p1b: Tropius|atk|1\n|turn|1\n|inactive|Battle timer is ON: inactive players will automatically lose when time's up. (requested by LotsaPasta)\n|inactive|LotsaPasta has 120 seconds left.\n|\n|t:|1770846048\n|switch|p2a: Glaceon|Glaceon, L86, M|252/252\n|switch|p2b: Venusaur|Venusaur, L86, M|278/278\n|switch|p1a: Clawitzer|Clawitzer, L84, F|256/256\n|move|p1b: Tropius|Tailwind|p1b: Tropius\n|-sidestart|p1: LotsaPasta|move: Tailwind\n|\n|upkeep\n|turn|2\n|\n|t:|1770846065\n|move|p1b: Tropius|Hurricane|p2b: Venusaur|[miss]\n|-miss|p1b: Tropius|p2b: Venusaur\n|move|p1a: Clawitzer|Aura Sphere|p2a: Glaceon\n|-supereffective|p2a: Glaceon\n|-damage|p2a: Glaceon|0 fnt\n|faint|p2a: Glaceon\n|move|p2b: Venusaur|Giga Drain|p1a: Clawitzer\n|-supereffective|p1a: Clawitzer\n|-damage|p1a: Clawitzer|30/256\n|-damage|p2b: Venusaur|251/278|[from] item: Life Orb\n|\n|upkeep\n|\n|t:|1770846080\n|switch|p2a: Electabuzz|Electabuzz, L84, M|246/246\n|turn|3\n|\n|t:|1770846088\n|move|p1b: Tropius|Hurricane|p2b: Venusaur\n|-supereffective|p2b: Venusaur\n|-damage|p2b: Venusaur|33/278\n|move|p1a: Clawitzer|Aura Sphere|p2a: Electabuzz\n|-damage|p2a: Electabuzz|140/246\n|move|p2a: Electabuzz|Electroweb|p1b: Tropius|[spread] p1a,p1b\n|-supereffective|p1a: Clawitzer\n|-damage|p1a: Clawitzer|0 fnt\n|-damage|p1b: Tropius|299/339\n|-unboost|p1b: Tropius|spe|1\n|faint|p1a: Clawitzer\n|move|p2b: Venusaur|Sludge Bomb|p1b: Tropius\n|-supereffective|p1b: Tropius\n|-damage|p1b: Tropius|62/339\n|-enditem|p1b: Tropius|Sitrus Berry|[eat]\n|-heal|p1b: Tropius|146/339|[from] item: Sitrus Berry\n|-damage|p2b: Venusaur|6/278|[from] item: Life Orb\n|\n|upkeep\n|\n|t:|1770846100\n|switch|p1a: Sinistcha|Sinistcha, L81|248/248\n|-heal|p1b: Tropius|230/339|[from] ability: Hospitality|[of] p1a: Sinistcha\n|turn|4\n|\n|t:|1770846118\n|switch|p1b: Jolteon|Jolteon, L85, M|249/249\n|move|p2a: Electabuzz|Follow Me|p2a: Electabuzz\n|-singleturn|p2a: Electabuzz|move: Follow Me\n|move|p1a: Sinistcha|Matcha Gotcha|p2a: Electabuzz|[spread] p2a,p2b\n|-resisted|p2b: Venusaur\n|-damage|p2a: Electabuzz|89/246\n|-damage|p2b: Venusaur|0 fnt\n|faint|p2b: Venusaur\n|\n|-sideend|p1: LotsaPasta|move: Tailwind\n|upkeep\n|\n|t:|1770846136\n|switch|p2b: Landorus|Landorus, L75, M|257/257\n|turn|5\n|\n|t:|1770846161\n|switch|p1b: Tropius|Tropius, L94, F|230/339\n|move|p2a: Electabuzz|Knock Off|p1a: Sinistcha\n|-supereffective|p1a: Sinistcha\n|-damage|p1a: Sinistcha|136/248\n|-damage|p2a: Electabuzz|48/246|[from] item: Rocky Helmet|[of] p1a: Sinistcha\n|-enditem|p1a: Sinistcha|Rocky Helmet|[from] move: Knock Off|[of] p2a: Electabuzz\n|move|p2b: Landorus|Nasty Plot|p2b: Landorus\n|-boost|p2b: Landorus|spa|2\n|move|p1a: Sinistcha|Matcha Gotcha|p2a: Electabuzz|[spread] p2a,p2b\n|-damage|p2a: Electabuzz|0 fnt\n|-heal|p1a: Sinistcha|160/248|[from] drain|[of] p2a: Electabuzz\n|-damage|p2b: Landorus|181/257\n|-heal|p1a: Sinistcha|198/248|[from] drain|[of] p2b: Landorus\n|faint|p2a: Electabuzz\n|\n|-item|p1b: Tropius|Sitrus Berry|[from] ability: Harvest\n|upkeep\n|\n|t:|1770846185\n|switch|p2a: Granbull|Granbull, L88, M|302/302\n|-ability|p2a: Granbull|Intimidate|boost\n|-unboost|p1a: Sinistcha|atk|1\n|-unboost|p1b: Tropius|atk|1\n|turn|6\n|\n|t:|1770846203\n|switch|p1a: Houndstone|Houndstone, L73, F|226/226\n|move|p2b: Landorus|Sludge Bomb|p1a: Houndstone\n|-resisted|p1a: Houndstone\n|-damage|p1a: Houndstone|118/226\n|move|p1b: Tropius|Hurricane|p2b: Landorus|[miss]\n|-miss|p1b: Tropius|p2b: Landorus\n|move|p2a: Granbull|Super Fang|p1b: Tropius\n|-damage|p1b: Tropius|115/339\n|-enditem|p1b: Tropius|Sitrus Berry|[eat]\n|-heal|p1b: Tropius|199/339|[from] item: Sitrus Berry\n|\n|upkeep\n|turn|7\n|\n|t:|1770846220\n|switch|p1a: Sinistcha|Sinistcha, L81|198/248\n|-heal|p1b: Tropius|283/339|[from] ability: Hospitality|[of] p1a: Sinistcha\n|move|p2b: Landorus|Sludge Bomb|p1b: Tropius\n|-supereffective|p1b: Tropius\n|-damage|p1b: Tropius|0 fnt\n|faint|p1b: Tropius\n|move|p2a: Granbull|Super Fang|p1a: Sinistcha\n|-immune|p1a: Sinistcha\n|\n|upkeep\n|\n|t:|1770846231\n|switch|p1b: Houndstone|Houndstone, L73, F|118/226\n|turn|8\n|\n|t:|1770846244\n|move|p1b: Houndstone|Last Respects|p2b: Landorus\n|-damage|p2b: Landorus|36/257\n|move|p2b: Landorus|Sandsear Storm|p1b: Houndstone|[spread] p1a,p1b\n|-resisted|p1a: Sinistcha\n|-damage|p1a: Sinistcha|58/248\n|-damage|p1b: Houndstone|0 fnt\n|faint|p1b: Houndstone\n|move|p2a: Granbull|Play Rough|p1a: Sinistcha\n|-damage|p1a: Sinistcha|0 fnt\n|faint|p1a: Sinistcha\n|\n|upkeep\n|\n|t:|1770846248\n|switch|p1b: Reshiram|Reshiram, L72|263/263\n|switch|p1a: Jolteon|Jolteon, L85, M|249/249\n|-ability|p1b: Reshiram|Turboblaze\n|turn|9\n|\n|t:|1770846265\n|-terastallize|p1b: Reshiram|Fire\n|move|p1a: Jolteon|Protect|p1a: Jolteon\n|-singleturn|p1a: Jolteon|Protect\n|move|p2b: Landorus|Sandsear Storm|p1b: Reshiram|[spread] \n|-activate|p1a: Jolteon|move: Protect\n|-miss|p2b: Landorus|p1b: Reshiram\n|move|p1b: Reshiram|Heat Wave|p2a: Granbull|[spread] p2a,p2b\n|-damage|p2a: Granbull|188/302\n|-damage|p2b: Landorus|0 fnt\n|faint|p2b: Landorus\n|-damage|p1b: Reshiram|237/263|[from] item: Life Orb\n|move|p2a: Granbull|Stomping Tantrum|p1a: Jolteon\n|-activate|p1a: Jolteon|move: Protect\n|\n|upkeep\n|inactive|Joaobogo has 120 seconds left.\n|\n|t:|1770846285\n|switch|p2b: Jirachi|Jirachi, L80|291/291\n|turn|10\n|\n|t:|1770846295\n|-terastallize|p2b: Jirachi|Water\n|move|p1a: Jolteon|Thunderbolt|p2b: Jirachi\n|-supereffective|p2b: Jirachi\n|-damage|p2b: Jirachi|18/291\n|-enditem|p2b: Jirachi|Sitrus Berry|[eat]\n|-heal|p2b: Jirachi|90/291|[from] item: Sitrus Berry\n|-damage|p1a: Jolteon|225/249|[from] item: Life Orb\n|move|p2b: Jirachi|Thunder Wave|p1b: Reshiram\n|-status|p1b: Reshiram|par\n|move|p2a: Granbull|Stomping Tantrum|p1a: Jolteon\n|-supereffective|p1a: Jolteon\n|-damage|p1a: Jolteon|37/249\n|move|p1b: Reshiram|Heat Wave|p2a: Granbull|[spread] p2a,p2b\n|-crit|p2a: Granbull\n|-resisted|p2b: Jirachi\n|-crit|p2b: Jirachi\n|-damage|p2a: Granbull|6/302\n|-damage|p2b: Jirachi|0 fnt\n|-status|p2a: Granbull|brn\n|faint|p2b: Jirachi\n|-damage|p1b: Reshiram|211/263 par|[from] item: Life Orb\n|\n|-damage|p2a: Granbull|0 fnt|[from] brn\n|faint|p2a: Granbull\n|\n|win|LotsaPasta\n|raw|LotsaPasta's rating: 1508 &rarr; <strong>1534</strong><br />(+26 for winning)\n|raw|Joaobogo's rating: 1614 &rarr; <strong>1588</strong><br />(-26 for losing)\n|l|☆Joaobogo\n|player|p2|\n", "inputlog": ">version ccdc32dd7cde25fd9e4bed64820e885f66e78a4e\n>start {\"formatid\":\"gen9randomdoublesbattle\",\"seed\":\"sodium,fd198a7951d3f8bc5525d1296c3bbb60\",\"rated\":\"Rated battle\"}\n>player p1 {\"name\":\"LotsaPasta\",\"avatar\":\"plasmagrunt\",\"rating\":1508,\"seed\":\"sodium,41be95add439cef41171101e19560588\"}\n>player p2 {\"name\":\"Joaobogo\",\"avatar\":\"170\",\"rating\":1614,\"seed\":\"sodium,b38978c24243c7fab225d2f6c09f499a\"}\n>p1 switch 3, move tailwind\n>p2 switch 5, switch 3\n>p1 move aurasphere +1, move hurricane +2\n>p2 move freezedry +1, move gigadrain +1\n>p2 switch 4, pass\n>p1 move aurasphere +1, move hurricane +2\n>p2 move electroweb, move sludgebomb +2\n>p1 switch 3, pass\n>p1 move matchagotcha, switch 6\n>p2 move followme, move sludgebomb +2\n>p2 pass, switch 6\n>p1 move matchagotcha, switch 6\n>p2 move knockoff +1, move nastyplot\n>p2 switch 3, pass\n>p1 switch 5, move hurricane +2\n>p2 move superfang +2, move sludgebomb +1\n>p1 switch 5, move tailwind\n>p2 move superfang +2, move sludgebomb +2\n>p1 pass, switch 5\n>p1 move matchagotcha, move lastrespects +2\n>p2 move playrough +2, move sandsearstorm\n>p1 switch 6, switch 4\n>p1 move protect, move heatwave terastallize\n>p2 move stompingtantrum +1, move sandsearstorm\n>p2 pass, switch 5\n>p1 move thunderbolt +2, move heatwave\n>p2 move stompingtantrum +1, move thunderwave +2 terastallize", "uploadtime": 1770846321, "views": 67, "formatid": "gen9randomdoublesbattle", "rating": 1534, "private": 0, "password": null}