{"id": "gen9randomdoublesbattle-2537567215", "format": "[Gen 9] Random Doubles Battle", "players": ["Enchanting Leafeon", "farassxd"], "log": "|j|☆Enchanting Leafeon\n|j|☆farassxd\n|t:|1770827989\n|gametype|doubles\n|player|p1|Enchanting Leafeon|cilan|1699\n|player|p2|farassxd|265|1623\n|gen|9\n|tier|[Gen 9] Random Doubles Battle\n|rated|\n|rule|Species Clause: Limit one of each Pokémon\n|rule|HP Percentage Mod: HP is shown in percentages\n|rule|Illusion Level Mod: Illusion disguises the Pokémon's true level\n|rule|Sleep Clause Mod: Limit one foe put to sleep\n|\n|t:|1770827989\n|teamsize|p1|6\n|teamsize|p2|6\n|start\n|switch|p1a: Regidrago|Regidrago, L74|418/418\n|switch|p1b: Electabuzz|Electabuzz, L84, M|246/246\n|switch|p2a: Golem|Golem-Alola, L88, F|284/284\n|switch|p2b: Scream Tail|Scream Tail, L82|323/323\n|turn|1\n|\n|t:|1770828026\n|switch|p1a: Amoonguss|Amoonguss, L86, M|336/336\n|move|p2b: Scream Tail|Play Rough|p1a: Amoonguss\n|-resisted|p1a: Amoonguss\n|-damage|p1a: Amoonguss|298/336\n|-damage|p2b: Scream Tail|270/323|[from] item: Rocky Helmet|[of] p1a: Amoonguss\n|move|p1b: Electabuzz|Electroweb|p2a: Golem|[spread] p2a\n|-miss|p1b: Electabuzz|p2b: Scream Tail\n|-resisted|p2a: Golem\n|-damage|p2a: Golem|261/284\n|-unboost|p2a: Golem|spe|1\n|move|p2a: Golem|Thunder Wave|p1a: Amoonguss\n|-status|p1a: Amoonguss|par\n|\n|upkeep\n|turn|2\n|\n|t:|1770828052\n|move|p2b: Scream Tail|Disable|p1b: Electabuzz\n|-start|p1b: Electabuzz|Disable|Electroweb\n|move|p1b: Electabuzz|Thunderbolt|p2b: Scream Tail\n|-damage|p2b: Scream Tail|197/323\n|move|p2a: Golem|Rock Slide|p1b: Electabuzz|[spread] p1a,p1b\n|-damage|p1a: Amoonguss|211/336 par\n|-damage|p1b: Electabuzz|180/246\n|move|p1a: Amoonguss|Spore|p2a: Golem\n|-status|p2a: Golem|slp|[from] move: Spore\n|\n|upkeep\n|turn|3\n|\n|t:|1770828082\n|-end|p2b: Scream Tail|Protosynthesis|[silent]\n|switch|p2b: Gothitelle|Gothitelle, L90, F|272/272\n|move|p1b: Electabuzz|Thunderbolt|p2b: Gothitelle\n|-damage|p2b: Gothitelle|196/272\n|cant|p2a: Golem|slp\n|move|p1a: Amoonguss|Pollen Puff|p1b: Electabuzz\n|-heal|p1b: Electabuzz|246/246\n|\n|upkeep\n|turn|4\n|\n|t:|1770828097\n|move|p1a: Amoonguss|Protect|p1a: Amoonguss\n|-singleturn|p1a: Amoonguss|Protect\n|move|p1b: Electabuzz|Thunderbolt|p2b: Gothitelle\n|-damage|p2b: Gothitelle|123/272\n|-enditem|p2b: Gothitelle|Sitrus Berry|[eat]\n|-heal|p2b: Gothitelle|191/272|[from] item: Sitrus Berry\n|move|p2b: Gothitelle|Psychic|p1a: Amoonguss\n|-activate|p1a: Amoonguss|move: Protect\n|-curestatus|p2a: Golem|slp|[msg]\n|move|p2a: Golem|Rock Slide|p1b: Electabuzz|[spread] p1b\n|-activate|p1a: Amoonguss|move: Protect\n|-damage|p1b: Electabuzz|176/246\n|\n|upkeep\n|turn|5\n|\n|t:|1770828117\n|-terastallize|p1a: Amoonguss|Steel\n|move|p1b: Electabuzz|Thunderbolt|p2b: Gothitelle\n|-damage|p2b: Gothitelle|119/272\n|move|p2b: Gothitelle|Psychic|p1a: Amoonguss\n|-resisted|p1a: Amoonguss\n|-damage|p1a: Amoonguss|159/336 par\n|move|p2a: Golem|Rock Slide|p1b: Electabuzz|[spread] p1a,p1b\n|-resisted|p1a: Amoonguss\n|-crit|p1b: Electabuzz\n|-damage|p1a: Amoonguss|116/336 par\n|-damage|p1b: Electabuzz|71/246\n|cant|p1a: Amoonguss|flinch\n|\n|-end|p1b: Electabuzz|Disable\n|upkeep\n|turn|6\n|\n|t:|1770828144\n|move|p1b: Electabuzz|Follow Me|p1b: Electabuzz\n|-singleturn|p1b: Electabuzz|move: Follow Me\n|move|p2b: Gothitelle|Psychic|p1b: Electabuzz\n|-damage|p1b: Electabuzz|1/246\n|move|p2a: Golem|Rock Slide|p1b: Electabuzz|[spread] p1a,p1b\n|-resisted|p1a: Amoonguss\n|-damage|p1a: Amoonguss|71/336 par\n|-damage|p1b: Electabuzz|0 fnt\n|faint|p1b: Electabuzz\n|cant|p1a: Amoonguss|flinch\n|\n|upkeep\n|\n|t:|1770828157\n|switch|p1b: Regidrago|Regidrago, L74|418/418\n|turn|7\n|\n|t:|1770828165\n|switch|p2b: Scream Tail|Scream Tail, L82|197/323\n|move|p1a: Amoonguss|Protect|p1a: Amoonguss\n|-singleturn|p1a: Amoonguss|Protect\n|move|p1b: Regidrago|Dragon Energy|p2a: Golem|[spread] p2a\n|-immune|p2b: Scream Tail\n|-damage|p2a: Golem|102/284\n|-enditem|p2a: Golem|Sitrus Berry|[eat]\n|-heal|p2a: Golem|173/284|[from] item: Sitrus Berry\n|move|p2a: Golem|Double-Edge|p1a: Amoonguss\n|-activate|p1a: Amoonguss|move: Protect\n|\n|upkeep\n|turn|8\n|\n|t:|1770828188\n|switch|p1b: Lugia|Lugia, L71|268/268\n|move|p2a: Golem|Protect|p2a: Golem\n|-singleturn|p2a: Golem|Protect\n|move|p2b: Scream Tail|Play Rough|p1b: Lugia\n|-damage|p1b: Lugia|237/268\n|move|p1a: Amoonguss|Spore|p2b: Scream Tail\n|-status|p2b: Scream Tail|slp|[from] move: Spore\n|\n|-heal|p1b: Lugia|253/268|[from] item: Leftovers\n|upkeep\n|turn|9\n|\n|t:|1770828206\n|switch|p1a: Regidrago|Regidrago, L74|418/418\n|cant|p2b: Scream Tail|slp\n|move|p1b: Lugia|Earth Power|p2a: Golem\n|-supereffective|p2a: Golem\n|-damage|p2a: Golem|0 fnt\n|faint|p2a: Golem\n|\n|-heal|p1b: Lugia|268/268|[from] item: Leftovers\n|upkeep\n|inactive|Battle timer is ON: inactive players will automatically lose when time's up. (requested by Enchanting Leafeon)\n|inactive|farassxd has 120 seconds left.\n|\n|t:|1770828313\n|switch|p2a: Incineroar|Incineroar, L78, F|276/276\n|-ability|p2a: Incineroar|Intimidate|boost\n|-unboost|p1a: Regidrago|atk|1\n|-unboost|p1b: Lugia|atk|1\n|turn|10\n|j| faradev\n|l| faradev\n|\n|t:|1770828342\n|move|p2a: Incineroar|Fake Out|p1a: Regidrago\n|-damage|p1a: Regidrago|366/418\n|cant|p1a: Regidrago|flinch\n|cant|p2b: Scream Tail|slp\n|move|p1b: Lugia|Earth Power|p2a: Incineroar\n|-supereffective|p2a: Incineroar\n|-damage|p2a: Incineroar|178/276\n|-unboost|p2a: Incineroar|spd|1\n|\n|upkeep\n|turn|11\n|\n|t:|1770828363\n|switch|p2a: Duraludon|Duraludon, L83, M|252/252\n|move|p1a: Regidrago|Earth Power|p2a: Duraludon\n|-supereffective|p2a: Duraludon\n|-damage|p2a: Duraludon|152/252\n|cant|p2b: Scream Tail|slp\n|move|p1b: Lugia|Earth Power|p2a: Duraludon\n|-supereffective|p2a: Duraludon\n|-crit|p2a: Duraludon\n|-damage|p2a: Duraludon|24/252\n|\n|upkeep\n|turn|12\n|\n|t:|1770828378\n|switch|p1a: Amoonguss|Amoonguss, L86, M, tera:Steel|183/336 par\n|-curestatus|p2b: Scream Tail|slp|[msg]\n|move|p2b: Scream Tail|Play Rough|p1a: Amoonguss\n|-resisted|p1a: Amoonguss\n|-damage|p1a: Amoonguss|146/336 par\n|-damage|p2b: Scream Tail|144/323|[from] item: Rocky Helmet|[of] p1a: Amoonguss\n|-enditem|p2b: Scream Tail|Sitrus Berry|[eat]\n|-heal|p2b: Scream Tail|224/323|[from] item: Sitrus Berry\n|move|p1b: Lugia|Earth Power|p2a: Duraludon\n|-supereffective|p2a: Duraludon\n|-damage|p2a: Duraludon|0 fnt\n|faint|p2a: Duraludon\n|\n|upkeep\n|\n|t:|1770828384\n|switch|p2a: Kyogre|Kyogre, L65|238/238\n|-weather|RainDance|[from] ability: Drizzle|[of] p2a: Kyogre\n|turn|13\n|j| faradev\n|c| faradev|lock in\n|\n|t:|1770828404\n|switch|p1a: Toxicroak|Toxicroak, L85, F|280/280\n|-terastallize|p2a: Kyogre|Water\n|move|p2b: Scream Tail|Helping Hand|p2a: Kyogre\n|-singleturn|p2a: Kyogre|Helping Hand|[of] p2b: Scream Tail\n|move|p2a: Kyogre|Water Spout|p1b: Lugia|[spread] p1b\n|-immune|p1a: Toxicroak|[from] ability: Dry Skin\n|-damage|p1b: Lugia|148/268\n|move|p1b: Lugia|Aeroblast|p2a: Kyogre|[miss]\n|-miss|p1b: Lugia|p2a: Kyogre\n|\n|-weather|RainDance|[upkeep]\n|-heal|p1b: Lugia|164/268|[from] item: Leftovers\n|upkeep\n|turn|14\n|inactive|farassxd has 120 seconds left.\n|\n|t:|1770828443\n|switch|p2a: Incineroar|Incineroar, L78, F|178/276\n|-ability|p2a: Incineroar|Intimidate|boost\n|-unboost|p1a: Toxicroak|atk|1\n|-unboost|p1b: Lugia|atk|1\n|move|p2b: Scream Tail|Disable|p1b: Lugia\n|-start|p1b: Lugia|Disable|Aeroblast\n|move|p1b: Lugia|Recover|p1b: Lugia\n|-heal|p1b: Lugia|268/268\n|move|p1a: Toxicroak|Gunk Shot|p2b: Scream Tail\n|-supereffective|p2b: Scream Tail\n|-damage|p2b: Scream Tail|6/323\n|-damage|p1a: Toxicroak|252/280|[from] item: Life Orb\n|\n|-weather|RainDance|[upkeep]\n|-heal|p1a: Toxicroak|280/280|[from] ability: Dry Skin\n|upkeep\n|turn|15\n|inactive|farassxd has 120 seconds left.\n|l| faradev\n|inactive|farassxd has 90 seconds left.\n|inactive|farassxd has 60 seconds left.\n|c|☆Enchanting Leafeon|You must have a lot of time on your hands\n|inactive|farassxd has 30 seconds left.\n|inactive|farassxd has 20 seconds left.\n|inactive|farassxd has 15 seconds left.\n|inactive|farassxd has 10 seconds left.\n|c|☆Enchanting Leafeon|I'm just saying, this has been a good battle so far. Shame we can't finish it\n|inactive|farassxd has 5 seconds left.\n|-message|farassxd lost due to inactivity.\n|\n|win|Enchanting Leafeon\n|raw|Enchanting Leafeon's rating: 1699 &rarr; <strong>1715</strong><br />(+16 for winning)\n|raw|farassxd's rating: 1623 &rarr; <strong>1607</strong><br />(-16 for losing)\n|c|☆Enchanting Leafeon|Gg wp\n|c|☆Enchanting Leafeon|I guess\n", "inputlog": ">version ccdc32dd7cde25fd9e4bed64820e885f66e78a4e\n>start {\"formatid\":\"gen9randomdoublesbattle\",\"seed\":\"sodium,15fa255e1c6351ab47f5991b505af3bf\",\"rated\":\"Rated battle\"}\n>player p1 {\"name\":\"Enchanting Leafeon\",\"avatar\":\"cilan\",\"rating\":1699,\"seed\":\"sodium,9c7784dd9fa27a785ba1a53710e497da\"}\n>player p2 {\"name\":\"farassxd\",\"avatar\":\"265\",\"rating\":1623,\"seed\":\"sodium,8675ac8a957b7d9ea82e4f08759ec801\"}\n>p1 switch 3, move electroweb\n>p2 move thunderwave +1, move playrough +1\n>p1 move spore +1, move thunderbolt +2\n>p2 move rockslide, move disable +2\n>p1 move pollenpuff -2, move thunderbolt +2\n>p2 move rockslide, switch 5\n>p1 move protect, move thunderbolt +2\n>p2 move rockslide, move psychic +1\n>p1 move spore +2 terastallize, move thunderbolt +2\n>p2 move rockslide, move psychic +1\n>p1 move spore +2, move followme\n>p2 move rockslide, move psychic +2\n>p1 pass, switch 3\n>p1 move protect, move dragonenergy\n>p2 move doubleedge +1, switch 5\n>p1 move spore +2, switch 4\n>p2 move protect, move playrough +2\n>p1 switch 4, move earthpower +1\n>p2 move rockslide, move helpinghand -1\n>p2 switch 6, pass\n>p1 move earthpower +1, move earthpower +1\n>p2 move fakeout +1, move playrough +1\n>p1 move earthpower +1, move earthpower +1\n>p2 switch 4, move playrough +1\n>p1 switch 4, move earthpower +1\n>p2 move dracometeor +2, move playrough +1\n>p2 switch 3, pass\n>chat  faradev|lock in\n>p1 switch 5, move aeroblast +1\n>p2 move waterspout terastallize, move helpinghand -1\n>p1 move gunkshot +2, move recover\n>p2 switch 4, move disable +2\n>chat ☆Enchanting Leafeon|You must have a lot of time on your hands\n>chat ☆Enchanting Leafeon|I'm just saying, this has been a good battle so far. Shame we can't finish it\n>forcelose p2", "uploadtime": 1770828594, "views": 71, "formatid": "gen9randomdoublesbattle", "rating": 1607, "private": 0, "password": null}