{"id": "gen9randomdoublesbattle-2537370567", "format": "[Gen 9] Random Doubles Battle", "players": ["crcohn", "jp3545"], "log": "|j|☆crcohn\n|j|☆jp3545\n|t:|1770805634\n|gametype|doubles\n|player|p1|crcohn|169|1561\n|player|p2|jp3545|170|1581\n|gen|9\n|tier|[Gen 9] Random Doubles Battle\n|rated|\n|rule|Species Clause: Limit one of each Pokémon\n|rule|HP Percentage Mod: HP is shown in percentages\n|rule|Illusion Level Mod: Illusion disguises the Pokémon's true level\n|rule|Sleep Clause Mod: Limit one foe put to sleep\n|\n|t:|1770805634\n|teamsize|p1|6\n|teamsize|p2|6\n|start\n|switch|p1a: Houndoom|Houndoom, L86, M|269/269\n|switch|p1b: Sandy Shocks|Sandy Shocks, L79|264/264\n|switch|p2a: Plusle|Plusle, L92, M|260/260\n|switch|p2b: Clodsire|Clodsire, L87, M|368/368\n|turn|1\n|inactive|Battle timer is ON: inactive players will automatically lose when time's up. (requested by crcohn)\n|inactive|crcohn has 120 seconds left.\n|inactive|jp3545 has 120 seconds left.\n|\n|t:|1770805686\n|switch|p2a: Torterra|Torterra, L81, F|287/287\n|switch|p1a: Amoonguss|Amoonguss, L86, F|336/336\n|move|p1b: Sandy Shocks|Earth Power|p2a: Torterra\n|-resisted|p2a: Torterra\n|-damage|p2a: Torterra|222/287\n|-damage|p1b: Sandy Shocks|238/264|[from] item: Life Orb\n|move|p2b: Clodsire|Toxic Spikes|p1a: Amoonguss\n|-sidestart|p1: crcohn|move: Toxic Spikes\n|\n|upkeep\n|turn|2\n|\n|t:|1770805707\n|move|p1b: Sandy Shocks|Earth Power|p2b: Clodsire\n|-supereffective|p2b: Clodsire\n|-damage|p2b: Clodsire|124/368\n|-damage|p1b: Sandy Shocks|212/264|[from] item: Life Orb\n|move|p2a: Torterra|Shell Smash|p2a: Torterra\n|-unboost|p2a: Torterra|def|1\n|-unboost|p2a: Torterra|spd|1\n|-boost|p2a: Torterra|atk|2\n|-boost|p2a: Torterra|spa|2\n|-boost|p2a: Torterra|spe|2\n|-enditem|p2a: Torterra|White Herb\n|-clearnegativeboost|p2a: Torterra|[silent]\n|move|p1a: Amoonguss|Sludge Bomb|p2a: Torterra\n|-damage|p2a: Torterra|131/287\n|move|p2b: Clodsire|High Horsepower|p1b: Sandy Shocks\n|-supereffective|p1b: Sandy Shocks\n|-damage|p1b: Sandy Shocks|32/264\n|\n|-heal|p2b: Clodsire|147/368|[from] item: Leftovers\n|upkeep\n|turn|3\n|inactive|crcohn has 120 seconds left.\n|\n|t:|1770805742\n|move|p1a: Amoonguss|Rage Powder|p1a: Amoonguss\n|-singleturn|p1a: Amoonguss|move: Rage Powder\n|move|p2a: Torterra|Wood Hammer|p1b: Sandy Shocks\n|-supereffective|p1b: Sandy Shocks\n|-damage|p1b: Sandy Shocks|0 fnt\n|faint|p1b: Sandy Shocks\n|-end|p1b: Sandy Shocks|Protosynthesis|[silent]\n|-damage|p2a: Torterra|120/287|[from] Recoil\n|move|p2b: Clodsire|Recover|p2b: Clodsire\n|-heal|p2b: Clodsire|331/368\n|\n|-heal|p2b: Clodsire|354/368|[from] item: Leftovers\n|upkeep\n|c|☆crcohn|huh\n|inactive|crcohn has 90 seconds left.\n|\n|t:|1770805791\n|switch|p1b: Hitmonlee|Hitmonlee, L86, M|226/226\n|-status|p1b: Hitmonlee|psn\n|turn|4\n|inactive|crcohn has 90 seconds left.\n|\n|t:|1770805802\n|move|p2a: Torterra|Protect|p2a: Torterra\n|-singleturn|p2a: Torterra|Protect\n|move|p1b: Hitmonlee|Fake Out|p2a: Torterra\n|-activate|p2a: Torterra|move: Protect\n|move|p1a: Amoonguss|Sludge Bomb|p2a: Torterra\n|-activate|p2a: Torterra|move: Protect\n|move|p2b: Clodsire|Gunk Shot|p1b: Hitmonlee\n|-damage|p1b: Hitmonlee|79/226 psn\n|\n|-heal|p2b: Clodsire|368/368|[from] item: Leftovers\n|-damage|p1b: Hitmonlee|51/226 psn|[from] psn\n|upkeep\n|turn|5\n|\n|t:|1770805821\n|move|p2a: Torterra|Headlong Rush|p1a: Amoonguss\n|-damage|p1a: Amoonguss|48/336\n|-unboost|p2a: Torterra|def|1\n|-unboost|p2a: Torterra|spd|1\n|-damage|p2a: Torterra|73/287|[from] item: Rocky Helmet|[of] p1a: Amoonguss\n|move|p1b: Hitmonlee|Poison Jab|p2a: Torterra\n|-damage|p2a: Torterra|0 fnt\n|faint|p2a: Torterra\n|move|p1a: Amoonguss|Sludge Bomb|p2b: Clodsire\n|-resisted|p2b: Clodsire\n|-damage|p2b: Clodsire|348/368\n|move|p2b: Clodsire|Gunk Shot|p1a: Amoonguss\n|-damage|p1a: Amoonguss|0 fnt\n|faint|p1a: Amoonguss\n|\n|-heal|p2b: Clodsire|368/368|[from] item: Leftovers\n|-damage|p1b: Hitmonlee|23/226 psn|[from] psn\n|upkeep\n|inactive|crcohn has 90 seconds left.\n|inactive|jp3545 has 120 seconds left.\n|\n|t:|1770805856\n|switch|p2a: Plusle|Plusle, L92, M|260/260\n|switch|p1a: Feraligatr|Feraligatr, L82, F|274/274\n|-status|p1a: Feraligatr|psn\n|turn|6\n|inactive|crcohn has 90 seconds left.\n|\n|t:|1770805874\n|switch|p2b: Whimsicott|Whimsicott, L80, F|227/227\n|move|p2a: Plusle|Thunderbolt|p1b: Hitmonlee\n|-crit|p1b: Hitmonlee\n|-damage|p1b: Hitmonlee|0 fnt\n|faint|p1b: Hitmonlee\n|-damage|p2a: Plusle|234/260|[from] item: Life Orb\n|move|p1a: Feraligatr|Liquidation|p2b: Whimsicott\n|-resisted|p2b: Whimsicott\n|-damage|p2b: Whimsicott|137/227\n|\n|-damage|p1a: Feraligatr|240/274 psn|[from] psn\n|upkeep\n|inactive|crcohn has 90 seconds left.\n|\n|t:|1770805893\n|switch|p1b: Houndoom|Houndoom, L86, M|269/269\n|-status|p1b: Houndoom|psn\n|turn|7\n|inactive|crcohn has 90 seconds left.\n|\n|t:|1770805914\n|move|p2b: Whimsicott|Tailwind|p2b: Whimsicott\n|-sidestart|p2: jp3545|move: Tailwind\n|move|p2a: Plusle|Thunderbolt|p1a: Feraligatr\n|-supereffective|p1a: Feraligatr\n|-damage|p1a: Feraligatr|0 fnt\n|faint|p1a: Feraligatr\n|-damage|p2a: Plusle|208/260|[from] item: Life Orb\n|move|p1b: Houndoom|Heat Wave|p2b: Whimsicott|[spread] p2a,p2b\n|-supereffective|p2b: Whimsicott\n|-damage|p2a: Plusle|82/260\n|-damage|p2b: Whimsicott|0 fnt\n|faint|p2b: Whimsicott\n|-damage|p1b: Houndoom|243/269 psn|[from] item: Life Orb\n|\n|-damage|p1b: Houndoom|210/269 psn|[from] psn\n|upkeep\n|\n|t:|1770805931\n|switch|p2b: Manaphy|Manaphy, L78|284/284\n|switch|p1a: Terrakion|Terrakion, L78|270/270\n|-status|p1a: Terrakion|psn\n|turn|8\n|inactive|crcohn has 90 seconds left.\n|\n|t:|1770805976\n|-terastallize|p1b: Houndoom|Grass\n|move|p1b: Houndoom|Sucker Punch|p2b: Manaphy\n|-damage|p2b: Manaphy|189/284\n|-damage|p1b: Houndoom|184/269 psn|[from] item: Life Orb\n|move|p2a: Plusle|Alluring Voice|p1a: Terrakion\n|-supereffective|p1a: Terrakion\n|-damage|p1a: Terrakion|93/270 psn\n|-damage|p2a: Plusle|56/260|[from] item: Life Orb\n|move|p2b: Manaphy|Scald|p1b: Houndoom\n|-resisted|p1b: Houndoom\n|-damage|p1b: Houndoom|144/269 psn\n|move|p1a: Terrakion|Rock Slide|p2b: Manaphy|[spread] p2a,p2b\n|-damage|p2a: Plusle|0 fnt\n|-damage|p2b: Manaphy|99/284\n|faint|p2a: Plusle\n|\n|-heal|p2b: Manaphy|116/284|[from] item: Leftovers\n|-damage|p1a: Terrakion|60/270 psn|[from] psn\n|-damage|p1b: Houndoom|111/269 psn|[from] psn\n|upkeep\n|\n|t:|1770805997\n|switch|p2a: Coalossal|Coalossal, L90, F|344/344\n|turn|9\n|inactive|crcohn has 90 seconds left.\n|\n|t:|1770806016\n|-terastallize|p2a: Coalossal|Water\n|move|p2b: Manaphy|Scald|p1a: Terrakion\n|-supereffective|p1a: Terrakion\n|-damage|p1a: Terrakion|0 fnt\n|faint|p1a: Terrakion\n|move|p1b: Houndoom|Dark Pulse|p2a: Coalossal\n|-damage|p2a: Coalossal|226/344\n|-damage|p1b: Houndoom|85/269 psn|[from] item: Life Orb\n|cant|p2a: Coalossal|flinch\n|\n|-heal|p2b: Manaphy|133/284|[from] item: Leftovers\n|-damage|p1b: Houndoom|52/269 psn|[from] psn\n|upkeep\n|turn|10\n|\n|t:|1770806028\n|move|p2b: Manaphy|Protect|p2b: Manaphy\n|-singleturn|p2b: Manaphy|Protect\n|move|p1b: Houndoom|Protect|p1b: Houndoom\n|-singleturn|p1b: Houndoom|Protect\n|move|p2a: Coalossal|Incinerate|p1b: Houndoom\n|-activate|p1b: Houndoom|move: Protect\n|\n|-heal|p2b: Manaphy|150/284|[from] item: Leftovers\n|-damage|p1b: Houndoom|19/269 psn|[from] psn\n|-sideend|p2: jp3545|move: Tailwind\n|upkeep\n|turn|11\n|\n|t:|1770806037\n|move|p1b: Houndoom|Heat Wave|p2a: Coalossal|[spread] p2a,p2b\n|-resisted|p2a: Coalossal\n|-resisted|p2b: Manaphy\n|-crit|p2b: Manaphy\n|-damage|p2a: Coalossal|179/344\n|-damage|p2b: Manaphy|64/284\n|-damage|p1b: Houndoom|0 fnt|[from] item: Life Orb\n|faint|p1b: Houndoom\n|\n|win|jp3545\n|raw|crcohn's rating: 1561 &rarr; <strong>1542</strong><br />(-19 for losing)\n|raw|jp3545's rating: 1581 &rarr; <strong>1600</strong><br />(+19 for winning)\n|l|☆jp3545\n|player|p2|\n", "inputlog": ">version ccdc32dd7cde25fd9e4bed64820e885f66e78a4e\n>start {\"formatid\":\"gen9randomdoublesbattle\",\"seed\":\"sodium,9e56bb49f249ddd09faaa403cd96e0b6\",\"rated\":\"Rated battle\"}\n>player p1 {\"name\":\"crcohn\",\"avatar\":\"169\",\"rating\":1561,\"seed\":\"sodium,74c0b761e12401a3adc646b95a9d7562\"}\n>player p2 {\"name\":\"jp3545\",\"avatar\":\"170\",\"rating\":1581,\"seed\":\"sodium,7b2efa8fde506750205f4ced51f7ae3e\"}\n>p1 switch 5, move earthpower +1\n>p2 switch 6, move toxicspikes\n>p1 move sludgebomb +1, move earthpower +2\n>p2 move shellsmash, move highhorsepower +2\n>p1 move ragepowder, move earthpower +2\n>p2 move woodhammer +2, move recover\n>chat ☆crcohn|huh\n>p1 pass, switch 6\n>p1 move sludgebomb +1, move fakeout +1\n>p2 move protect, move gunkshot +2\n>p1 move sludgebomb +1, move poisonjab +1\n>p2 move headlongrush +1, move gunkshot +1\n>p1 switch 3, pass\n>p2 switch 6, pass\n>p1 move liquidation +2, move closecombat +1\n>p2 move thunderbolt +2, switch 3\n>p1 pass, switch 5\n>p1 move swordsdance, move heatwave\n>p2 move thunderbolt +1, move tailwind\n>p1 switch 4, pass\n>p2 pass, switch 4\n>p1 move rockslide, move suckerpunch +2 terastallize\n>p2 move alluringvoice +1, move scald +2\n>p2 switch 5, pass\n>p1 move rockslide, move darkpulse +1\n>p2 move incinerate terastallize, move scald +1\n>p1 pass, move protect\n>p2 move incinerate, move protect\n>p1 pass, move heatwave\n>p2 move incinerate, move tailglow", "uploadtime": 1770806169, "views": 68, "formatid": "gen9randomdoublesbattle", "rating": 1542, "private": 0, "password": null}