{"id": "gen9randomdoublesbattle-2534776912", "format": "[Gen 9] Random Doubles Battle", "players": ["Writr", "Non-binary Ant"], "log": "|j|☆Writr\n|j|☆Non-binary Ant\n|t:|1770475902\n|gametype|doubles\n|player|p1|Writr|102|1809\n|player|p2|Non-binary Ant|baker|1723\n|gen|9\n|tier|[Gen 9] Random Doubles Battle\n|rated|\n|rule|Species Clause: Limit one of each Pokémon\n|rule|HP Percentage Mod: HP is shown in percentages\n|rule|Illusion Level Mod: Illusion disguises the Pokémon's true level\n|rule|Sleep Clause Mod: Limit one foe put to sleep\n|\n|t:|1770475902\n|teamsize|p1|6\n|teamsize|p2|6\n|start\n|switch|p1a: Walking Wake|Walking Wake, L78|283/283\n|switch|p1b: Ninetales|Ninetales, L79, M|245/245\n|switch|p2a: Zangoose|Zangoose, L87, F|269/269\n|switch|p2b: Electabuzz|Electabuzz, L84, F|246/246\n|-weather|SunnyDay|[from] ability: Drought|[of] p1b: Ninetales\n|-activate|p1a: Walking Wake|ability: Protosynthesis\n|-start|p1a: Walking Wake|protosynthesisspa\n|turn|1\n|c|☆Non-binary Ant|wow\n|c|☆Non-binary Ant|so randaom\n|inactive|Battle timer is ON: inactive players will automatically lose when time's up. (requested by Writr)\n|c|☆Non-binary Ant|that u got an amazing sart\n|\n|t:|1770475928\n|-terastallize|p1a: Walking Wake|Fire\n|move|p2a: Zangoose|Protect|p2a: Zangoose\n|-singleturn|p2a: Zangoose|Protect\n|move|p2b: Electabuzz|Electroweb|p1a: Walking Wake|[spread] p1a,p1b\n|-damage|p1a: Walking Wake|232/283\n|-damage|p1b: Ninetales|205/245\n|-unboost|p1a: Walking Wake|spe|1\n|-unboost|p1b: Ninetales|spe|1\n|move|p1a: Walking Wake|Flamethrower|p2b: Electabuzz\n|-damage|p2b: Electabuzz|29/246\n|move|p1b: Ninetales|Heat Wave|p2a: Zangoose|[spread] p2b\n|-activate|p2a: Zangoose|move: Protect\n|-damage|p2b: Electabuzz|0 fnt\n|faint|p2b: Electabuzz\n|\n|-weather|SunnyDay|[upkeep]\n|-status|p2a: Zangoose|tox|[from] item: Toxic Orb\n|upkeep\n|c|☆Writr|lol calm down\n|c|☆Writr|it happens\n|\n|t:|1770475943\n|switch|p2b: Granbull|Granbull, L88, F|302/302\n|-ability|p2b: Granbull|Intimidate|boost\n|-unboost|p1a: Walking Wake|atk|1\n|-unboost|p1b: Ninetales|atk|1\n|turn|2\n|c|☆Non-binary Ant|why i need to be calm?\n|c|☆Non-binary Ant|just saying what happend\n|inactive|Non-binary Ant has 120 seconds left.\n|\n|t:|1770475977\n|-end|p1a: Walking Wake|Protosynthesis|[silent]\n|switch|p1a: Clefairy|Clefairy, L98, M|296/296\n|move|p2a: Zangoose|Facade|p1a: Clefairy\n|-crit|p1a: Clefairy\n|-damage|p1a: Clefairy|0 fnt\n|faint|p1a: Clefairy\n|move|p1b: Ninetales|Heat Wave|p2a: Zangoose|[spread] p2a\n|-miss|p1b: Ninetales|p2b: Granbull\n|-damage|p2a: Zangoose|92/269 tox\n|move|p2b: Granbull|Stomping Tantrum|p1b: Ninetales\n|-supereffective|p1b: Ninetales\n|-damage|p1b: Ninetales|51/245\n|\n|-weather|SunnyDay|[upkeep]\n|-damage|p2a: Zangoose|76/269 tox|[from] psn\n|upkeep\n|\n|t:|1770475991\n|switch|p1a: Walking Wake|Walking Wake, L78, tera:Fire|232/283\n|-activate|p1a: Walking Wake|ability: Protosynthesis\n|-start|p1a: Walking Wake|protosynthesisspa\n|turn|3\n|\n|t:|1770476012\n|switch|p2a: Toxapex|Toxapex, L92, M|241/241\n|switch|p1b: Mamoswine|Mamoswine, L82, F|315/315\n|move|p1a: Walking Wake|Flamethrower|p2a: Toxapex\n|-resisted|p2a: Toxapex\n|-damage|p2a: Toxapex|145/241\n|move|p2b: Granbull|Stomping Tantrum|p1a: Walking Wake\n|-supereffective|p1a: Walking Wake\n|-damage|p1a: Walking Wake|94/283\n|\n|-weather|SunnyDay|[upkeep]\n|-heal|p2a: Toxapex|160/241|[from] item: Leftovers\n|upkeep\n|turn|4\n|\n|t:|1770476028\n|move|p2a: Toxapex|Baneful Bunker|p2a: Toxapex\n|-singleturn|p2a: Toxapex|move: Protect\n|move|p1a: Walking Wake|Flamethrower|p2b: Granbull\n|-damage|p2b: Granbull|73/302\n|move|p1b: Mamoswine|High Horsepower|p2b: Granbull\n|-damage|p2b: Granbull|0 fnt\n|faint|p2b: Granbull\n|-damage|p1b: Mamoswine|284/315|[from] item: Life Orb\n|\n|-weather|SunnyDay|[upkeep]\n|-heal|p2a: Toxapex|175/241|[from] item: Leftovers\n|upkeep\n|\n|t:|1770476037\n|switch|p2b: Arbok|Arbok, L88, F|249/249\n|-ability|p2b: Arbok|Intimidate|boost\n|-unboost|p1a: Walking Wake|atk|1\n|-unboost|p1b: Mamoswine|atk|1\n|turn|5\n|\n|t:|1770476046\n|move|p2b: Arbok|Protect|p2b: Arbok\n|-singleturn|p2b: Arbok|Protect\n|move|p1a: Walking Wake|Flamethrower|p2b: Arbok\n|-activate|p2b: Arbok|move: Protect\n|move|p1b: Mamoswine|High Horsepower|p2a: Toxapex\n|-supereffective|p2a: Toxapex\n|-damage|p2a: Toxapex|58/241\n|-damage|p1b: Mamoswine|253/315|[from] item: Life Orb\n|move|p2a: Toxapex|Toxic|p1b: Mamoswine\n|-status|p1b: Mamoswine|tox\n|\n|-weather|none\n|-end|p1a: Walking Wake|Protosynthesis\n|-heal|p2a: Toxapex|73/241|[from] item: Leftovers\n|-damage|p1b: Mamoswine|234/315 tox|[from] psn\n|upkeep\n|turn|6\n|\n|t:|1770476057\n|-end|p1a: Walking Wake|Protosynthesis|[silent]\n|switch|p1a: Ninetales|Ninetales, L79, M|51/245\n|-weather|SunnyDay|[from] ability: Drought|[of] p1a: Ninetales\n|switch|p1b: Hoopa|Hoopa-Unbound, L80|259/259\n|move|p2b: Arbok|Stomping Tantrum|p1a: Ninetales\n|-supereffective|p1a: Ninetales\n|-damage|p1a: Ninetales|0 fnt\n|faint|p1a: Ninetales\n|move|p2a: Toxapex|Infestation|p1b: Hoopa\n|-supereffective|p1b: Hoopa\n|-crit|p1b: Hoopa\n|-damage|p1b: Hoopa|211/259\n|-activate|p1b: Hoopa|move: Infestation|[of] p2a: Toxapex\n|\n|-weather|SunnyDay|[upkeep]\n|-heal|p2a: Toxapex|88/241|[from] item: Leftovers\n|-damage|p1b: Hoopa|179/259|[from] move: Infestation|[partiallytrapped]\n|upkeep\n|\n|t:|1770476060\n|switch|p1a: Walking Wake|Walking Wake, L78, tera:Fire|94/283\n|-activate|p1a: Walking Wake|ability: Protosynthesis\n|-start|p1a: Walking Wake|protosynthesisspa\n|turn|7\n|inactive|Non-binary Ant has 120 seconds left.\n|\n|t:|1770476101\n|move|p2b: Arbok|Protect|p2b: Arbok\n|-singleturn|p2b: Arbok|Protect\n|move|p2a: Toxapex|Baneful Bunker|p2a: Toxapex\n|-singleturn|p2a: Toxapex|move: Protect\n|move|p1a: Walking Wake|Flamethrower|p2b: Arbok\n|-activate|p2b: Arbok|move: Protect\n|move|p1b: Hoopa|Psychic|p2a: Toxapex\n|-activate|p2a: Toxapex|move: Protect\n|\n|-weather|SunnyDay|[upkeep]\n|-heal|p2a: Toxapex|103/241|[from] item: Leftovers\n|-damage|p1b: Hoopa|147/259|[from] move: Infestation|[partiallytrapped]\n|upkeep\n|turn|8\n|inactive|Non-binary Ant has 120 seconds left.\n|\n|t:|1770476128\n|switch|p2a: Zangoose|Zangoose, L87, F|76/269 tox\n|move|p1a: Walking Wake|Flamethrower|p2b: Arbok\n|-damage|p2b: Arbok|0 fnt\n|faint|p2b: Arbok\n|move|p1b: Hoopa|Psychic|p2a: Zangoose\n|-damage|p2a: Zangoose|0 fnt\n|faint|p2a: Zangoose\n|\n|-weather|SunnyDay|[upkeep]\n|-end|p1b: Hoopa|Infestation|[partiallytrapped]|[silent]\n|upkeep\n|c|☆Non-binary Ant|how can i compete\n|\n|t:|1770476135\n|switch|p2a: Serperior|Serperior, L80, F|251/251\n|switch|p2b: Toxapex|Toxapex, L92, M|183/241\n|turn|9\n|\n|t:|1770476147\n|-terastallize|p2a: Serperior|Rock\n|move|p1b: Hoopa|Protect|p1b: Hoopa\n|-singleturn|p1b: Hoopa|Protect\n|move|p2b: Toxapex|Baneful Bunker|p2b: Toxapex\n|-singleturn|p2b: Toxapex|move: Protect\n|move|p2a: Serperior|Leaf Storm|p1a: Walking Wake\n|-resisted|p1a: Walking Wake\n|-damage|p1a: Walking Wake|12/283\n|-boost|p2a: Serperior|spa|2\n|-damage|p2a: Serperior|226/251|[from] item: Life Orb\n|move|p1a: Walking Wake|Flamethrower|p2a: Serperior\n|-resisted|p2a: Serperior\n|-damage|p2a: Serperior|83/251\n|\n|-weather|SunnyDay|[upkeep]\n|-heal|p2b: Toxapex|198/241|[from] item: Leftovers\n|upkeep\n|turn|10\n|\n|t:|1770476166\n|move|p2a: Serperior|Leaf Storm|p1b: Hoopa\n|-damage|p1b: Hoopa|0 fnt\n|-boost|p2a: Serperior|spa|2\n|faint|p1b: Hoopa\n|-damage|p2a: Serperior|58/251|[from] item: Life Orb\n|move|p1a: Walking Wake|Flamethrower|p2a: Serperior\n|-resisted|p2a: Serperior\n|-damage|p2a: Serperior|0 fnt\n|faint|p2a: Serperior\n|move|p2b: Toxapex|Infestation|p1a: Walking Wake\n|-resisted|p1a: Walking Wake\n|-damage|p1a: Walking Wake|6/283\n|-activate|p1a: Walking Wake|move: Infestation|[of] p2b: Toxapex\n|\n|-weather|none\n|-end|p1a: Walking Wake|Protosynthesis\n|-heal|p2b: Toxapex|213/241|[from] item: Leftovers\n|-damage|p1a: Walking Wake|0 fnt|[from] move: Infestation|[partiallytrapped]\n|faint|p1a: Walking Wake\n|-end|p1a: Walking Wake|Protosynthesis|[silent]\n|upkeep\n|\n|t:|1770476170\n|switch|p1a: Deoxys|Deoxys-Attack, L79|209/209\n|switch|p1b: Mamoswine|Mamoswine, L82, F|234/315 tox\n|-ability|p1a: Deoxys|Pressure\n|turn|11\n|c|☆Writr|gg\n|c|☆Writr|try to spend less time complaining\n|c|☆Writr|it's Pokemon randoms lol\n|inactive|Non-binary Ant has 120 seconds left.\n|\n|t:|1770476217\n|move|p2b: Toxapex|Baneful Bunker|p2b: Toxapex\n|-singleturn|p2b: Toxapex|move: Protect\n|move|p1a: Deoxys|Psycho Boost|p2b: Toxapex\n|-activate|p2b: Toxapex|move: Protect\n|move|p1b: Mamoswine|High Horsepower|p2b: Toxapex\n|-activate|p2b: Toxapex|move: Protect\n|\n|-heal|p2b: Toxapex|228/241|[from] item: Leftovers\n|-damage|p1b: Mamoswine|215/315 tox|[from] psn\n|upkeep\n|turn|12\n|inactive|Non-binary Ant has 120 seconds left.\n|c|☆Non-binary Ant|ok fattye\n|-message|Non-binary Ant forfeited.\n|\n|win|Writr\n|raw|Writr's rating: 1809 &rarr; <strong>1823</strong><br />(+14 for winning)\n|raw|Non-binary Ant's rating: 1705 &rarr; <strong>1691</strong><br />(-14 for losing)\n|l|☆Non-binary Ant\n|player|p2|\n|c|☆Writr|lmao big baby\n", "inputlog": ">version ccdc32dd7cde25fd9e4bed64820e885f66e78a4e\n>start {\"formatid\":\"gen9randomdoublesbattle\",\"seed\":\"sodium,b9291a119c7fc1647a109828a93368c6\",\"rated\":\"Rated battle\"}\n>player p1 {\"name\":\"Writr\",\"avatar\":\"102\",\"rating\":1809,\"seed\":\"sodium,a04cfd5ce963da9debf31e68f415cc6a\"}\n>player p2 {\"name\":\"Non-binary Ant\",\"avatar\":\"baker\",\"rating\":1723,\"seed\":\"sodium,bc0924817fb06e963f0b7a61484dbc46\"}\n>chat ☆Non-binary Ant|wow\n>chat ☆Non-binary Ant|so randaom\n>chat ☆Non-binary Ant|that u got an amazing sart\n>p1 move flamethrower +2 terastallize, move heatwave\n>p2 move protect, move electroweb\n>chat ☆Writr|lol calm down\n>chat ☆Writr|it happens\n>p2 pass, switch 4\n>chat ☆Non-binary Ant|why i need to be calm?\n>chat ☆Non-binary Ant|just saying what happend\n>p1 switch 3, move heatwave\n>p2 move facade +1, move stompingtantrum +2\n>p1 switch 3, pass\n>p1 move flamethrower +1, switch 5\n>p2 switch 5, move stompingtantrum +1\n>p1 move flamethrower +2, move highhorsepower +2\n>p2 move banefulbunker, move stompingtantrum +1\n>p2 pass, switch 6\n>p1 move flamethrower +2, move highhorsepower +1\n>p2 move toxic +2, move protect\n>p1 switch 5, switch 6\n>p2 move infestation +2, move stompingtantrum +1\n>p1 switch 5, pass\n>p1 move flamethrower +2, move psychic +1\n>p2 move banefulbunker, move protect\n>p1 move flamethrower +2, move psychic +1\n>p2 switch 5, move stompingtantrum +1\n>chat ☆Non-binary Ant|how can i compete \n>p2 switch 3, switch 5\n>p1 move flamethrower +1, move protect\n>p2 move leafstorm +1 terastallize, move banefulbunker\n>p1 move flamethrower +1, move psychic +2\n>p2 move leafstorm +2, move infestation +1\n>p1 switch 4, switch 6\n>chat ☆Writr|gg\n>chat ☆Writr|try to spend less time complaining\n>chat ☆Writr|it's Pokemon randoms lol\n>p1 move psychoboost +2, move highhorsepower +2\n>p2 pass, move banefulbunker\n>chat ☆Non-binary Ant|ok fattye\n>forcelose p2", "uploadtime": 1770476252, "views": 89, "formatid": "gen9randomdoublesbattle", "rating": 1691, "private": 0, "password": null}