{"id": "gen9randomdoublesbattle-2538353554", "format": "[Gen 9] Random Doubles Battle", "players": ["baseballlover", "Pederh"], "log": "|j|☆baseballlover\n|j|☆Pederh\n|t:|1770919852\n|gametype|doubles\n|player|p1|baseballlover|266|1643\n|player|p2|Pederh|cynthia|1730\n|gen|9\n|tier|[Gen 9] Random Doubles Battle\n|rated|\n|rule|Species Clause: Limit one of each Pokémon\n|rule|HP Percentage Mod: HP is shown in percentages\n|rule|Illusion Level Mod: Illusion disguises the Pokémon's true level\n|rule|Sleep Clause Mod: Limit one foe put to sleep\n|\n|t:|1770919852\n|teamsize|p1|6\n|teamsize|p2|6\n|start\n|switch|p1a: Vespiquen|Vespiquen, F|302/302\n|switch|p1b: Iron Treads|Iron Treads, L81|278/278\n|switch|p2a: Azelf|Azelf, L83|260/260\n|switch|p2b: Grafaiai|Grafaiai, L88, M|254/254\n|-ability|p1a: Vespiquen|Unnerve\n|turn|1\n|inactive|Battle timer is ON: inactive players will automatically lose when time's up. (requested by baseballlover)\n|c|☆Pederh|glhf\n|\n|t:|1770919876\n|move|p2b: Grafaiai|Taunt|p1a: Vespiquen\n|-start|p1a: Vespiquen|move: Taunt\n|move|p2a: Azelf|Nasty Plot|p2a: Azelf\n|-boost|p2a: Azelf|spa|2\n|move|p1b: Iron Treads|Stealth Rock|p2a: Azelf\n|-sidestart|p2: Pederh|move: Stealth Rock\n|cant|p1a: Vespiquen|move: Taunt|Toxic Spikes\n|\n|upkeep\n|turn|2\n|\n|t:|1770919889\n|move|p2a: Azelf|Protect|p2a: Azelf\n|-singleturn|p2a: Azelf|Protect\n|move|p2b: Grafaiai|Knock Off|p1b: Iron Treads\n|-damage|p1b: Iron Treads|218/278\n|-enditem|p1b: Iron Treads|Sitrus Berry|[from] move: Knock Off|[of] p2b: Grafaiai\n|move|p1b: Iron Treads|Iron Head|p2a: Azelf\n|-activate|p2a: Azelf|move: Protect\n|move|p1a: Vespiquen|Pollen Puff|p2a: Azelf\n|-activate|p2a: Azelf|move: Protect\n|\n|upkeep\n|turn|3\n|\n|t:|1770919913\n|move|p2b: Grafaiai|Knock Off|p1a: Vespiquen\n|-damage|p1a: Vespiquen|247/302\n|-enditem|p1a: Vespiquen|Sitrus Berry|[from] move: Knock Off|[of] p2b: Grafaiai\n|move|p2a: Azelf|Psychic|p1b: Iron Treads\n|-resisted|p1b: Iron Treads\n|-damage|p1b: Iron Treads|36/278\n|-damage|p2a: Azelf|234/260|[from] item: Life Orb\n|move|p1b: Iron Treads|Iron Head|p2b: Grafaiai\n|-crit|p2b: Grafaiai\n|-damage|p2b: Grafaiai|98/254\n|move|p1a: Vespiquen|Pollen Puff|p2a: Azelf\n|-supereffective|p2a: Azelf\n|-damage|p2a: Azelf|0 fnt\n|faint|p2a: Azelf\n|\n|-end|p1a: Vespiquen|move: Taunt\n|upkeep\n|inactive|Pederh has 120 seconds left.\n|\n|t:|1770919934\n|switch|p2a: Honchkrow|Honchkrow, L85, M|309/309\n|-damage|p2a: Honchkrow|232/309|[from] Stealth Rock\n|turn|4\n|\n|t:|1770919942\n|-end|p1b: Iron Treads|Quark Drive|[silent]\n|switch|p1b: Vaporeon|Vaporeon, L84, F|356/356\n|move|p2b: Grafaiai|Taunt|p1a: Vespiquen\n|-start|p1a: Vespiquen|move: Taunt\n|move|p2a: Honchkrow|Sucker Punch||[still]\n|-fail|p2a: Honchkrow\n|cant|p1a: Vespiquen|move: Taunt|Toxic Spikes\n|\n|upkeep\n|turn|5\n|\n|t:|1770919952\n|move|p2b: Grafaiai|Knock Off|p1b: Vaporeon\n|-damage|p1b: Vaporeon|263/356\n|-enditem|p1b: Vaporeon|Leftovers|[from] move: Knock Off|[of] p2b: Grafaiai\n|move|p2a: Honchkrow|Brave Bird|p1a: Vespiquen\n|-supereffective|p1a: Vespiquen\n|-damage|p1a: Vespiquen|0 fnt\n|-enditem|p2b: Grafaiai|Sitrus Berry|[eat]\n|-heal|p2b: Grafaiai|161/254|[from] item: Sitrus Berry\n|faint|p1a: Vespiquen\n|-ability|p2a: Honchkrow|Moxie|boost\n|-boost|p2a: Honchkrow|atk|1\n|-damage|p2a: Honchkrow|150/309|[from] Recoil\n|-damage|p2a: Honchkrow|120/309|[from] item: Life Orb\n|move|p1b: Vaporeon|Icy Wind|p2a: Honchkrow|[spread] p2a,p2b\n|-supereffective|p2a: Honchkrow\n|-damage|p2a: Honchkrow|28/309\n|-damage|p2b: Grafaiai|123/254\n|-unboost|p2a: Honchkrow|spe|1\n|-unboost|p2b: Grafaiai|spe|1\n|\n|upkeep\n|inactive|baseballlover has 120 seconds left.\n|\n|t:|1770919993\n|switch|p1a: Terrakion|Terrakion, L78|270/270\n|turn|6\n|\n|t:|1770920004\n|move|p2a: Honchkrow|Sucker Punch||[still]\n|-fail|p2a: Honchkrow\n|move|p1a: Terrakion|Rock Slide|p2b: Grafaiai|[spread] p2a,p2b\n|-supereffective|p2a: Honchkrow\n|-damage|p2a: Honchkrow|0 fnt\n|-damage|p2b: Grafaiai|6/254\n|faint|p2a: Honchkrow\n|move|p2b: Grafaiai|Gunk Shot|p1a: Terrakion\n|-resisted|p1a: Terrakion\n|-damage|p1a: Terrakion|192/270\n|-status|p1a: Terrakion|psn\n|move|p1b: Vaporeon|Wish|p1b: Vaporeon\n|\n|-damage|p1a: Terrakion|159/270 psn|[from] psn\n|upkeep\n|\n|t:|1770920018\n|switch|p2a: Golem|Golem-Alola, L88, F|284/284\n|-damage|p2a: Golem|249/284|[from] Stealth Rock\n|turn|7\n|\n|t:|1770920035\n|move|p1a: Terrakion|Rock Slide|p2b: Grafaiai|[spread] p2a\n|-miss|p1a: Terrakion|p2b: Grafaiai\n|-damage|p2a: Golem|180/284\n|move|p2b: Grafaiai|Gunk Shot|p1b: Vaporeon\n|-damage|p1b: Vaporeon|85/356\n|-status|p1b: Vaporeon|psn\n|move|p1b: Vaporeon|Scald|p2a: Golem\n|-supereffective|p2a: Golem\n|-damage|p2a: Golem|0 fnt\n|faint|p2a: Golem\n|\n|-heal|p1b: Vaporeon|263/356 psn|[from] move: Wish|[wisher] Vaporeon\n|-damage|p1a: Terrakion|126/270 psn|[from] psn\n|-damage|p1b: Vaporeon|219/356 psn|[from] psn\n|upkeep\n|\n|t:|1770920045\n|switch|p2a: Drednaw|Drednaw, L83, F|285/285\n|-damage|p2a: Drednaw|250/285|[from] Stealth Rock\n|turn|8\n|\n|t:|1770920054\n|move|p2a: Drednaw|Protect|p2a: Drednaw\n|-singleturn|p2a: Drednaw|Protect\n|move|p2b: Grafaiai|Taunt|p1b: Vaporeon\n|-start|p1b: Vaporeon|move: Taunt\n|move|p1a: Terrakion|Rock Slide|p2a: Drednaw|[spread] p2b\n|-activate|p2a: Drednaw|move: Protect\n|-damage|p2b: Grafaiai|0 fnt\n|faint|p2b: Grafaiai\n|move|p1b: Vaporeon|Scald|p2a: Drednaw\n|-activate|p2a: Drednaw|move: Protect\n|\n|-damage|p1a: Terrakion|93/270 psn|[from] psn\n|-damage|p1b: Vaporeon|175/356 psn|[from] psn\n|upkeep\n|\n|t:|1770920061\n|switch|p2b: Blissey|Blissey, L96, F|645/645\n|-damage|p2b: Blissey|565/645|[from] Stealth Rock\n|turn|9\n|\n|t:|1770920079\n|-terastallize|p2a: Drednaw|Water\n|move|p1a: Terrakion|Rock Slide|p2a: Drednaw|[spread] p2a,p2b\n|-damage|p2a: Drednaw|153/285\n|-damage|p2b: Blissey|304/645\n|-enditem|p2b: Blissey|Sitrus Berry|[eat]\n|-heal|p2b: Blissey|465/645|[from] item: Sitrus Berry\n|move|p2a: Drednaw|Shell Smash|p2a: Drednaw\n|-unboost|p2a: Drednaw|def|1\n|-unboost|p2a: Drednaw|spd|1\n|-boost|p2a: Drednaw|atk|2\n|-boost|p2a: Drednaw|spa|2\n|-boost|p2a: Drednaw|spe|2\n|-enditem|p2a: Drednaw|White Herb\n|-clearnegativeboost|p2a: Drednaw|[silent]\n|move|p2b: Blissey|Life Dew|p2b: Blissey|[spread] p2a,p2b\n|-heal|p2a: Drednaw|224/285\n|-heal|p2b: Blissey|626/645\n|move|p1b: Vaporeon|Scald|p2a: Drednaw\n|-resisted|p2a: Drednaw\n|-damage|p2a: Drednaw|164/285\n|-status|p2a: Drednaw|brn\n|\n|-damage|p1a: Terrakion|60/270 psn|[from] psn\n|-damage|p1b: Vaporeon|131/356 psn|[from] psn\n|-damage|p2a: Drednaw|147/285 brn|[from] brn\n|upkeep\n|turn|10\n|\n|t:|1770920104\n|move|p2a: Drednaw|Liquidation|p1a: Terrakion\n|-supereffective|p1a: Terrakion\n|-damage|p1a: Terrakion|0 fnt\n|faint|p1a: Terrakion\n|move|p2b: Blissey|Life Dew|p2b: Blissey|[spread] p2a,p2b\n|-heal|p2a: Drednaw|218/285 brn\n|-heal|p2b: Blissey|645/645\n|move|p1b: Vaporeon|Icy Wind|p2b: Blissey|[spread] p2a,p2b\n|-resisted|p2a: Drednaw\n|-damage|p2a: Drednaw|200/285 brn\n|-damage|p2b: Blissey|623/645\n|-unboost|p2a: Drednaw|spe|1\n|-unboost|p2b: Blissey|spe|1\n|\n|-damage|p1b: Vaporeon|87/356 psn|[from] psn\n|-damage|p2a: Drednaw|183/285 brn|[from] brn\n|-end|p1b: Vaporeon|move: Taunt\n|upkeep\n|\n|t:|1770920114\n|switch|p1a: Iron Treads|Iron Treads, L81|36/278\n|turn|11\n|\n|t:|1770920122\n|move|p2a: Drednaw|Rock Slide|p1a: Iron Treads|[spread] p1a,p1b\n|-resisted|p1a: Iron Treads\n|-damage|p1a: Iron Treads|23/278\n|-damage|p1b: Vaporeon|0 fnt\n|faint|p1b: Vaporeon\n|move|p1a: Iron Treads|Iron Head|p2b: Blissey\n|-damage|p2b: Blissey|376/645\n|move|p2b: Blissey|Life Dew|p2b: Blissey|[spread] p2a,p2b\n|-heal|p2a: Drednaw|254/285 brn\n|-heal|p2b: Blissey|537/645\n|\n|-activate|p2b: Blissey|ability: Healer\n|-curestatus|p2a: Drednaw|brn|[msg]\n|upkeep\n|\n|t:|1770920134\n|switch|p1b: Metagross|Metagross, L80|259/259\n|turn|12\n|\n|t:|1770920142\n|move|p2b: Blissey|Helping Hand|p2a: Drednaw\n|-singleturn|p2a: Drednaw|Helping Hand|[of] p2b: Blissey\n|move|p2a: Drednaw|Liquidation|p1b: Metagross\n|-crit|p1b: Metagross\n|-damage|p1b: Metagross|0 fnt\n|faint|p1b: Metagross\n|move|p1a: Iron Treads|High Horsepower|p2a: Drednaw\n|-damage|p2a: Drednaw|143/285\n|\n|upkeep\n|\n|t:|1770920147\n|switch|p1b: Urshifu|Urshifu-Rapid-Strike, L75, F|274/274\n|turn|13\n|\n|t:|1770920160\n|move|p2a: Drednaw|Protect|p2a: Drednaw\n|-singleturn|p2a: Drednaw|Protect\n|move|p1a: Iron Treads|High Horsepower|p2a: Drednaw\n|-activate|p2a: Drednaw|move: Protect\n|move|p1b: Urshifu|Surging Strikes|p2b: Blissey\n|-crit|p2b: Blissey\n|-damage|p2b: Blissey|366/645\n|-crit|p2b: Blissey\n|-damage|p2b: Blissey|206/645\n|-crit|p2b: Blissey\n|-damage|p2b: Blissey|53/645\n|-hitcount|p2b: Blissey|3\n|move|p2b: Blissey|Hyper Voice|p1a: Iron Treads|[spread] p1a,p1b\n|-resisted|p1a: Iron Treads\n|-crit|p1b: Urshifu\n|-damage|p1a: Iron Treads|0 fnt\n|-damage|p1b: Urshifu|118/274\n|faint|p1a: Iron Treads\n|-end|p1a: Iron Treads|Quark Drive|[silent]\n|\n|upkeep\n|turn|14\n|\n|t:|1770920178\n|move|p2a: Drednaw|Liquidation|p1b: Urshifu\n|-resisted|p1b: Urshifu\n|-damage|p1b: Urshifu|0 fnt\n|faint|p1b: Urshifu\n|\n|win|Pederh\n|raw|baseballlover's rating: 1643 &rarr; <strong>1628</strong><br />(-15 for losing)\n|raw|Pederh's rating: 1730 &rarr; <strong>1745</strong><br />(+15 for winning)\n", "inputlog": ">version ccdc32dd7cde25fd9e4bed64820e885f66e78a4e\n>start {\"formatid\":\"gen9randomdoublesbattle\",\"seed\":\"sodium,4427637eb29776ca096c9bd718e11c0c\",\"rated\":\"Rated battle\"}\n>player p1 {\"name\":\"baseballlover\",\"avatar\":\"266\",\"rating\":1643,\"seed\":\"sodium,8e06171996dec7c9cef10bb05fed8b2e\"}\n>player p2 {\"name\":\"Pederh\",\"avatar\":\"cynthia\",\"rating\":1730,\"seed\":\"sodium,4113fdc8dafeecc131c32f407639b006\"}\n>chat ☆Pederh|glhf\n>p1 move toxicspikes, move stealthrock\n>p2 move nastyplot, move taunt +1\n>p1 move pollenpuff +1, move ironhead +1\n>p2 move protect, move knockoff +2\n>p1 move pollenpuff +1, move ironhead +2\n>p2 move psychic +2, move knockoff +1\n>p2 switch 6, pass\n>p1 move toxicspikes, switch 6\n>p2 move suckerpunch +2, move taunt +1\n>p1 move hurricane +1, move icywind\n>p2 move bravebird +1, move knockoff +2\n>p1 switch 3, pass\n>p1 move rockslide, move wish\n>p2 move suckerpunch +2, move gunkshot +1\n>p2 switch 4, pass\n>p1 move rockslide, move scald +1\n>p2 move explosion, move gunkshot +2\n>p2 switch 3, pass\n>p1 move rockslide, move scald +1\n>p2 move protect, move taunt +2\n>p2 pass, switch 5\n>p1 move rockslide, move scald +1\n>p2 move shellsmash terastallize, move lifedew\n>p1 move rockslide, move icywind\n>p2 move liquidation +1, move lifedew\n>p1 switch 6, pass\n>p1 move ironhead +2, move icywind\n>p2 move rockslide, move lifedew\n>p1 pass, switch 5\n>p1 move highhorsepower +1, move agility\n>p2 move liquidation +2, move helpinghand -1\n>p1 pass, switch 4\n>p1 move highhorsepower +1, move surgingstrikes +2\n>p2 move protect, move hypervoice\n>p1 pass, move surgingstrikes +2\n>p2 move liquidation +2, move hypervoice", "uploadtime": 1770920179, "views": 69, "formatid": "gen9randomdoublesbattle", "rating": 1628, "private": 0, "password": null}