{"id": "gen9randomdoublesbattle-2539853758", "format": "[Gen 9] Random Doubles Battle", "players": ["baseballlover", "feedthehanger"], "log": "|j|☆baseballlover\n|j|☆feedthehanger\n|t:|1771117858\n|gametype|doubles\n|player|p1|baseballlover|2|1577\n|player|p2|feedthehanger|101|1598\n|gen|9\n|tier|[Gen 9] Random Doubles Battle\n|rated|\n|rule|Species Clause: Limit one of each Pokémon\n|rule|HP Percentage Mod: HP is shown in percentages\n|rule|Illusion Level Mod: Illusion disguises the Pokémon's true level\n|rule|Sleep Clause Mod: Limit one foe put to sleep\n|\n|t:|1771117858\n|teamsize|p1|6\n|teamsize|p2|6\n|start\n|switch|p1a: Avalugg|Avalugg-Hisui, L88, M|310/310\n|switch|p1b: Dragapult|Dragapult, L79, M|269/269\n|switch|p2a: Walking Wake|Walking Wake, L78|283/283\n|switch|p2b: Magnezone|Magnezone, L84|255/255\n|turn|1\n|inactive|Battle timer is ON: inactive players will automatically lose when time's up. (requested by baseballlover)\n|inactive|feedthehanger has 120 seconds left.\n|\n|t:|1771117889\n|switch|p1a: Torkoal|Torkoal, L86, M|261/261\n|-weather|SunnyDay|[from] ability: Drought|[of] p1a: Torkoal\n|-activate|p2a: Walking Wake|ability: Protosynthesis\n|-start|p2a: Walking Wake|protosynthesisspa\n|-terastallize|p2a: Walking Wake|Fire\n|move|p1b: Dragapult|Dragon Claw|p2a: Walking Wake\n|-damage|p2a: Walking Wake|145/283\n|move|p2a: Walking Wake|Draco Meteor|p1b: Dragapult\n|-supereffective|p1b: Dragapult\n|-damage|p1b: Dragapult|0 fnt\n|-unboost|p2a: Walking Wake|spa|2\n|faint|p1b: Dragapult\n|move|p2b: Magnezone|Flash Cannon|p1a: Torkoal\n|-resisted|p1a: Torkoal\n|-damage|p1a: Torkoal|205/261\n|\n|-weather|SunnyDay|[upkeep]\n|upkeep\n|\n|t:|1771117913\n|switch|p1b: Chandelure|Chandelure, L81, F|230/230\n|turn|2\n|\n|t:|1771117932\n|-end|p2a: Walking Wake|Protosynthesis|[silent]\n|switch|p2a: Electabuzz|Electabuzz, L84, F|246/246\n|move|p1b: Chandelure|Heat Wave|p2a: Electabuzz|[spread] p2a,p2b\n|-supereffective|p2b: Magnezone\n|-damage|p2a: Electabuzz|146/246\n|-ability|p2b: Magnezone|Sturdy\n|-damage|p2b: Magnezone|1/255\n|-enditem|p2b: Magnezone|Sitrus Berry|[eat]\n|-heal|p2b: Magnezone|64/255|[from] item: Sitrus Berry\n|move|p2b: Magnezone|Electroweb|p1a: Torkoal|[spread] p1a,p1b\n|-damage|p1a: Torkoal|144/261\n|-damage|p1b: Chandelure|173/230\n|-unboost|p1a: Torkoal|spe|1\n|-unboost|p1b: Chandelure|spe|1\n|move|p1a: Torkoal|Heat Wave|p2b: Magnezone|[spread] p2a,p2b\n|-supereffective|p2b: Magnezone\n|-damage|p2a: Electabuzz|70/246\n|-damage|p2b: Magnezone|0 fnt\n|-status|p2a: Electabuzz|brn\n|faint|p2b: Magnezone\n|\n|-weather|SunnyDay|[upkeep]\n|-damage|p2a: Electabuzz|55/246 brn|[from] brn\n|upkeep\n|inactive|feedthehanger has 120 seconds left.\n|\n|t:|1771117961\n|switch|p2b: Mismagius|Mismagius, L88, M|249/249\n|turn|3\n|inactive|baseballlover has 120 seconds left.\n|\n|t:|1771118007\n|switch|p1b: Sylveon|Sylveon, L79, F|280/280\n|move|p2b: Mismagius|Shadow Ball|p1b: Sylveon\n|-damage|p1b: Sylveon|175/280\n|-unboost|p1b: Sylveon|spd|1\n|-damage|p2b: Mismagius|225/249|[from] item: Life Orb\n|move|p2a: Electabuzz|Thunderbolt|p1a: Torkoal\n|-damage|p1a: Torkoal|39/261\n|-enditem|p1a: Torkoal|Sitrus Berry|[eat]\n|-heal|p1a: Torkoal|104/261|[from] item: Sitrus Berry\n|move|p1a: Torkoal|Heat Wave|p2b: Mismagius|[spread] p2a,p2b\n|-damage|p2a: Electabuzz|0 fnt\n|-damage|p2b: Mismagius|143/249\n|faint|p2a: Electabuzz\n|\n|-weather|SunnyDay|[upkeep]\n|upkeep\n|\n|t:|1771118022\n|switch|p2a: Walking Wake|Walking Wake, L78, tera:Fire|145/283\n|-activate|p2a: Walking Wake|ability: Protosynthesis\n|-start|p2a: Walking Wake|protosynthesisspa\n|turn|4\n|inactive|baseballlover has 120 seconds left.\n|\n|t:|1771118049\n|move|p1b: Sylveon|Quick Attack|p2b: Mismagius\n|-damage|p2b: Mismagius|88/249\n|move|p2b: Mismagius|Shadow Ball|p1a: Torkoal\n|-damage|p1a: Torkoal|0 fnt\n|faint|p1a: Torkoal\n|-damage|p2b: Mismagius|64/249|[from] item: Life Orb\n|move|p2a: Walking Wake|Flamethrower|p1b: Sylveon\n|-damage|p1b: Sylveon|0 fnt\n|faint|p1b: Sylveon\n|\n|-weather|SunnyDay|[upkeep]\n|upkeep\n|\n|t:|1771118071\n|switch|p1b: Chandelure|Chandelure, L81, F|173/230\n|switch|p1a: Meganium|Meganium, L91, F|293/293\n|turn|5\n|\n|t:|1771118085\n|-terastallize|p1a: Meganium|Water\n|move|p1b: Chandelure|Shadow Ball|p2a: Walking Wake\n|-damage|p2a: Walking Wake|30/283\n|-unboost|p2a: Walking Wake|spd|1\n|move|p2b: Mismagius|Shadow Ball|p1b: Chandelure\n|-supereffective|p1b: Chandelure\n|-damage|p1b: Chandelure|0 fnt\n|faint|p1b: Chandelure\n|-damage|p2b: Mismagius|40/249|[from] item: Life Orb\n|move|p2a: Walking Wake|Flamethrower|p1a: Meganium\n|-resisted|p1a: Meganium\n|-damage|p1a: Meganium|178/293\n|move|p1a: Meganium|Knock Off|p2b: Mismagius\n|-supereffective|p2b: Mismagius\n|-damage|p2b: Mismagius|0 fnt\n|-enditem|p2b: Mismagius|Life Orb|[from] move: Knock Off|[of] p1a: Meganium\n|faint|p2b: Mismagius\n|\n|-weather|none\n|-end|p2a: Walking Wake|Protosynthesis\n|upkeep\n|\n|t:|1771118105\n|switch|p2b: Sceptile|Sceptile, L88, F|266/266\n|switch|p1b: Avalugg|Avalugg-Hisui, L88, M|310/310\n|turn|6\n|inactive|baseballlover has 120 seconds left.\n|\n|t:|1771118114\n|move|p2b: Sceptile|Leaf Storm|p1a: Meganium\n|-supereffective|p1a: Meganium\n|-damage|p1a: Meganium|0 fnt\n|-unboost|p2b: Sceptile|spa|2\n|faint|p1a: Meganium\n|-enditem|p2b: Sceptile|White Herb\n|-clearnegativeboost|p2b: Sceptile|[silent]\n|move|p2a: Walking Wake|Flamethrower|p1b: Avalugg\n|-damage|p1b: Avalugg|30/310\n|move|p1b: Avalugg|Icicle Spear|p2b: Sceptile\n|-supereffective|p2b: Sceptile\n|-damage|p2b: Sceptile|180/266\n|-supereffective|p2b: Sceptile\n|-damage|p2b: Sceptile|96/266\n|-supereffective|p2b: Sceptile\n|-damage|p2b: Sceptile|16/266\n|-supereffective|p2b: Sceptile\n|-damage|p2b: Sceptile|0 fnt\n|faint|p2b: Sceptile\n|-hitcount|p2: Sceptile|4\n|\n|upkeep\n|\n|t:|1771118126\n|switch|p2b: Slither Wing|Slither Wing, L83|277/277\n|turn|7\n|inactive|baseballlover has 120 seconds left.\n|\n|t:|1771118158\n|move|p1b: Avalugg|Protect|p1b: Avalugg\n|-singleturn|p1b: Avalugg|Protect\n|move|p2a: Walking Wake|Flamethrower|p1b: Avalugg\n|-activate|p1b: Avalugg|move: Protect\n|move|p2b: Slither Wing|Close Combat|p1b: Avalugg\n|-activate|p1b: Avalugg|move: Protect\n|\n|upkeep\n|turn|8\n|\n|t:|1771118165\n|move|p2a: Walking Wake|Flamethrower|p1b: Avalugg\n|-damage|p1b: Avalugg|0 fnt\n|faint|p1b: Avalugg\n|\n|win|feedthehanger\n|raw|baseballlover's rating: 1577 &rarr; <strong>1558</strong><br />(-19 for losing)\n|raw|feedthehanger's rating: 1598 &rarr; <strong>1617</strong><br />(+19 for winning)\n", "inputlog": ">version ccdc32dd7cde25fd9e4bed64820e885f66e78a4e\n>start {\"formatid\":\"gen9randomdoublesbattle\",\"seed\":\"sodium,9ca009f2316b3b6275f8852431f541cf\",\"rated\":\"Rated battle\"}\n>player p1 {\"name\":\"baseballlover\",\"avatar\":\"2\",\"rating\":1577,\"seed\":\"sodium,46833b0275db82a34c1d1dcd9b8c98cc\"}\n>player p2 {\"name\":\"feedthehanger\",\"avatar\":\"101\",\"rating\":1598,\"seed\":\"sodium,0d66d557727b16ad3ce4c903e42bb5c2\"}\n>p1 switch 3, move dragonclaw +1\n>p2 move dracometeor +2 terastallize, move flashcannon +1\n>p1 pass, switch 6\n>p1 move heatwave, move heatwave\n>p2 switch 5, move electroweb\n>p2 pass, switch 4\n>p1 move heatwave, switch 5\n>p2 move thunderbolt +1, move shadowball +2\n>p2 switch 5, pass\n>p1 move heatwave, move quickattack +2\n>p2 move flamethrower +2, move shadowball +1\n>p1 switch 4, switch 5\n>p1 move knockoff +2 terastallize, move shadowball +1\n>p2 move flamethrower +1, move shadowball +2\n>p1 pass, switch 3\n>p2 pass, switch 3\n>p1 move knockoff +1, move iciclespear +2\n>p2 move flamethrower +2, move leafstorm +1\n>p2 pass, switch 6\n>p1 pass, move protect\n>p2 move flamethrower +2, move closecombat +2\n>p1 pass, move iciclespear +2\n>p2 move flamethrower +2, move closecombat +2", "uploadtime": 1771118166, "views": 67, "formatid": "gen9randomdoublesbattle", "rating": 1558, "private": 0, "password": null}