{"id": "gen9randomdoublesbattle-2537218057", "format": "[Gen 9] Random Doubles Battle", "players": ["AppleDFire", "pejelegante"], "log": "|j|☆AppleDFire\n|j|☆pejelegante\n|t:|1770780322\n|gametype|doubles\n|player|p1|AppleDFire|170|1697\n|player|p2|pejelegante|hugh|1827\n|gen|9\n|tier|[Gen 9] Random Doubles Battle\n|rated|\n|rule|Species Clause: Limit one of each Pokémon\n|rule|HP Percentage Mod: HP is shown in percentages\n|rule|Illusion Level Mod: Illusion disguises the Pokémon's true level\n|rule|Sleep Clause Mod: Limit one foe put to sleep\n|\n|t:|1770780322\n|teamsize|p1|6\n|teamsize|p2|6\n|start\n|switch|p1a: Lapras|Lapras, L83, F|351/351\n|switch|p1b: Zangoose|Zangoose, L87, F|269/269\n|switch|p2a: Luxray|Luxray, L86, M|278/278\n|switch|p2b: Palossand|Palossand, L90, M|299/299\n|-ability|p2a: Luxray|Intimidate|boost\n|-unboost|p1a: Lapras|atk|1\n|-unboost|p1b: Zangoose|atk|1\n|turn|1\n|inactive|Battle timer is ON: inactive players will automatically lose when time's up. (requested by pejelegante)\n|inactive|AppleDFire also wants the timer to be on.\n|\n|t:|1770780331\n|move|p1b: Zangoose|Protect|p1b: Zangoose\n|-singleturn|p1b: Zangoose|Protect\n|move|p2a: Luxray|Snarl|p1a: Lapras|[spread] p1a\n|-activate|p1b: Zangoose|move: Protect\n|-damage|p1a: Lapras|322/351\n|-unboost|p1a: Lapras|spa|1\n|move|p1a: Lapras|Icy Wind|p2b: Palossand|[spread] p2a,p2b\n|-supereffective|p2b: Palossand\n|-damage|p2a: Luxray|260/278\n|-damage|p2b: Palossand|237/299\n|-unboost|p2a: Luxray|spe|1\n|-unboost|p2b: Palossand|spe|1\n|move|p2b: Palossand|Stealth Rock|p1a: Lapras\n|-sidestart|p1: AppleDFire|move: Stealth Rock\n|\n|-heal|p2b: Palossand|255/299|[from] item: Leftovers\n|-status|p1b: Zangoose|tox|[from] item: Toxic Orb\n|upkeep\n|turn|2\n|\n|t:|1770780355\n|switch|p1b: Wigglytuff|Wigglytuff, L91, M|403/403\n|-damage|p1b: Wigglytuff|353/403|[from] Stealth Rock\n|move|p1a: Lapras|Muddy Water|p2a: Luxray|[spread] p2b\n|-miss|p1a: Lapras|p2a: Luxray\n|-supereffective|p2b: Palossand\n|-damage|p2b: Palossand|159/299\n|-ability|p2b: Palossand|Water Compaction|boost\n|-boost|p2b: Palossand|def|2\n|move|p2a: Luxray|Wild Charge|p1b: Wigglytuff\n|-damage|p1b: Wigglytuff|191/403\n|-enditem|p1b: Wigglytuff|Sitrus Berry|[eat]\n|-heal|p1b: Wigglytuff|291/403|[from] item: Sitrus Berry\n|-damage|p2a: Luxray|219/278|[from] Recoil\n|move|p2b: Palossand|Earth Power|p1b: Wigglytuff\n|-damage|p1b: Wigglytuff|135/403\n|\n|-heal|p2b: Palossand|177/299|[from] item: Leftovers\n|upkeep\n|turn|3\n|inactive|AppleDFire has 120 seconds left.\n|\n|t:|1770780387\n|switch|p1b: Chesnaught|Chesnaught, L86, F|292/292\n|-damage|p1b: Chesnaught|274/292|[from] Stealth Rock\n|move|p1a: Lapras|Muddy Water|p2b: Palossand|[spread] p2a,p2b\n|-supereffective|p2b: Palossand\n|-damage|p2a: Luxray|188/278\n|-damage|p2b: Palossand|87/299\n|-unboost|p2a: Luxray|accuracy|1\n|-unboost|p2b: Palossand|accuracy|1\n|-ability|p2b: Palossand|Water Compaction|boost\n|-boost|p2b: Palossand|def|2\n|move|p2a: Luxray|Wild Charge|p1a: Lapras|[miss]\n|-miss|p2a: Luxray|p1a: Lapras\n|move|p2b: Palossand|Shore Up|p2b: Palossand\n|-heal|p2b: Palossand|236/299\n|\n|-heal|p1b: Chesnaught|292/292|[from] item: Leftovers\n|-heal|p2b: Palossand|254/299|[from] item: Leftovers\n|upkeep\n|turn|4\n|inactive|AppleDFire has 120 seconds left.\n|\n|t:|1770780413\n|move|p1a: Lapras|Protect|p1a: Lapras\n|-singleturn|p1a: Lapras|Protect\n|move|p1b: Chesnaught|Iron Defense|p1b: Chesnaught\n|-boost|p1b: Chesnaught|def|2\n|move|p2a: Luxray|Wild Charge|p1a: Lapras\n|-activate|p1a: Lapras|move: Protect\n|move|p2b: Palossand|Shadow Ball|p1b: Chesnaught\n|-immune|p1b: Chesnaught|[from] ability: Bulletproof\n|\n|-heal|p2b: Palossand|272/299|[from] item: Leftovers\n|upkeep\n|turn|5\n|\n|t:|1770780434\n|move|p1b: Chesnaught|Iron Defense|p1b: Chesnaught\n|-boost|p1b: Chesnaught|def|2\n|move|p1a: Lapras|Muddy Water|p2b: Palossand|[spread] p2a\n|-miss|p1a: Lapras|p2b: Palossand\n|-damage|p2a: Luxray|158/278\n|-unboost|p2a: Luxray|accuracy|1\n|move|p2a: Luxray|Snarl|p1b: Chesnaught|[spread] p1b\n|-miss|p2a: Luxray|p1a: Lapras\n|-resisted|p1b: Chesnaught\n|-damage|p1b: Chesnaught|276/292\n|-unboost|p1b: Chesnaught|spa|1\n|move|p2b: Palossand|Shadow Ball|p1a: Lapras\n|-damage|p1a: Lapras|225/351\n|\n|-heal|p1b: Chesnaught|292/292|[from] item: Leftovers\n|-heal|p2b: Palossand|290/299|[from] item: Leftovers\n|upkeep\n|turn|6\n|\n|t:|1770780454\n|switch|p2a: Eternatus|Eternatus, L70|312/312\n|-ability|p2a: Eternatus|Pressure\n|move|p1b: Chesnaught|Leech Seed|p2a: Eternatus\n|-start|p2a: Eternatus|move: Leech Seed\n|move|p1a: Lapras|Freeze-Dry|p2b: Palossand\n|-supereffective|p2b: Palossand\n|-damage|p2b: Palossand|192/299\n|move|p2b: Palossand|Earth Power|p1a: Lapras\n|-damage|p1a: Lapras|114/351\n|-enditem|p1a: Lapras|Sitrus Berry|[eat]\n|-heal|p1a: Lapras|201/351|[from] item: Sitrus Berry\n|\n|-heal|p2b: Palossand|210/299|[from] item: Leftovers\n|-damage|p2a: Eternatus|273/312|[from] Leech Seed|[of] p1b: Chesnaught\n|upkeep\n|turn|7\n|\n|t:|1770780471\n|switch|p2b: Luxray|Luxray, L86, M|158/278\n|-ability|p2b: Luxray|Intimidate|boost\n|-unboost|p1a: Lapras|atk|1\n|-unboost|p1b: Chesnaught|atk|1\n|move|p1b: Chesnaught|Spiky Shield|p1b: Chesnaught\n|-singleturn|p1b: Chesnaught|move: Protect\n|move|p2a: Eternatus|Fire Blast|p1b: Chesnaught\n|-activate|p1b: Chesnaught|move: Protect\n|move|p1a: Lapras|Icy Wind|p2a: Eternatus|[spread] p2a\n|-miss|p1a: Lapras|p2b: Luxray\n|-supereffective|p2a: Eternatus\n|-damage|p2a: Eternatus|219/312\n|-unboost|p2a: Eternatus|spe|1\n|\n|-damage|p2a: Eternatus|180/312|[from] Leech Seed|[of] p1b: Chesnaught\n|upkeep\n|turn|8\n|\n|t:|1770780491\n|move|p2b: Luxray|Wild Charge|p1a: Lapras\n|-supereffective|p1a: Lapras\n|-crit|p1a: Lapras\n|-damage|p1a: Lapras|0 fnt\n|faint|p1a: Lapras\n|-damage|p2b: Luxray|108/278|[from] Recoil\n|move|p1b: Chesnaught|Body Press|p2b: Luxray\n|-damage|p2b: Luxray|0 fnt\n|faint|p2b: Luxray\n|move|p2a: Eternatus|Dynamax Cannon|p1b: Chesnaught\n|-damage|p1b: Chesnaught|172/292\n|\n|-heal|p1b: Chesnaught|190/292|[from] item: Leftovers\n|-damage|p2a: Eternatus|141/312|[from] Leech Seed|[of] p1b: Chesnaught\n|-heal|p1b: Chesnaught|229/292|[silent]\n|upkeep\n|\n|t:|1770780507\n|switch|p2b: Palossand|Palossand, L90, M|210/299\n|switch|p1a: Wigglytuff|Wigglytuff, L91, M|135/403\n|-damage|p1a: Wigglytuff|85/403|[from] Stealth Rock\n|turn|9\n|\n|t:|1770780514\n|move|p1b: Chesnaught|Spiky Shield|p1b: Chesnaught\n|-singleturn|p1b: Chesnaught|move: Protect\n|move|p2a: Eternatus|Fire Blast|p1b: Chesnaught\n|-activate|p1b: Chesnaught|move: Protect\n|move|p1a: Wigglytuff|Thunder Wave|p2a: Eternatus\n|-status|p2a: Eternatus|par\n|move|p2b: Palossand|Earth Power|p1a: Wigglytuff\n|-damage|p1a: Wigglytuff|0 fnt\n|faint|p1a: Wigglytuff\n|\n|-heal|p1b: Chesnaught|247/292|[from] item: Leftovers\n|-heal|p2b: Palossand|228/299|[from] item: Leftovers\n|-damage|p2a: Eternatus|102/312 par|[from] Leech Seed|[of] p1b: Chesnaught\n|-heal|p1b: Chesnaught|286/292|[silent]\n|upkeep\n|\n|t:|1770780531\n|switch|p1a: Zangoose|Zangoose, L87, F|269/269 tox\n|-damage|p1a: Zangoose|236/269 tox|[from] Stealth Rock\n|turn|10\n|\n|t:|1770780539\n|move|p1a: Zangoose|Facade|p2a: Eternatus\n|-damage|p2a: Eternatus|0 fnt\n|faint|p2a: Eternatus\n|move|p1b: Chesnaught|Leech Seed|p2b: Palossand\n|-start|p2b: Palossand|move: Leech Seed\n|move|p2b: Palossand|Earth Power|p1a: Zangoose\n|-damage|p1a: Zangoose|92/269 tox\n|\n|-heal|p1b: Chesnaught|292/292|[from] item: Leftovers\n|-heal|p2b: Palossand|246/299|[from] item: Leftovers\n|-damage|p2b: Palossand|209/299|[from] Leech Seed|[of] p1b: Chesnaught\n|-damage|p1a: Zangoose|76/269 tox|[from] psn\n|upkeep\n|\n|t:|1770780549\n|switch|p2a: Hatterene|Hatterene, L84, F|233/233\n|turn|11\n|\n|t:|1770780560\n|-terastallize|p2a: Hatterene|Steel\n|move|p1a: Zangoose|Facade|p2a: Hatterene\n|-resisted|p2a: Hatterene\n|-damage|p2a: Hatterene|114/233\n|move|p1b: Chesnaught|Body Press|p2a: Hatterene\n|-supereffective|p2a: Hatterene\n|-damage|p2a: Hatterene|0 fnt\n|faint|p2a: Hatterene\n|move|p2b: Palossand|Earth Power|p1a: Zangoose\n|-damage|p1a: Zangoose|0 fnt\n|faint|p1a: Zangoose\n|\n|-heal|p2b: Palossand|227/299|[from] item: Leftovers\n|-damage|p2b: Palossand|190/299|[from] Leech Seed|[of] p1b: Chesnaught\n|upkeep\n|\n|t:|1770780579\n|switch|p1a: Solgaleo|Solgaleo, L74|325/325\n|switch|p2a: Dragapult|Dragapult, L79, M|269/269\n|-damage|p1a: Solgaleo|305/325|[from] Stealth Rock\n|turn|12\n|\n|t:|1770780604\n|move|p1a: Solgaleo|Protect|p1a: Solgaleo\n|-singleturn|p1a: Solgaleo|Protect\n|move|p2a: Dragapult|Shadow Ball|p1a: Solgaleo\n|-activate|p1a: Solgaleo|move: Protect\n|move|p1b: Chesnaught|Leech Seed|p2a: Dragapult\n|-start|p2a: Dragapult|move: Leech Seed\n|move|p2b: Palossand|Earth Power|p1a: Solgaleo\n|-activate|p1a: Solgaleo|move: Protect\n|\n|-heal|p2b: Palossand|208/299|[from] item: Leftovers\n|-damage|p2a: Dragapult|236/269|[from] Leech Seed|[of] p1b: Chesnaught\n|-damage|p2b: Palossand|171/299|[from] Leech Seed|[of] p1b: Chesnaught\n|upkeep\n|turn|13\n|\n|t:|1770780619\n|-terastallize|p1a: Solgaleo|Fire\n|move|p2a: Dragapult|Protect|p2a: Dragapult\n|-singleturn|p2a: Dragapult|Protect\n|move|p1b: Chesnaught|Spiky Shield|p1b: Chesnaught\n|-singleturn|p1b: Chesnaught|move: Protect\n|move|p1a: Solgaleo|Flame Charge|p2b: Palossand\n|-damage|p2b: Palossand|123/299\n|-boost|p1a: Solgaleo|spe|1\n|move|p2b: Palossand|Earth Power|p1a: Solgaleo\n|-supereffective|p1a: Solgaleo\n|-damage|p1a: Solgaleo|39/325\n|-enditem|p1a: Solgaleo|Weakness Policy\n|-boost|p1a: Solgaleo|atk|2|[from] item: Weakness Policy\n|-boost|p1a: Solgaleo|spa|2|[from] item: Weakness Policy\n|\n|-heal|p2b: Palossand|141/299|[from] item: Leftovers\n|-damage|p2a: Dragapult|203/269|[from] Leech Seed|[of] p1b: Chesnaught\n|-damage|p2b: Palossand|104/299|[from] Leech Seed|[of] p1b: Chesnaught\n|upkeep\n|turn|14\n|\n|t:|1770780636\n|switch|p2a: Quaquaval|Quaquaval, L82, M|274/274\n|move|p1a: Solgaleo|Sunsteel Strike|p2a: Quaquaval\n|-resisted|p2a: Quaquaval\n|-damage|p2a: Quaquaval|149/274\n|move|p1b: Chesnaught|Iron Defense|p1b: Chesnaught\n|-boost|p1b: Chesnaught|def|2\n|move|p2b: Palossand|Earth Power|p1a: Solgaleo\n|-supereffective|p1a: Solgaleo\n|-damage|p1a: Solgaleo|0 fnt\n|faint|p1a: Solgaleo\n|\n|-heal|p2b: Palossand|122/299|[from] item: Leftovers\n|-damage|p2b: Palossand|85/299|[from] Leech Seed|[of] p1b: Chesnaught\n|upkeep\n|\n|t:|1770780639\n|switch|p1a: Koraidon|Koraidon, L66|242/242\n|-damage|p1a: Koraidon|227/242|[from] Stealth Rock\n|-weather|SunnyDay|[from] ability: Orichalcum Pulse|[of] p1a: Koraidon\n|-activate|p1a: Koraidon|Orichalcum Pulse|[source]\n|turn|15\n|\n|t:|1770780653\n|move|p1a: Koraidon|Protect|p1a: Koraidon\n|-singleturn|p1a: Koraidon|Protect\n|move|p1b: Chesnaught|Spiky Shield|p1b: Chesnaught\n|-singleturn|p1b: Chesnaught|move: Protect\n|move|p2a: Quaquaval|Close Combat|p1a: Koraidon\n|-activate|p1a: Koraidon|move: Protect\n|move|p2b: Palossand|Earth Power|p1a: Koraidon\n|-activate|p1a: Koraidon|move: Protect\n|\n|-weather|SunnyDay|[upkeep]\n|-heal|p2b: Palossand|103/299|[from] item: Leftovers\n|-damage|p2b: Palossand|66/299|[from] Leech Seed|[of] p1b: Chesnaught\n|upkeep\n|turn|16\n|\n|t:|1770780667\n|move|p1a: Koraidon|Dragon Claw|p2b: Palossand\n|-damage|p2b: Palossand|0 fnt\n|faint|p2b: Palossand\n|-damage|p1a: Koraidon|203/242|[from] item: Life Orb\n|move|p2a: Quaquaval|Close Combat|p1a: Koraidon\n|-damage|p1a: Koraidon|28/242\n|-unboost|p2a: Quaquaval|def|1\n|-unboost|p2a: Quaquaval|spd|1\n|-damage|p2a: Quaquaval|122/274|[from] item: Life Orb\n|move|p1b: Chesnaught|Body Press|p2a: Quaquaval\n|-damage|p2a: Quaquaval|0 fnt\n|faint|p2a: Quaquaval\n|\n|-weather|SunnyDay|[upkeep]\n|upkeep\n|\n|t:|1770780677\n|switch|p2b: Dragapult|Dragapult, L79, M|203/269\n|turn|17\n|\n|t:|1770780682\n|move|p2b: Dragapult|Protect|p2b: Dragapult\n|-singleturn|p2b: Dragapult|Protect\n|move|p1a: Koraidon|Protect|p1a: Koraidon\n|-singleturn|p1a: Koraidon|Protect\n|move|p1b: Chesnaught|Leech Seed|p2b: Dragapult\n|-activate|p2b: Dragapult|move: Protect\n|\n|-weather|SunnyDay|[upkeep]\n|upkeep\n|turn|18\n|\n|t:|1770780690\n|move|p2b: Dragapult|Dragon Darts|p1b: Chesnaught\n|-damage|p1b: Chesnaught|276/292\n|-anim|p2b: Dragapult|Dragon Darts|p1a: Koraidon\n|-supereffective|p1a: Koraidon\n|-damage|p1a: Koraidon|0 fnt\n|faint|p1a: Koraidon\n|-damage|p2b: Dragapult|177/269|[from] item: Life Orb\n|move|p1b: Chesnaught|Leech Seed|p2b: Dragapult\n|-start|p2b: Dragapult|move: Leech Seed\n|\n|-weather|SunnyDay|[upkeep]\n|-heal|p1b: Chesnaught|292/292|[from] item: Leftovers\n|-damage|p2b: Dragapult|144/269|[from] Leech Seed|[of] p1b: Chesnaught\n|upkeep\n|turn|19\n|\n|t:|1770780700\n|move|p2b: Dragapult|Fire Blast|p1b: Chesnaught\n|-supereffective|p1b: Chesnaught\n|-damage|p1b: Chesnaught|0 fnt\n|faint|p1b: Chesnaught\n|-damage|p2b: Dragapult|118/269|[from] item: Life Orb\n|\n|win|pejelegante\n|raw|AppleDFire's rating: 1697 &rarr; <strong>1684</strong><br />(-13 for losing)\n|raw|pejelegante's rating: 1827 &rarr; <strong>1840</strong><br />(+13 for winning)\n|c|☆AppleDFire|gg\n|c|☆pejelegante|Gg\n|c|☆pejelegante|^^\n", "inputlog": ">version ccdc32dd7cde25fd9e4bed64820e885f66e78a4e\n>start {\"formatid\":\"gen9randomdoublesbattle\",\"seed\":\"sodium,0c8211077404f6b608bdfb14be316cf6\",\"rated\":\"Rated battle\"}\n>player p1 {\"name\":\"AppleDFire\",\"avatar\":\"170\",\"rating\":1697,\"seed\":\"sodium,798d672d0877d3040b3b50505dc4de83\"}\n>player p2 {\"name\":\"pejelegante\",\"avatar\":\"hugh\",\"rating\":1827,\"seed\":\"sodium,6a37f116e2fdedc67f7a4dbacb4fb922\"}\n>p1 move icywind, move protect\n>p2 move snarl, move stealthrock\n>p1 move muddywater, switch 5\n>p2 move wildcharge +2, move earthpower +2\n>p1 move muddywater, switch 6\n>p2 move wildcharge +1, move shoreup\n>p1 move protect, move irondefense\n>p2 move wildcharge +1, move shadowball +2\n>p1 move muddywater, move irondefense\n>p2 move snarl, move shadowball +1\n>p1 move freezedry +2, move leechseed +1\n>p2 switch 4, move earthpower +1\n>p1 move icywind, move spikyshield\n>p2 move fireblast +2, switch 4\n>p1 move muddywater, move bodypress +2\n>p2 move dynamaxcannon +2, move wildcharge +1\n>p1 switch 6, pass\n>p2 pass, switch 4\n>p1 move thunderwave +1, move spikyshield\n>p2 move fireblast +2, move earthpower +1\n>p1 switch 5, pass\n>p1 move facade +1, move leechseed +2\n>p2 move fireblast +2, move earthpower +1\n>p2 switch 5, pass\n>p1 move facade +1, move bodypress +1\n>p2 move trickroom terastallize, move earthpower +1\n>p1 switch 3, pass\n>p2 switch 3, pass\n>p1 move protect, move leechseed +1\n>p2 move shadowball +1, move earthpower +1\n>p1 move flamecharge +2 terastallize, move spikyshield\n>p2 move protect, move earthpower +1\n>p1 move sunsteelstrike +1, move irondefense\n>p2 switch 6, move earthpower +1\n>p1 switch 4, pass\n>p1 move protect, move spikyshield\n>p2 move closecombat +1, move earthpower +1\n>p1 move dragonclaw +2, move bodypress +1\n>p2 move closecombat +1, move earthpower +1\n>p2 pass, switch 6\n>p1 move protect, move leechseed +2\n>p2 pass, move protect\n>p1 move dragonclaw +2, move leechseed +2\n>p2 pass, move dragondarts +2\n>p1 pass, move bodypress +2\n>p2 pass, move fireblast +2", "uploadtime": 1770780713, "views": 69, "formatid": "gen9randomdoublesbattle", "rating": 1684, "private": 0, "password": null}