{"id": "gen9randomdoublesbattle-2537609432", "format": "[Gen 9] Random Doubles Battle", "players": ["Lillikoal Nation", "ohhimei"], "log": "|j|☆Lillikoal Nation\n|j|☆ohhimei\n|t:|1770831730\n|gametype|doubles\n|player|p1|Lillikoal Nation|pokemonbreederf-gen4|1842\n|player|p2|ohhimei|acetrainerf|1772\n|gen|9\n|tier|[Gen 9] Random Doubles Battle\n|rated|\n|rule|Species Clause: Limit one of each Pokémon\n|rule|HP Percentage Mod: HP is shown in percentages\n|rule|Illusion Level Mod: Illusion disguises the Pokémon's true level\n|rule|Sleep Clause Mod: Limit one foe put to sleep\n|\n|t:|1770831730\n|teamsize|p1|6\n|teamsize|p2|6\n|start\n|switch|p1a: Raikou|Raikou, L81|278/278\n|switch|p1b: Sudowoodo|Sudowoodo, L94, F|284/284\n|switch|p2a: Flapple|Flapple, L95, M|287/287\n|switch|p2b: Illumise|Illumise, L83, F|244/244\n|turn|1\n|inactive|Battle timer is ON: inactive players will automatically lose when time's up. (requested by ohhimei)\n|inactive|ohhimei has 120 seconds left.\n|\n|t:|1770831765\n|switch|p1b: Tyranitar|Tyranitar, L81, F|295/295\n|-weather|Sandstorm|[from] ability: Sand Stream|[of] p1b: Tyranitar\n|move|p2b: Illumise|Tailwind|p2b: Illumise\n|-sidestart|p2: ohhimei|move: Tailwind\n|move|p2a: Flapple|Dragon Dance|p2a: Flapple\n|-boost|p2a: Flapple|atk|1\n|-boost|p2a: Flapple|spe|1\n|move|p1a: Raikou|Scald|p2a: Flapple\n|-resisted|p2a: Flapple\n|-damage|p2a: Flapple|264/287\n|-damage|p1a: Raikou|251/278|[from] item: Life Orb\n|\n|-weather|Sandstorm|[upkeep]\n|-damage|p2a: Flapple|247/287|[from] Sandstorm\n|-damage|p2b: Illumise|229/244|[from] Sandstorm\n|-damage|p1a: Raikou|234/278|[from] Sandstorm\n|upkeep\n|turn|2\n|\n|t:|1770831792\n|switch|p1a: Vileplume|Vileplume, L89, F|278/278\n|move|p2a: Flapple|Grav Apple|p1b: Tyranitar|[miss]\n|-miss|p2a: Flapple|p1b: Tyranitar\n|move|p2b: Illumise|Struggle Bug|p1b: Tyranitar|[spread] p1a,p1b\n|-supereffective|p1b: Tyranitar\n|-damage|p1a: Vileplume|248/278\n|-damage|p1b: Tyranitar|253/295\n|-unboost|p1a: Vileplume|spa|1\n|move|p1b: Tyranitar|Knock Off|p2a: Flapple\n|-damage|p2a: Flapple|127/287\n|-enditem|p2a: Flapple|Clear Amulet|[from] move: Knock Off|[of] p1b: Tyranitar\n|\n|-weather|Sandstorm|[upkeep]\n|-damage|p2a: Flapple|110/287|[from] Sandstorm\n|-damage|p2b: Illumise|214/244|[from] Sandstorm\n|-damage|p1a: Vileplume|231/278|[from] Sandstorm\n|upkeep\n|turn|3\n|inactive|ohhimei has 120 seconds left.\n|\n|t:|1770831834\n|switch|p2b: Dialga|Dialga, L74|270/270\n|move|p2a: Flapple|Protect|p2a: Flapple\n|-singleturn|p2a: Flapple|Protect\n|move|p1b: Tyranitar|Protect|p1b: Tyranitar\n|-singleturn|p1b: Tyranitar|Protect\n|move|p1a: Vileplume|Stun Spore|p2b: Dialga\n|-status|p2b: Dialga|par\n|\n|-weather|Sandstorm|[upkeep]\n|-damage|p2a: Flapple|93/287|[from] Sandstorm\n|-damage|p1a: Vileplume|214/278|[from] Sandstorm\n|upkeep\n|turn|4\n|inactive|ohhimei has 120 seconds left.\n|inactive|Lillikoal Nation has 120 seconds left.\n|\n|t:|1770831868\n|switch|p1b: Sudowoodo|Sudowoodo, L94, F|284/284\n|move|p2a: Flapple|Grav Apple|p1b: Sudowoodo\n|-supereffective|p1b: Sudowoodo\n|-damage|p1b: Sudowoodo|0 fnt\n|faint|p1b: Sudowoodo\n|move|p2b: Dialga|Fire Blast|p1a: Vileplume\n|-supereffective|p1a: Vileplume\n|-damage|p1a: Vileplume|54/278\n|-enditem|p1a: Vileplume|Sitrus Berry|[eat]\n|-heal|p1a: Vileplume|123/278|[from] item: Sitrus Berry\n|move|p1a: Vileplume|Sludge Bomb|p2a: Flapple\n|-supereffective|p2a: Flapple\n|-damage|p2a: Flapple|0 fnt\n|faint|p2a: Flapple\n|\n|-weather|Sandstorm|[upkeep]\n|-damage|p1a: Vileplume|106/278|[from] Sandstorm\n|-sideend|p2: ohhimei|move: Tailwind\n|upkeep\n|inactive|Lillikoal Nation has 120 seconds left.\n|\n|t:|1770831885\n|switch|p2a: Illumise|Illumise, L83, F|214/244\n|switch|p1b: Tyranitar|Tyranitar, L81, F|253/295\n|turn|5\n|inactive|ohhimei has 120 seconds left.\n|\n|t:|1770831899\n|move|p2a: Illumise|Encore|p1a: Vileplume\n|-start|p1a: Vileplume|Encore\n|move|p1b: Tyranitar|Rock Slide|p2b: Dialga|[spread] p2a\n|-miss|p1b: Tyranitar|p2b: Dialga\n|-supereffective|p2a: Illumise\n|-damage|p2a: Illumise|52/244\n|-enditem|p2a: Illumise|Sitrus Berry|[eat]\n|-heal|p2a: Illumise|113/244|[from] item: Sitrus Berry\n|move|p1a: Vileplume|Sludge Bomb|p2b: Dialga\n|-immune|p2b: Dialga\n|move|p2b: Dialga|Heavy Slam|p1b: Tyranitar\n|-supereffective|p1b: Tyranitar\n|-damage|p1b: Tyranitar|115/295\n|\n|-weather|none\n|upkeep\n|turn|6\n|\n|t:|1770831918\n|switch|p1b: Basculegion|Basculegion, L69, M|280/280\n|switch|p1a: Raikou|Raikou, L81|234/278\n|move|p2a: Illumise|Tailwind|p2a: Illumise\n|-sidestart|p2: ohhimei|move: Tailwind\n|move|p2b: Dialga|Heavy Slam|p1b: Basculegion\n|-resisted|p1b: Basculegion\n|-damage|p1b: Basculegion|191/280\n|\n|upkeep\n|turn|7\n|\n|t:|1770831936\n|switch|p2b: Wo-Chien|Wo-Chien, L85|283/283\n|-ability|p2b: Wo-Chien|Tablets of Ruin\n|move|p2a: Illumise|Thunder Wave|p1b: Basculegion\n|-status|p1b: Basculegion|par\n|move|p1a: Raikou|Volt Switch|p2a: Illumise\n|-damage|p2a: Illumise|6/244\n|-damage|p1a: Raikou|207/278|[from] item: Life Orb\n|\n|t:|1770831948\n|switch|p1a: Vileplume|Vileplume, L89, F|106/278|[from] Volt Switch\n|cant|p1b: Basculegion|par\n|\n|upkeep\n|turn|8\n|inactive|Lillikoal Nation has 120 seconds left.\n|inactive|ohhimei has 120 seconds left.\n|\n|t:|1770831991\n|switch|p2a: Dialga|Dialga, L74|270/270 par\n|switch|p1b: Tyranitar|Tyranitar, L81, F|115/295\n|-weather|Sandstorm|[from] ability: Sand Stream|[of] p1b: Tyranitar\n|move|p2b: Wo-Chien|Protect|p2b: Wo-Chien\n|-singleturn|p2b: Wo-Chien|Protect\n|move|p1a: Vileplume|Strength Sap|p2b: Wo-Chien\n|-activate|p2b: Wo-Chien|move: Protect\n|\n|-weather|Sandstorm|[upkeep]\n|-damage|p2b: Wo-Chien|266/283|[from] Sandstorm\n|-damage|p1a: Vileplume|89/278|[from] Sandstorm\n|upkeep\n|turn|9\n|\n|t:|1770832011\n|switch|p1a: Basculegion|Basculegion, L69, M|191/280 par\n|move|p2b: Wo-Chien|Leech Seed|p1b: Tyranitar\n|-start|p1b: Tyranitar|move: Leech Seed\n|move|p2a: Dialga|Fire Blast|p1a: Basculegion\n|-resisted|p1a: Basculegion\n|-damage|p1a: Basculegion|129/280 par\n|move|p1b: Tyranitar|Dragon Dance|p1b: Tyranitar\n|-boost|p1b: Tyranitar|atk|1\n|-boost|p1b: Tyranitar|spe|1\n|\n|-weather|Sandstorm|[upkeep]\n|-damage|p2b: Wo-Chien|249/283|[from] Sandstorm\n|-damage|p1a: Basculegion|112/280 par|[from] Sandstorm\n|-damage|p1b: Tyranitar|79/295|[from] Leech Seed|[of] p2b: Wo-Chien\n|-heal|p2b: Wo-Chien|283/283|[silent]\n|-sideend|p2: ohhimei|move: Tailwind\n|upkeep\n|turn|10\n|\n|t:|1770832032\n|switch|p1a: Raikou|Raikou, L81|207/278\n|move|p2b: Wo-Chien|Protect|p2b: Wo-Chien\n|-singleturn|p2b: Wo-Chien|Protect\n|move|p1b: Tyranitar|Knock Off|p2a: Dialga\n|-damage|p2a: Dialga|143/270 par\n|-enditem|p2a: Dialga|Sitrus Berry|[from] move: Knock Off|[of] p1b: Tyranitar\n|move|p2a: Dialga|Draco Meteor|p1a: Raikou\n|-damage|p1a: Raikou|60/278\n|-unboost|p2a: Dialga|spa|2\n|\n|-weather|Sandstorm|[upkeep]\n|-damage|p1a: Raikou|43/278|[from] Sandstorm\n|-damage|p2b: Wo-Chien|266/283|[from] Sandstorm\n|-damage|p1b: Tyranitar|43/295|[from] Leech Seed|[of] p2b: Wo-Chien\n|-heal|p2b: Wo-Chien|283/283|[silent]\n|upkeep\n|turn|11\n|\n|t:|1770832051\n|move|p1a: Raikou|Volt Switch|p2a: Dialga\n|-resisted|p2a: Dialga\n|-damage|p2a: Dialga|86/270 par\n|-damage|p1a: Raikou|16/278|[from] item: Life Orb\n|\n|t:|1770832059\n|switch|p1a: Vileplume|Vileplume, L89, F|89/278|[from] Volt Switch\n|move|p1b: Tyranitar|Knock Off|p2b: Wo-Chien\n|-resisted|p2b: Wo-Chien\n|-damage|p2b: Wo-Chien|215/283\n|-enditem|p2b: Wo-Chien|Sitrus Berry|[from] move: Knock Off|[of] p1b: Tyranitar\n|move|p2b: Wo-Chien|Knock Off|p1a: Vileplume\n|-damage|p1a: Vileplume|25/278\n|cant|p2a: Dialga|par\n|\n|-weather|Sandstorm|[upkeep]\n|-damage|p2b: Wo-Chien|198/283|[from] Sandstorm\n|-damage|p1a: Vileplume|8/278|[from] Sandstorm\n|-damage|p1b: Tyranitar|7/295|[from] Leech Seed|[of] p2b: Wo-Chien\n|-heal|p2b: Wo-Chien|234/283|[silent]\n|upkeep\n|turn|12\n|\n|t:|1770832076\n|move|p2b: Wo-Chien|Protect|p2b: Wo-Chien\n|-singleturn|p2b: Wo-Chien|Protect\n|move|p1b: Tyranitar|Rock Slide|p2b: Wo-Chien|[spread] p2a\n|-activate|p2b: Wo-Chien|move: Protect\n|-resisted|p2a: Dialga\n|-damage|p2a: Dialga|50/270 par\n|move|p1a: Vileplume|Strength Sap|p2a: Dialga\n|-unboost|p2a: Dialga|atk|1\n|-heal|p1a: Vileplume|229/278\n|cant|p2a: Dialga|flinch\n|\n|-weather|none\n|-damage|p1b: Tyranitar|0 fnt|[from] Leech Seed|[of] p2b: Wo-Chien\n|-heal|p2b: Wo-Chien|241/283|[silent]\n|faint|p1b: Tyranitar\n|upkeep\n|\n|t:|1770832096\n|switch|p1b: Ambipom|Ambipom, L87, F|272/272\n|turn|13\n|inactive|ohhimei has 120 seconds left.\n|\n|t:|1770832137\n|move|p1b: Ambipom|Fake Out|p2b: Wo-Chien\n|-damage|p2b: Wo-Chien|181/283\n|cant|p2b: Wo-Chien|flinch\n|move|p1a: Vileplume|Pollen Puff|p2b: Wo-Chien\n|-supereffective|p2b: Wo-Chien\n|-damage|p2b: Wo-Chien|0 fnt\n|faint|p2b: Wo-Chien\n|cant|p2a: Dialga|par\n|\n|upkeep\n|\n|t:|1770832149\n|switch|p2b: Illumise|Illumise, L83, F|6/244\n|turn|14\n|l|☆Lillikoal Nation\n|inactive|Lillikoal Nation disconnected and has a minute to reconnect!\n|player|p1|\n|inactive|ohhimei has 120 seconds left.\n|inactive|Lillikoal Nation has 30 seconds to reconnect!\n|j|☆Lillikoal Nation\n|inactive|Lillikoal Nation reconnected and has 100 seconds left.\n|player|p1|Lillikoal Nation|pokemonbreederf-gen4|\n|\n|t:|1770832207\n|switch|p1b: Raikou|Raikou, L81|16/278\n|move|p2b: Illumise|Encore||[still]\n|-fail|p2b: Illumise\n|move|p1a: Vileplume|Sludge Bomb|p2b: Illumise\n|-crit|p2b: Illumise\n|-damage|p2b: Illumise|0 fnt\n|faint|p2b: Illumise\n|move|p2a: Dialga|Heavy Slam|p1a: Vileplume\n|-damage|p1a: Vileplume|156/278\n|\n|upkeep\n|\n|t:|1770832216\n|switch|p2b: Regieleki|Regieleki, L79|256/256\n|turn|15\n|inactive|Lillikoal Nation has 120 seconds left.\n|\n|t:|1770832229\n|move|p2b: Regieleki|Volt Switch|p1b: Raikou\n|-resisted|p1b: Raikou\n|-damage|p1b: Raikou|0 fnt\n|faint|p1b: Raikou\n|\n|t:|1770832232\n|switch|p2b: Tyranitar|Tyranitar, L81, F|295/295|[from] Volt Switch\n|-weather|Sandstorm|[from] ability: Sand Stream|[of] p2b: Tyranitar\n|move|p1a: Vileplume|Sludge Bomb|p2b: Tyranitar\n|-resisted|p2b: Tyranitar\n|-damage|p2b: Tyranitar|261/295\n|cant|p2a: Dialga|par\n|\n|-weather|Sandstorm|[upkeep]\n|-damage|p1a: Vileplume|139/278|[from] Sandstorm\n|upkeep\n|inactive|Lillikoal Nation has 120 seconds left.\n|\n|t:|1770832244\n|switch|p1b: Ambipom|Ambipom, L87, F|272/272\n|turn|16\n|\n|t:|1770832260\n|-terastallize|p2b: Tyranitar|Ghost\n|move|p1b: Ambipom|Fake Out|p2b: Tyranitar\n|-immune|p2b: Tyranitar\n|move|p2b: Tyranitar|Dragon Dance|p2b: Tyranitar\n|-boost|p2b: Tyranitar|atk|1\n|-boost|p2b: Tyranitar|spe|1\n|move|p1a: Vileplume|Strength Sap|p2b: Tyranitar\n|-fail|p2b: Tyranitar|unboost|[from] item: Clear Amulet|[of] p2b: Tyranitar\n|-heal|p1a: Vileplume|278/278\n|move|p2a: Dialga|Thunder Wave|p1b: Ambipom\n|-status|p1b: Ambipom|par\n|\n|-weather|Sandstorm|[upkeep]\n|-damage|p2b: Tyranitar|243/295|[from] Sandstorm\n|-damage|p1a: Vileplume|261/278|[from] Sandstorm\n|-damage|p1b: Ambipom|255/272 par|[from] Sandstorm\n|upkeep\n|turn|17\n|\n|t:|1770832282\n|switch|p2a: Regieleki|Regieleki, L79|256/256\n|move|p2b: Tyranitar|Knock Off|p1b: Ambipom\n|-damage|p1b: Ambipom|26/272 par\n|-enditem|p1b: Ambipom|Silk Scarf|[from] move: Knock Off|[of] p2b: Tyranitar\n|move|p1a: Vileplume|Stun Spore|p2b: Tyranitar\n|-status|p2b: Tyranitar|par\n|cant|p1b: Ambipom|par\n|\n|-weather|Sandstorm|[upkeep]\n|-damage|p2a: Regieleki|240/256|[from] Sandstorm\n|-damage|p1a: Vileplume|244/278|[from] Sandstorm\n|-damage|p1b: Ambipom|9/272 par|[from] Sandstorm\n|-damage|p2b: Tyranitar|225/295 par|[from] Sandstorm\n|upkeep\n|turn|18\n|inactive|Lillikoal Nation has 120 seconds left.\n|\n|t:|1770832314\n|move|p2a: Regieleki|Volt Switch|p1b: Ambipom\n|-damage|p1b: Ambipom|0 fnt\n|faint|p1b: Ambipom\n|\n|t:|1770832319\n|switch|p2a: Dialga|Dialga, L74|50/270 par|[from] Volt Switch\n|move|p1a: Vileplume|Sludge Bomb|p2a: Dialga\n|-immune|p2a: Dialga\n|move|p2b: Tyranitar|Stone Edge|p1a: Vileplume\n|-crit|p1a: Vileplume\n|-damage|p1a: Vileplume|0 fnt\n|faint|p1a: Vileplume\n|\n|-weather|Sandstorm|[upkeep]\n|-damage|p2b: Tyranitar|207/295 par|[from] Sandstorm\n|upkeep\n|\n|t:|1770832322\n|switch|p1b: Basculegion|Basculegion, L69, M|112/280 par\n|turn|19\n|-message|Lillikoal Nation forfeited.\n|\n|win|ohhimei\n|raw|Lillikoal Nation's rating: 1842 &rarr; <strong>1818</strong><br />(-24 for losing)\n|raw|ohhimei's rating: 1772 &rarr; <strong>1796</strong><br />(+24 for winning)\n|l|☆Lillikoal Nation\n|player|p1|\n", "inputlog": ">version ccdc32dd7cde25fd9e4bed64820e885f66e78a4e\n>start {\"formatid\":\"gen9randomdoublesbattle\",\"seed\":\"sodium,f2233d051c0626117c3d58607132d430\",\"rated\":\"Rated battle\"}\n>player p1 {\"name\":\"Lillikoal Nation\",\"avatar\":\"pokemonbreederf-gen4\",\"rating\":1842,\"seed\":\"sodium,070bbac8db55aa084c72e2030d6dd729\"}\n>player p2 {\"name\":\"ohhimei\",\"avatar\":\"acetrainerf\",\"rating\":1772,\"seed\":\"sodium,616c1714774ee118744585c682b5bc9a\"}\n>p1 move scald +1, switch 4\n>p2 move dragondance, move tailwind\n>p1 switch 6, move knockoff +1\n>p2 move gravapple +2, move strugglebug\n>p1 move stunspore +2, move protect\n>p2 move protect, switch 5\n>p1 move sludgebomb +1, switch 4\n>p2 move gravapple +2, move fireblast +1\n>p1 pass, switch 4\n>p2 switch 5, pass\n>p1 move strengthsap +2, move rockslide\n>p2 move encore +1, move heavyslam +2\n>p1 switch 6, switch 3\n>p2 move tailwind, move heavyslam +2\n>p1 move voltswitch +1, move flipturn +1\n>p2 move thunderwave +2, switch 4\n>p1 switch 6, pass\n>p1 move strengthsap +2, switch 3\n>p2 switch 4, move protect\n>p1 switch 3, move dragondance\n>p2 move fireblast +1, move leechseed +2\n>p1 switch 6, move knockoff +1\n>p2 move dracometeor +1, move protect\n>p1 move voltswitch +1, move knockoff +2\n>p2 move heavyslam +2, move knockoff +1\n>p1 switch 3, pass\n>p1 move strengthsap +1, move rockslide\n>p2 move heavyslam +2, move protect\n>p1 pass, switch 5\n>p1 move pollenpuff +2, move fakeout +2\n>p2 move thunderwave +2, move knockoff +2\n>p2 pass, switch 4\n>p1 move sludgebomb +2, switch 3\n>p2 move heavyslam +1, move encore +2\n>p2 pass, switch 6\n>p1 move sludgebomb +2, move scald +2\n>p2 move heavyslam +1, move voltswitch +2\n>p2 pass, switch 3\n>p1 pass, switch 3\n>p1 move strengthsap +2, move fakeout +2\n>p2 move thunderwave +2, move dragondance terastallize\n>p1 move stunspore +2, move knockoff +2\n>p2 switch 3, move knockoff +2\n>p1 move sludgebomb +1, move knockoff +2\n>p2 move voltswitch +2, move stoneedge +1\n>p2 switch 3, pass\n>p1 pass, switch 6\n>forcelose p1", "uploadtime": 1770832339, "views": 71, "formatid": "gen9randomdoublesbattle", "rating": 1796, "private": 0, "password": null}