{"id": "gen9randomdoublesbattle-2536343806", "format": "[Gen 9] Random Doubles Battle", "players": ["Dunsparceismyhomie", "corneliusbob"], "log": "|j|☆Dunsparceismyhomie\n|j|☆corneliusbob\n|t:|1770676903\n|gametype|doubles\n|player|p1|Dunsparceismyhomie|2|1719\n|player|p2|corneliusbob|101|1644\n|gen|9\n|tier|[Gen 9] Random Doubles Battle\n|rated|\n|rule|Species Clause: Limit one of each Pokémon\n|rule|HP Percentage Mod: HP is shown in percentages\n|rule|Illusion Level Mod: Illusion disguises the Pokémon's true level\n|rule|Sleep Clause Mod: Limit one foe put to sleep\n|\n|t:|1770676903\n|teamsize|p1|6\n|teamsize|p2|6\n|start\n|switch|p1a: Pyroar|Pyroar, L83, F|278/278\n|switch|p1b: Magearna|Magearna-Original, L71|231/231\n|switch|p2a: Honchkrow|Honchkrow, L85, M|309/309\n|switch|p2b: Baxcalibur|Baxcalibur, L78, F|307/307\n|-ability|p1a: Pyroar|Unnerve\n|turn|1\n|\n|t:|1770676925\n|move|p1a: Pyroar|Hyper Voice|p2b: Baxcalibur|[spread] p2a,p2b\n|-damage|p2a: Honchkrow|161/309\n|-damage|p2b: Baxcalibur|200/307\n|-damage|p1a: Pyroar|251/278|[from] item: Life Orb\n|move|p2b: Baxcalibur|High Horsepower|p1b: Magearna\n|-supereffective|p1b: Magearna\n|-damage|p1b: Magearna|0 fnt\n|faint|p1b: Magearna\n|move|p2a: Honchkrow|Heat Wave|p1a: Pyroar\n|-resisted|p1a: Pyroar\n|-crit|p1a: Pyroar\n|-damage|p1a: Pyroar|163/278\n|-damage|p2a: Honchkrow|131/309|[from] item: Life Orb\n|\n|upkeep\n|\n|t:|1770676947\n|switch|p1b: Mimikyu|Mimikyu, L82, F|224/224\n|turn|2\n|\n|t:|1770676956\n|move|p1a: Pyroar|Protect|p1a: Pyroar\n|-singleturn|p1a: Pyroar|Protect\n|move|p2a: Honchkrow|Sucker Punch||[still]\n|-fail|p2a: Honchkrow\n|move|p1b: Mimikyu|Swords Dance|p1b: Mimikyu\n|-boost|p1b: Mimikyu|atk|2\n|move|p2b: Baxcalibur|High Horsepower|p1b: Mimikyu\n|-activate|p1b: Mimikyu|ability: Disguise\n|-damage|p1b: Mimikyu|224/224\n|detailschange|p1b: Mimikyu|Mimikyu-Busted, L82, F\n|-damage|p1b: Mimikyu|196/224|[from] pokemon: Mimikyu-Busted\n|\n|upkeep\n|turn|3\n|\n|t:|1770676980\n|switch|p1a: Forretress|Forretress, L90, M|281/281\n|move|p2a: Honchkrow|Sucker Punch||[still]\n|-fail|p2a: Honchkrow\n|move|p1b: Mimikyu|Play Rough|p2a: Honchkrow\n|-supereffective|p2a: Honchkrow\n|-damage|p2a: Honchkrow|0 fnt\n|faint|p2a: Honchkrow\n|-damage|p1b: Mimikyu|174/224|[from] item: Life Orb\n|move|p2b: Baxcalibur|High Horsepower|p1b: Mimikyu\n|-damage|p1b: Mimikyu|51/224\n|\n|upkeep\n|c|☆Dunsparceismyhomie|How dumb u think i am\n|\n|t:|1770676999\n|switch|p2a: Miraidon|Miraidon, L65|238/238\n|-fieldstart|move: Electric Terrain|[from] ability: Hadron Engine|[of] p2a: Miraidon\n|turn|4\n|c|☆Dunsparceismyhomie|Wait don't answer\n|inactive|Battle timer is ON: inactive players will automatically lose when time's up. (requested by corneliusbob)\n|\n|t:|1770677028\n|move|p1b: Mimikyu|Shadow Sneak|p2a: Miraidon\n|-damage|p2a: Miraidon|112/238\n|-damage|p1b: Mimikyu|29/224|[from] item: Life Orb\n|move|p2a: Miraidon|Volt Switch|p1b: Mimikyu\n|-damage|p1b: Mimikyu|0 fnt\n|faint|p1b: Mimikyu\n|-damage|p2a: Miraidon|89/238|[from] item: Life Orb\n|inactive|corneliusbob has 120 seconds left.\n|\n|t:|1770677064\n|switch|p2a: Gliscor|Gliscor, L81, F|254/254|[from] Volt Switch\n|move|p2b: Baxcalibur|High Horsepower|p1a: Forretress\n|-damage|p1a: Forretress|200/281\n|move|p1a: Forretress|Explosion|p2b: Baxcalibur|[spread] p2a,p2b\n|-damage|p2a: Gliscor|94/254\n|-damage|p2b: Baxcalibur|0 fnt\n|faint|p1a: Forretress\n|faint|p2b: Baxcalibur\n|\n|-status|p2a: Gliscor|tox|[from] item: Toxic Orb\n|upkeep\n|\n|t:|1770677084\n|switch|p1b: Falinks|Falinks, L87|255/255\n|switch|p2b: Bruxish|Bruxish, L86, F|257/257\n|switch|p1a: Pyroar|Pyroar, L83, F|163/278\n|-ability|p1a: Pyroar|Unnerve\n|turn|5\n|\n|t:|1770677099\n|-terastallize|p1a: Pyroar|Grass\n|move|p2a: Gliscor|Protect|p2a: Gliscor\n|-singleturn|p2a: Gliscor|Protect\n|move|p1a: Pyroar|Hyper Voice|p2a: Gliscor|[spread] p2b\n|-activate|p2a: Gliscor|move: Protect\n|-damage|p2b: Bruxish|132/257\n|-damage|p1a: Pyroar|136/278|[from] item: Life Orb\n|move|p2b: Bruxish|Psychic Fangs|p1b: Falinks\n|-supereffective|p1b: Falinks\n|-damage|p1b: Falinks|0 fnt\n|faint|p1b: Falinks\n|-damage|p2b: Bruxish|107/257|[from] item: Life Orb\n|\n|-heal|p2a: Gliscor|125/254 tox|[from] ability: Poison Heal\n|upkeep\n|\n|t:|1770677111\n|switch|p1b: Raikou|Raikou, L81|278/278\n|turn|6\n|\n|t:|1770677123\n|switch|p2a: Glaceon|Glaceon, L86, F|252/252\n|move|p2b: Bruxish|Protect|p2b: Bruxish\n|-singleturn|p2b: Bruxish|Protect\n|move|p1b: Raikou|Scald|p2a: Glaceon\n|-damage|p2a: Glaceon|191/252\n|move|p1a: Pyroar|Hyper Voice|p2a: Glaceon|[spread] p2a\n|-activate|p2b: Bruxish|move: Protect\n|-damage|p2a: Glaceon|96/252\n|-damage|p1a: Pyroar|109/278|[from] item: Life Orb\n|\n|upkeep\n|turn|7\n|\n|t:|1770677153\n|move|p1b: Raikou|Thunderbolt|p2a: Glaceon\n|-damage|p2a: Glaceon|0 fnt\n|faint|p2a: Glaceon\n|move|p1a: Pyroar|Tera Blast|p2b: Bruxish|[anim] Tera Blast Grass\n|-supereffective|p2b: Bruxish\n|-damage|p2b: Bruxish|0 fnt\n|faint|p2b: Bruxish\n|-damage|p1a: Pyroar|82/278|[from] item: Life Orb\n|\n|upkeep\n|\n|t:|1770677163\n|switch|p2b: Gliscor|Gliscor, L81, F|125/254 tox\n|switch|p2a: Miraidon|Miraidon, L65|89/238\n|-activate|p2a: Miraidon|ability: Hadron Engine\n|turn|8\n|\n|t:|1770677184\n|move|p1a: Pyroar|Protect|p1a: Pyroar\n|-singleturn|p1a: Pyroar|Protect\n|move|p2a: Miraidon|Protect|p2a: Miraidon\n|-singleturn|p2a: Miraidon|Protect\n|move|p2b: Gliscor|Protect|p2b: Gliscor\n|-singleturn|p2b: Gliscor|Protect\n|move|p1b: Raikou|Scald|p2b: Gliscor\n|-activate|p2b: Gliscor|move: Protect\n|\n|-heal|p2b: Gliscor|156/254 tox|[from] ability: Poison Heal\n|-fieldend|move: Electric Terrain\n|upkeep\n|turn|9\n|\n|t:|1770677205\n|-terastallize|p2b: Gliscor|Normal\n|move|p1b: Raikou|Scald|p2b: Gliscor\n|-damage|p2b: Gliscor|84/254 tox\n|move|p1a: Pyroar|Hyper Voice|p2b: Gliscor|[spread] p2a,p2b\n|-damage|p2a: Miraidon|0 fnt\n|-damage|p2b: Gliscor|0 fnt\n|faint|p2a: Miraidon\n|faint|p2b: Gliscor\n|-damage|p1a: Pyroar|55/278|[from] item: Life Orb\n|\n|win|Dunsparceismyhomie\n|raw|Dunsparceismyhomie's rating: 1719 &rarr; <strong>1735</strong><br />(+16 for winning)\n|raw|corneliusbob's rating: 1644 &rarr; <strong>1628</strong><br />(-16 for losing)\n|c|☆Dunsparceismyhomie|Ez\n", "inputlog": ">version ccdc32dd7cde25fd9e4bed64820e885f66e78a4e\n>start {\"formatid\":\"gen9randomdoublesbattle\",\"seed\":\"sodium,5785037af8ea73f41ff3688dd8cc40d5\",\"rated\":\"Rated battle\"}\n>player p1 {\"name\":\"Dunsparceismyhomie\",\"avatar\":\"2\",\"rating\":1719,\"seed\":\"sodium,dc8150b318aaffc248e84dd34d6d49d0\"}\n>player p2 {\"name\":\"corneliusbob\",\"avatar\":\"101\",\"rating\":1644,\"seed\":\"sodium,5de69e80ee5f06366bffec1101f1f2d6\"}\n>p1 move hypervoice, move dazzlinggleam\n>p2 move heatwave, move highhorsepower +2\n>p1 pass, switch 6\n>p1 move protect, move swordsdance\n>p2 move suckerpunch +1, move highhorsepower +2\n>p1 switch 4, move playrough +1\n>p2 move suckerpunch +1, move highhorsepower +2\n>chat ☆Dunsparceismyhomie|How dumb u think i am\n>p2 switch 3, pass\n>chat ☆Dunsparceismyhomie|Wait don't answer\n>p1 move explosion, move shadowsneak +1\n>p2 move voltswitch +2, move highhorsepower +1\n>p2 switch 6, pass\n>p1 switch 4, switch 5\n>p2 pass, switch 4\n>p1 move hypervoice terastallize, move noretreat\n>p2 move protect, move psychicfangs +2\n>p1 pass, switch 3\n>p1 move hypervoice, move scald +1\n>p2 switch 5, move protect\n>p1 move terablast +2, move thunderbolt +1\n>p2 move blizzard, move psychicfangs +1\n>p2 switch 6, switch 5\n>p1 move protect, move scald +2\n>p2 move protect, move protect\n>p1 move hypervoice, move scald +2\n>p2 move dragonpulse +1, move facade +2 terastallize", "uploadtime": 1770677228, "views": 77, "formatid": "gen9randomdoublesbattle", "rating": 1628, "private": 0, "password": null}