{"id": "gen9randomdoublesbattle-2538632360", "format": "[Gen 9] Random Doubles Battle", "players": ["BladeDiamond", "cobbwilli"], "log": "|j|☆BladeDiamond\n|j|☆cobbwilli\n|t:|1770949556\n|gametype|doubles\n|player|p1|BladeDiamond|n-masters3|1678\n|player|p2|cobbwilli|265|1723\n|gen|9\n|tier|[Gen 9] Random Doubles Battle\n|rated|\n|rule|Species Clause: Limit one of each Pokémon\n|rule|HP Percentage Mod: HP is shown in percentages\n|rule|Illusion Level Mod: Illusion disguises the Pokémon's true level\n|rule|Sleep Clause Mod: Limit one foe put to sleep\n|\n|t:|1770949557\n|teamsize|p1|6\n|teamsize|p2|6\n|start\n|switch|p1a: Eternatus|Eternatus, L70|312/312\n|switch|p1b: Rotom|Rotom-Wash, L83|219/219\n|switch|p2a: Yanmega|Yanmega, L84, M|282/282\n|switch|p2b: Bellibolt|Bellibolt, L81, M|309/309\n|-ability|p1a: Eternatus|Pressure\n|turn|1\n|\n|t:|1770949612\n|move|p2a: Yanmega|Protect|p2a: Yanmega\n|-singleturn|p2a: Yanmega|Protect\n|move|p1a: Eternatus|Meteor Beam||[still]\n|-prepare|p1a: Eternatus|Meteor Beam\n|-boost|p1a: Eternatus|spa|1\n|-enditem|p1a: Eternatus|Power Herb\n|-anim|p1a: Eternatus|Meteor Beam|p2b: Bellibolt\n|-damage|p2b: Bellibolt|168/309\n|-start|p2b: Bellibolt|Charge|Meteor Beam|[from] ability: Electromorphosis\n|move|p1b: Rotom|Hydro Pump|p2b: Bellibolt\n|-damage|p2b: Bellibolt|24/309\n|-start|p2b: Bellibolt|Charge|Hydro Pump|[from] ability: Electromorphosis\n|-enditem|p2b: Bellibolt|Sitrus Berry|[eat]\n|-heal|p2b: Bellibolt|101/309|[from] item: Sitrus Berry\n|move|p2b: Bellibolt|Electroweb|p1a: Eternatus|[spread] p1a,p1b\n|-resisted|p1a: Eternatus\n|-damage|p1a: Eternatus|262/312\n|-damage|p1b: Rotom|138/219\n|-unboost|p1a: Eternatus|spe|1\n|-unboost|p1b: Rotom|spe|1\n|-end|p2b: Bellibolt|Charge|[silent]\n|\n|-ability|p2a: Yanmega|Speed Boost|boost\n|-boost|p2a: Yanmega|spe|1\n|upkeep\n|turn|2\n|\n|t:|1770949650\n|-terastallize|p2a: Yanmega|Ground\n|move|p2a: Yanmega|Tera Blast|p1a: Eternatus|[anim] Tera Blast Ground\n|-supereffective|p1a: Eternatus\n|-damage|p1a: Eternatus|0 fnt\n|faint|p1a: Eternatus\n|-damage|p2a: Yanmega|254/282|[from] item: Life Orb\n|move|p1b: Rotom|Hydro Pump|p2b: Bellibolt\n|-damage|p2b: Bellibolt|0 fnt\n|faint|p2b: Bellibolt\n|\n|-ability|p2a: Yanmega|Speed Boost|boost\n|-boost|p2a: Yanmega|spe|1\n|upkeep\n|\n|t:|1770949669\n|switch|p1a: Whimsicott|Whimsicott, L80, M|227/227\n|switch|p2b: Lilligant|Lilligant, L88, F|266/266\n|turn|3\n|\n|t:|1770949683\n|move|p2a: Yanmega|Protect|p2a: Yanmega\n|-singleturn|p2a: Yanmega|Protect\n|move|p1a: Whimsicott|Encore|p2a: Yanmega\n|-activate|p2a: Yanmega|move: Protect\n|move|p2b: Lilligant|Quiver Dance|p2b: Lilligant\n|-boost|p2b: Lilligant|spa|1\n|-boost|p2b: Lilligant|spd|1\n|-boost|p2b: Lilligant|spe|1\n|move|p1b: Rotom|Hydro Pump|p2a: Yanmega\n|-activate|p2a: Yanmega|move: Protect\n|\n|-ability|p2a: Yanmega|Speed Boost|boost\n|-boost|p2a: Yanmega|spe|1\n|upkeep\n|turn|4\n|\n|t:|1770949714\n|switch|p2a: Vaporeon|Vaporeon, L84, F|356/356\n|move|p1a: Whimsicott|Encore|p2b: Lilligant\n|-start|p2b: Lilligant|Encore\n|move|p2b: Lilligant|Quiver Dance|p2b: Lilligant\n|-boost|p2b: Lilligant|spa|1\n|-boost|p2b: Lilligant|spd|1\n|-boost|p2b: Lilligant|spe|1\n|move|p1b: Rotom|Hydro Pump|p2a: Vaporeon\n|-immune|p2a: Vaporeon|[from] ability: Water Absorb\n|\n|upkeep\n|turn|5\n|\n|t:|1770949788\n|move|p1a: Whimsicott|Taunt|p2b: Lilligant\n|-start|p2b: Lilligant|move: Taunt\n|cant|p2b: Lilligant|move: Taunt|Quiver Dance\n|move|p2a: Vaporeon|Yawn|p1a: Whimsicott\n|-start|p1a: Whimsicott|move: Yawn|[of] p2a: Vaporeon\n|move|p1b: Rotom|Thunderbolt|p2a: Vaporeon\n|-supereffective|p2a: Vaporeon\n|-damage|p2a: Vaporeon|170/356\n|\n|-heal|p2a: Vaporeon|192/356|[from] item: Leftovers\n|upkeep\n|turn|6\n|\n|t:|1770949813\n|switch|p1a: Chimecho|Chimecho, L94, F|293/293\n|move|p2a: Vaporeon|Protect|p2a: Vaporeon\n|-singleturn|p2a: Vaporeon|Protect\n|-activate|p2b: Lilligant|move: Struggle\n|move|p2b: Lilligant|Struggle|p1a: Chimecho\n|-damage|p1a: Chimecho|270/293\n|-damage|p2b: Lilligant|199/266|[from] recoil\n|-damage|p2b: Lilligant|173/266|[from] item: Life Orb\n|move|p1b: Rotom|Electroweb|p2a: Vaporeon|[spread] \n|-activate|p2a: Vaporeon|move: Protect\n|-miss|p1b: Rotom|p2b: Lilligant\n|\n|-heal|p2a: Vaporeon|214/356|[from] item: Leftovers\n|-end|p2b: Lilligant|Encore\n|upkeep\n|turn|7\n|\n|t:|1770949835\n|switch|p1b: Whimsicott|Whimsicott, L80, M|227/227\n|move|p2b: Lilligant|Energy Ball|p1b: Whimsicott\n|-resisted|p1b: Whimsicott\n|-damage|p1b: Whimsicott|53/227\n|-unboost|p1b: Whimsicott|spd|1\n|-enditem|p1b: Whimsicott|Sitrus Berry|[eat]\n|-heal|p1b: Whimsicott|109/227|[from] item: Sitrus Berry\n|-damage|p2b: Lilligant|147/266|[from] item: Life Orb\n|move|p1a: Chimecho|Thunder Wave|p2b: Lilligant\n|-status|p2b: Lilligant|par\n|move|p2a: Vaporeon|Scald|p1a: Chimecho\n|-damage|p1a: Chimecho|194/293\n|-status|p1a: Chimecho|brn\n|\n|-heal|p2a: Vaporeon|236/356|[from] item: Leftovers\n|-damage|p1a: Chimecho|176/293 brn|[from] brn\n|-end|p2b: Lilligant|move: Taunt\n|upkeep\n|turn|8\n|\n|t:|1770949915\n|switch|p2a: Yanmega|Yanmega, L84, M, tera:Ground|254/282\n|move|p1b: Whimsicott|Taunt|p2a: Yanmega\n|-start|p2a: Yanmega|move: Taunt\n|cant|p2b: Lilligant|par\n|move|p1a: Chimecho|Heal Pulse|p1b: Whimsicott\n|-heal|p1b: Whimsicott|223/227\n|\n|-damage|p1a: Chimecho|158/293 brn|[from] brn\n|upkeep\n|turn|9\n|\n|t:|1770949933\n|move|p1b: Whimsicott|Tailwind|p1b: Whimsicott\n|-sidestart|p1: BladeDiamond|move: Tailwind\n|move|p1a: Chimecho|Psychic|p2a: Yanmega\n|-damage|p2a: Yanmega|95/282\n|move|p2b: Lilligant|Energy Ball|p1a: Chimecho\n|-damage|p1a: Chimecho|0 fnt\n|faint|p1a: Chimecho\n|-damage|p2b: Lilligant|121/266 par|[from] item: Life Orb\n|move|p2a: Yanmega|Air Slash|p1b: Whimsicott\n|-supereffective|p1b: Whimsicott\n|-damage|p1b: Whimsicott|0 fnt\n|faint|p1b: Whimsicott\n|-damage|p2a: Yanmega|67/282|[from] item: Life Orb\n|\n|-ability|p2a: Yanmega|Speed Boost|boost\n|-boost|p2a: Yanmega|spe|1\n|upkeep\n|\n|t:|1770949943\n|switch|p1b: Iron Boulder|Iron Boulder, L77|265/265\n|switch|p1a: Dugtrio|Dugtrio, L91, F|212/212\n|-enditem|p1b: Iron Boulder|Booster Energy\n|-activate|p1b: Iron Boulder|ability: Quark Drive|[fromitem]\n|-start|p1b: Iron Boulder|quarkdrivespe\n|turn|10\n|\n|t:|1770949964\n|move|p1b: Iron Boulder|Mighty Cleave|p2b: Lilligant\n|-crit|p2b: Lilligant\n|-damage|p2b: Lilligant|0 fnt\n|faint|p2b: Lilligant\n|move|p1a: Dugtrio|Stomping Tantrum|p2a: Yanmega\n|-damage|p2a: Yanmega|0 fnt\n|faint|p2a: Yanmega\n|-damage|p1a: Dugtrio|191/212|[from] item: Life Orb\n|\n|upkeep\n|\n|t:|1770949977\n|switch|p2b: Samurott|Samurott-Hisui, L83, M|285/285\n|switch|p2a: Vaporeon|Vaporeon, L84, F|236/356\n|turn|11\n|\n|t:|1770949995\n|switch|p1a: Rotom|Rotom-Wash, L83|138/219\n|-terastallize|p1b: Iron Boulder|Fighting\n|move|p1b: Iron Boulder|Close Combat|p2b: Samurott\n|-supereffective|p2b: Samurott\n|-damage|p2b: Samurott|7/285\n|-unboost|p1b: Iron Boulder|def|1\n|-unboost|p1b: Iron Boulder|spd|1\n|move|p2b: Samurott|Ceaseless Edge|p1b: Iron Boulder|[miss]\n|-miss|p2b: Samurott|p1b: Iron Boulder\n|move|p2a: Vaporeon|Scald|p1a: Rotom\n|-resisted|p1a: Rotom\n|-damage|p1a: Rotom|98/219\n|-enditem|p1a: Rotom|Sitrus Berry|[eat]\n|-heal|p1a: Rotom|152/219|[from] item: Sitrus Berry\n|\n|-heal|p2a: Vaporeon|258/356|[from] item: Leftovers\n|upkeep\n|turn|12\n|\n|t:|1770950016\n|move|p1b: Iron Boulder|Protect|p1b: Iron Boulder\n|-singleturn|p1b: Iron Boulder|Protect\n|move|p2b: Samurott|Protect|p2b: Samurott\n|-singleturn|p2b: Samurott|Protect\n|move|p2a: Vaporeon|Protect|p2a: Vaporeon\n|-singleturn|p2a: Vaporeon|Protect\n|move|p1a: Rotom|Electroweb|p2a: Vaporeon|[spread] \n|-activate|p2a: Vaporeon|move: Protect\n|-activate|p2b: Samurott|move: Protect\n|\n|-heal|p2a: Vaporeon|280/356|[from] item: Leftovers\n|-sideend|p1: BladeDiamond|move: Tailwind\n|upkeep\n|turn|13\n|\n|t:|1770950037\n|-end|p1b: Iron Boulder|Quark Drive|[silent]\n|switch|p1b: Dugtrio|Dugtrio, L91, F|191/212\n|move|p2b: Samurott|Sucker Punch|p1a: Rotom\n|-damage|p1a: Rotom|69/219\n|-damage|p2b: Samurott|0 fnt|[from] item: Life Orb\n|faint|p2b: Samurott\n|move|p1a: Rotom|Electroweb|p2a: Vaporeon\n|-supereffective|p2a: Vaporeon\n|-damage|p2a: Vaporeon|158/356\n|-unboost|p2a: Vaporeon|spe|1\n|move|p2a: Vaporeon|Scald|p1b: Dugtrio\n|-supereffective|p1b: Dugtrio\n|-damage|p1b: Dugtrio|0 fnt\n|faint|p1b: Dugtrio\n|\n|-heal|p2a: Vaporeon|180/356|[from] item: Leftovers\n|upkeep\n|\n|t:|1770950055\n|switch|p1b: Iron Boulder|Iron Boulder, L77, tera:Fighting|265/265\n|switch|p2b: Ceruledge|Ceruledge, L80, F|251/251\n|turn|14\n|\n|t:|1770950082\n|move|p1b: Iron Boulder|Mighty Cleave|p2a: Vaporeon\n|-damage|p2a: Vaporeon|44/356\n|move|p1a: Rotom|Thunderbolt|p2a: Vaporeon\n|-supereffective|p2a: Vaporeon\n|-damage|p2a: Vaporeon|0 fnt\n|faint|p2a: Vaporeon\n|move|p2b: Ceruledge|Swords Dance|p2b: Ceruledge\n|-boost|p2b: Ceruledge|atk|2\n|\n|upkeep\n|turn|15\n|\n|t:|1770950094\n|move|p1b: Iron Boulder|Protect|p1b: Iron Boulder\n|-singleturn|p1b: Iron Boulder|Protect\n|move|p1a: Rotom|Hydro Pump|p2b: Ceruledge\n|-supereffective|p2b: Ceruledge\n|-damage|p2b: Ceruledge|11/251\n|move|p2b: Ceruledge|Bitter Blade|p1b: Iron Boulder\n|-activate|p1b: Iron Boulder|move: Protect\n|\n|upkeep\n|turn|16\n|inactive|Battle timer is ON: inactive players will automatically lose when time's up. (requested by cobbwilli)\n|\n|t:|1770950101\n|move|p1b: Iron Boulder|Mighty Cleave|p2b: Ceruledge\n|-supereffective|p2b: Ceruledge\n|-damage|p2b: Ceruledge|0 fnt\n|faint|p2b: Ceruledge\n|\n|win|BladeDiamond\n|raw|BladeDiamond's rating: 1678 &rarr; <strong>1701</strong><br />(+23 for winning)\n|raw|cobbwilli's rating: 1723 &rarr; <strong>1700</strong><br />(-23 for losing)\n|l|☆cobbwilli\n|player|p2|\n", "inputlog": ">version ccdc32dd7cde25fd9e4bed64820e885f66e78a4e\n>start {\"formatid\":\"gen9randomdoublesbattle\",\"seed\":\"sodium,58a69c53754f5020a933415a37bbfdfc\",\"rated\":\"Rated battle\"}\n>player p1 {\"name\":\"BladeDiamond\",\"avatar\":\"n-masters3\",\"rating\":1678,\"seed\":\"sodium,cb61bb6da084f1177d068dadc37f02bb\"}\n>player p2 {\"name\":\"cobbwilli\",\"avatar\":\"265\",\"rating\":1723,\"seed\":\"sodium,40d1ea8a0b8d0371b6b9760d3fa6a9ee\"}\n>p1 move meteorbeam +2, move hydropump +2\n>p2 move protect, move electroweb\n>p1 move fireblast +1, move hydropump +2\n>p2 move terablast +1 terastallize, move thunderbolt +2\n>p1 switch 6, pass\n>p2 pass, switch 6\n>p1 move encore +1, move hydropump +1\n>p2 move protect, move quiverdance\n>p1 move encore +2, move hydropump +1\n>p2 switch 4, move energyball +2\n>p1 move taunt +2, move thunderbolt +1\n>p2 move yawn +1, move quiverdance\n>p1 switch 5, move electroweb\n>p2 move protect, move struggle\n>p1 move thunderwave +2, switch 5\n>p2 move scald +1, move energyball +2\n>p1 move healpulse -2, move taunt +1\n>p2 switch 4, move energyball +2\n>p1 move psychic +1, move tailwind\n>p2 move airslash +2, move energyball +1\n>p1 switch 3, switch 4\n>p1 move stompingtantrum +1, move mightycleave +2\n>p2 move terablast +2, move energyball +2\n>p2 switch 4, switch 3\n>p1 switch 5, move closecombat +2 terastallize\n>p2 move scald +1, move ceaselessedge +2\n>p1 move electroweb, move protect\n>p2 move protect, move protect\n>p1 move electroweb, switch 5\n>p2 move scald +2, move suckerpunch +1\n>p1 pass, switch 5\n>p2 pass, switch 5\n>p1 move thunderbolt +1, move mightycleave +1\n>p2 move yawn +1, move swordsdance\n>p1 move hydropump +2, move protect\n>p2 pass, move bitterblade +2\n>p1 move thunderbolt +2, move mightycleave +2\n>p2 pass, move bitterblade +2", "uploadtime": 1770950108, "views": 68, "formatid": "gen9randomdoublesbattle", "rating": 1700, "private": 0, "password": null}