{"id": "gen9randomdoublesbattle-2537262271", "format": "[Gen 9] Random Doubles Battle", "players": ["VlackMamba", "baseballlover"], "log": "|j|☆VlackMamba\n|j|☆baseballlover\n|t:|1770786793\n|gametype|doubles\n|player|p1|VlackMamba|unknownf|1581\n|player|p2|baseballlover|266|1635\n|gen|9\n|tier|[Gen 9] Random Doubles Battle\n|rated|\n|rule|Species Clause: Limit one of each Pokémon\n|rule|HP Percentage Mod: HP is shown in percentages\n|rule|Illusion Level Mod: Illusion disguises the Pokémon's true level\n|rule|Sleep Clause Mod: Limit one foe put to sleep\n|\n|t:|1770786793\n|teamsize|p1|6\n|teamsize|p2|6\n|start\n|switch|p1a: Lurantis|Lurantis, L85, F|258/258\n|switch|p1b: Okidogi|Okidogi, L78, M|265/265\n|switch|p2a: Dodrio|Dodrio, L85, F|241/241\n|switch|p2b: Palossand|Palossand, L90, M|299/299\n|turn|1\n|inactive|Battle timer is ON: inactive players will automatically lose when time's up. (requested by baseballlover)\n|inactive|VlackMamba has 120 seconds left.\n|inactive|baseballlover has 120 seconds left.\n|\n|t:|1770786847\n|move|p2a: Dodrio|Brave Bird|p1a: Lurantis\n|-supereffective|p1a: Lurantis\n|-damage|p1a: Lurantis|0 fnt\n|faint|p1a: Lurantis\n|-damage|p2a: Dodrio|156/241|[from] Recoil\n|-damage|p2a: Dodrio|132/241|[from] item: Life Orb\n|move|p1b: Okidogi|Gunk Shot|p2a: Dodrio\n|-damage|p2a: Dodrio|0 fnt\n|faint|p2a: Dodrio\n|move|p2b: Palossand|Earth Power|p1b: Okidogi\n|-supereffective|p1b: Okidogi\n|-damage|p1b: Okidogi|25/265\n|-enditem|p1b: Okidogi|Sitrus Berry|[eat]\n|-heal|p1b: Okidogi|91/265|[from] item: Sitrus Berry\n|\n|upkeep\n|\n|t:|1770786862\n|switch|p2a: Vikavolt|Vikavolt, L84, M|267/267\n|switch|p1a: Hoopa|Hoopa-Unbound, L80|259/259\n|turn|2\n|\n|t:|1770786883\n|switch|p1b: Lumineon|Lumineon, L92, F|276/276\n|move|p1a: Hoopa|Hyperspace Fury|p2b: Palossand\n|-supereffective|p2b: Palossand\n|-damage|p2b: Palossand|65/299\n|-unboost|p1a: Hoopa|def|1\n|move|p2a: Vikavolt|Sticky Web|p1a: Hoopa\n|-sidestart|p1: VlackMamba|move: Sticky Web\n|move|p2b: Palossand|Earth Power|p1b: Lumineon\n|-damage|p1b: Lumineon|162/276\n|\n|-heal|p2b: Palossand|83/299|[from] item: Leftovers\n|upkeep\n|turn|3\n|\n|t:|1770786896\n|move|p2b: Palossand|Protect|p2b: Palossand\n|-singleturn|p2b: Palossand|Protect\n|move|p1b: Lumineon|Encore|p2a: Vikavolt\n|-start|p2a: Vikavolt|Encore\n|move|p1a: Hoopa|Hyperspace Fury|p2b: Palossand\n|-activate|p2b: Palossand|move: Hyperspace Fury|[broken]\n|-supereffective|p2b: Palossand\n|-damage|p2b: Palossand|0 fnt\n|-unboost|p1a: Hoopa|def|1\n|faint|p2b: Palossand\n|move|p2a: Vikavolt|Sticky Web||[still]\n|-fail|p2a: Vikavolt\n|\n|upkeep\n|\n|t:|1770786908\n|switch|p2b: Haxorus|Haxorus, L84, M|265/265\n|-ability|p2b: Haxorus|Unnerve\n|turn|4\n|inactive|VlackMamba has 120 seconds left.\n|\n|t:|1770786951\n|switch|p2a: Hariyama|Hariyama, L85, F|384/384\n|move|p2b: Haxorus|First Impression|p1a: Hoopa\n|-supereffective|p1a: Hoopa\n|-damage|p1a: Hoopa|0 fnt\n|faint|p1a: Hoopa\n|-damage|p2b: Haxorus|239/265|[from] item: Life Orb\n|move|p1b: Lumineon|Icy Wind|p2b: Haxorus|[spread] p2a,p2b\n|-supereffective|p2b: Haxorus\n|-damage|p2a: Hariyama|348/384\n|-damage|p2b: Haxorus|177/265\n|-unboost|p2a: Hariyama|spe|1\n|-unboost|p2b: Haxorus|spe|1\n|\n|-status|p2a: Hariyama|brn|[from] item: Flame Orb\n|upkeep\n|\n|t:|1770786964\n|switch|p1a: Smeargle|Smeargle, M|272/272\n|-activate|p1a: Smeargle|move: Sticky Web\n|-unboost|p1a: Smeargle|spe|1\n|turn|5\n|inactive|VlackMamba has 120 seconds left.\n|inactive|VlackMamba has 90 seconds left.\n|\n|t:|1770787022\n|move|p2a: Hariyama|Fake Out|p1a: Smeargle\n|-damage|p1a: Smeargle|192/272\n|move|p1b: Lumineon|Hydro Pump|p2a: Hariyama\n|-damage|p2a: Hariyama|212/384 brn\n|move|p2b: Haxorus|Close Combat|p1a: Smeargle\n|-supereffective|p1a: Smeargle\n|-damage|p1a: Smeargle|0 fnt\n|-unboost|p2b: Haxorus|def|1\n|-unboost|p2b: Haxorus|spd|1\n|faint|p1a: Smeargle\n|-damage|p2b: Haxorus|151/265|[from] item: Life Orb\n|\n|-damage|p2a: Hariyama|188/384 brn|[from] brn\n|upkeep\n|\n|t:|1770787028\n|switch|p1a: Okidogi|Okidogi, L78, M|91/265\n|-activate|p1a: Okidogi|move: Sticky Web\n|-unboost|p1a: Okidogi|spe|1\n|turn|6\n|inactive|VlackMamba has 90 seconds left.\n|inactive|baseballlover has 120 seconds left.\n|\n|t:|1770787067\n|switch|p2b: Espathra|Espathra, L83, M|293/293\n|move|p1b: Lumineon|Icy Wind|p2a: Hariyama|[spread] p2a,p2b\n|-damage|p2a: Hariyama|155/384 brn\n|-damage|p2b: Espathra|260/293\n|-unboost|p2a: Hariyama|spe|1\n|-unboost|p2b: Espathra|spe|1\n|move|p1a: Okidogi|Drain Punch|p2b: Espathra\n|-resisted|p2b: Espathra\n|-damage|p2b: Espathra|200/293\n|-heal|p1a: Okidogi|121/265|[from] drain|[of] p2b: Espathra\n|move|p2a: Hariyama|Facade|p1b: Lumineon\n|-damage|p1b: Lumineon|0 fnt\n|faint|p1b: Lumineon\n|\n|-damage|p2a: Hariyama|131/384 brn|[from] brn\n|upkeep\n|\n|t:|1770787075\n|switch|p1b: Reuniclus|Reuniclus, L84, M|322/322\n|-activate|p1b: Reuniclus|move: Sticky Web\n|-unboost|p1b: Reuniclus|spe|1\n|turn|7\n|\n|t:|1770787096\n|switch|p2b: Vikavolt|Vikavolt, L84, M|267/267\n|move|p1a: Okidogi|Drain Punch|p2a: Hariyama\n|-damage|p2a: Hariyama|25/384 brn\n|-heal|p1a: Okidogi|174/265|[from] drain|[of] p2a: Hariyama\n|move|p2a: Hariyama|Facade|p1b: Reuniclus\n|-damage|p1b: Reuniclus|132/322\n|move|p1b: Reuniclus|Trick Room|p1b: Reuniclus\n|-fieldstart|move: Trick Room|[of] p1b: Reuniclus\n|\n|-damage|p2a: Hariyama|1/384 brn|[from] brn\n|upkeep\n|turn|8\n|inactive|VlackMamba has 120 seconds left.\n|\n|t:|1770787125\n|move|p1b: Reuniclus|Protect|p1b: Reuniclus\n|-singleturn|p1b: Reuniclus|Protect\n|move|p2a: Hariyama|Facade|p1a: Okidogi\n|-damage|p1a: Okidogi|27/265\n|move|p1a: Okidogi|Knock Off|p2b: Vikavolt\n|-damage|p2b: Vikavolt|199/267\n|-enditem|p2b: Vikavolt|Sitrus Berry|[from] move: Knock Off|[of] p1a: Okidogi\n|move|p2b: Vikavolt|Bug Buzz|p1b: Reuniclus\n|-activate|p1b: Reuniclus|move: Protect\n|\n|-damage|p2a: Hariyama|0 fnt|[from] brn\n|faint|p2a: Hariyama\n|upkeep\n|\n|t:|1770787130\n|switch|p2a: Haxorus|Haxorus, L84, M|151/265\n|-ability|p2a: Haxorus|Unnerve\n|turn|9\n|inactive|VlackMamba has 120 seconds left.\n|\n|t:|1770787143\n|move|p2a: Haxorus|First Impression|p1a: Okidogi\n|-resisted|p1a: Okidogi\n|-damage|p1a: Okidogi|2/265\n|-damage|p2a: Haxorus|125/265|[from] item: Life Orb\n|move|p1b: Reuniclus|Psychic|p2b: Vikavolt\n|-damage|p2b: Vikavolt|42/267\n|move|p1a: Okidogi|Drain Punch|p2b: Vikavolt\n|-resisted|p2b: Vikavolt\n|-damage|p2b: Vikavolt|0 fnt\n|-heal|p1a: Okidogi|23/265|[from] drain|[of] p2b: Vikavolt\n|faint|p2b: Vikavolt\n|\n|upkeep\n|\n|t:|1770787155\n|switch|p2b: Espathra|Espathra, L83, M|200/293\n|turn|10\n|\n|t:|1770787166\n|move|p2a: Haxorus|Protect|p2a: Haxorus\n|-singleturn|p2a: Haxorus|Protect\n|move|p2b: Espathra|Protect|p2b: Espathra\n|-singleturn|p2b: Espathra|Protect\n|move|p1b: Reuniclus|Psychic|p2a: Haxorus\n|-activate|p2a: Haxorus|move: Protect\n|move|p1a: Okidogi|Knock Off|p2b: Espathra\n|-activate|p2b: Espathra|move: Protect\n|\n|-ability|p2b: Espathra|Speed Boost|boost\n|-boost|p2b: Espathra|spe|1\n|upkeep\n|turn|11\n|inactive|baseballlover has 120 seconds left.\n|\n|t:|1770787221\n|-terastallize|p1a: Okidogi|Dark\n|-terastallize|p2b: Espathra|Fairy\n|move|p2a: Haxorus|Protect||[still]\n|-fail|p2a: Haxorus\n|move|p1b: Reuniclus|Psychic|p2a: Haxorus\n|-damage|p2a: Haxorus|0 fnt\n|faint|p2a: Haxorus\n|move|p1a: Okidogi|Knock Off|p2b: Espathra\n|-resisted|p2b: Espathra\n|-damage|p2b: Espathra|125/293\n|-enditem|p2b: Espathra|Life Orb|[from] move: Knock Off|[of] p1a: Okidogi\n|move|p2b: Espathra|Dazzling Gleam|p1b: Reuniclus|[spread] p1a,p1b\n|-supereffective|p1a: Okidogi\n|-damage|p1a: Okidogi|0 fnt\n|-damage|p1b: Reuniclus|60/322\n|faint|p1a: Okidogi\n|\n|-fieldend|move: Trick Room\n|-ability|p2b: Espathra|Speed Boost|boost\n|-boost|p2b: Espathra|spe|1\n|upkeep\n|turn|12\n|\n|t:|1770787241\n|move|p2b: Espathra|Dazzling Gleam|p1b: Reuniclus\n|-damage|p1b: Reuniclus|0 fnt\n|faint|p1b: Reuniclus\n|\n|win|baseballlover\n|raw|VlackMamba's rating: 1581 &rarr; <strong>1564</strong><br />(-17 for losing)\n|raw|baseballlover's rating: 1635 &rarr; <strong>1652</strong><br />(+17 for winning)\n", "inputlog": ">version ccdc32dd7cde25fd9e4bed64820e885f66e78a4e\n>start {\"formatid\":\"gen9randomdoublesbattle\",\"seed\":\"sodium,81931a92f751b1f2e256187135722a31\",\"rated\":\"Rated battle\"}\n>player p1 {\"name\":\"VlackMamba\",\"avatar\":\"unknownf\",\"rating\":1581,\"seed\":\"sodium,1244c55e105259405bb1e197e7f03708\"}\n>player p2 {\"name\":\"baseballlover\",\"avatar\":\"266\",\"rating\":1635,\"seed\":\"sodium,b12e71a0e299401f5e5fd764c98c6282\"}\n>p1 move leafstorm +2, move gunkshot +1\n>p2 move bravebird +1, move earthpower +2\n>p1 switch 4, pass\n>p2 switch 5, pass\n>p1 move hyperspacefury +2, switch 6\n>p2 move stickyweb, move earthpower +2\n>p1 move hyperspacefury +2, move encore +1\n>p2 move bugbuzz +1, move protect\n>p2 pass, switch 6\n>p1 move psychic +2, move icywind\n>p2 switch 4, move firstimpression +1\n>p1 switch 5, pass\n>p1 move noretreat, move hydropump +1\n>p2 move fakeout +1, move closecombat +1\n>p1 switch 6, pass\n>p1 move drainpunch +2, move icywind\n>p2 move facade +2, switch 3\n>p1 pass, switch 3\n>p1 move drainpunch +1, move trickroom\n>p2 move facade +2, switch 4\n>p1 move knockoff +2, move protect\n>p2 move facade +1, move bugbuzz +2\n>p2 switch 3, pass\n>p1 move drainpunch +2, move psychic +2\n>p2 move firstimpression +1, move bugbuzz +2\n>p2 pass, switch 4\n>p1 move knockoff +2, move psychic +1\n>p2 move protect, move protect\n>p1 move knockoff +2 terastallize, move psychic +1\n>p2 move protect, move dazzlinggleam terastallize\n>p1 pass, move psychic +2\n>p2 pass, move dazzlinggleam", "uploadtime": 1770787241, "views": 65, "formatid": "gen9randomdoublesbattle", "rating": 1564, "private": 0, "password": null}