{"id": "gen9randomdoublesbattle-2537845587", "format": "[Gen 9] Random Doubles Battle", "players": ["Dunsparceismyhomie", "acroboyx"], "log": "|j|☆Dunsparceismyhomie\n|j|☆acroboyx\n|t:|1770854553\n|gametype|doubles\n|player|p1|Dunsparceismyhomie|170|1739\n|player|p2|acroboyx|janitor|1715\n|gen|9\n|tier|[Gen 9] Random Doubles Battle\n|rated|\n|rule|Species Clause: Limit one of each Pokémon\n|rule|HP Percentage Mod: HP is shown in percentages\n|rule|Illusion Level Mod: Illusion disguises the Pokémon's true level\n|rule|Sleep Clause Mod: Limit one foe put to sleep\n|\n|t:|1770854553\n|teamsize|p1|6\n|teamsize|p2|6\n|start\n|switch|p1a: Solgaleo|Solgaleo, L74|325/325\n|switch|p1b: Braviary|Braviary-Hisui, L84, M|322/322\n|switch|p2a: Vespiquen|Vespiquen, F|302/302\n|switch|p2b: Hoopa|Hoopa-Unbound, L80|259/259\n|-ability|p2a: Vespiquen|Unnerve\n|turn|1\n|inactive|Battle timer is ON: inactive players will automatically lose when time's up. (requested by acroboyx)\n|\n|t:|1770854593\n|switch|p1b: Yanmega|Yanmega, L84, F|282/282\n|move|p1a: Solgaleo|Flame Charge|p2a: Vespiquen\n|-supereffective|p2a: Vespiquen\n|-damage|p2a: Vespiquen|246/302\n|-boost|p1a: Solgaleo|spe|1\n|move|p2b: Hoopa|Hyperspace Fury|p1b: Yanmega\n|-damage|p1b: Yanmega|56/282\n|-unboost|p2b: Hoopa|def|1\n|move|p2a: Vespiquen|Pollen Puff|p1a: Solgaleo\n|-damage|p1a: Solgaleo|195/325\n|\n|-heal|p2a: Vespiquen|264/302|[from] item: Leftovers\n|upkeep\n|turn|2\n|inactive|Dunsparceismyhomie has 120 seconds left.\n|\n|t:|1770854624\n|switch|p2b: Tornadus|Tornadus-Therian, L77, M|248/248\n|move|p1a: Solgaleo|Sunsteel Strike|p2b: Tornadus\n|-damage|p2b: Tornadus|122/248\n|move|p1b: Yanmega|Bug Buzz|p2b: Tornadus\n|-resisted|p2b: Tornadus\n|-damage|p2b: Tornadus|0 fnt\n|faint|p2b: Tornadus\n|move|p2a: Vespiquen|Pollen Puff|p1b: Yanmega\n|-resisted|p1b: Yanmega\n|-damage|p1b: Yanmega|0 fnt\n|faint|p1b: Yanmega\n|\n|-heal|p2a: Vespiquen|282/302|[from] item: Leftovers\n|upkeep\n|inactive|Dunsparceismyhomie has 120 seconds left.\n|inactive|acroboyx has 120 seconds left.\n|\n|t:|1770854644\n|switch|p2b: Vikavolt|Vikavolt, L84, F|267/267\n|switch|p1b: Torkoal|Torkoal, L86, F|261/261\n|-weather|SunnyDay|[from] ability: Drought|[of] p1b: Torkoal\n|turn|3\n|inactive|Dunsparceismyhomie has 120 seconds left.\n|\n|t:|1770854664\n|move|p1a: Solgaleo|Sunsteel Strike|p2a: Vespiquen\n|-damage|p2a: Vespiquen|198/302\n|move|p2a: Vespiquen|Pollen Puff|p1a: Solgaleo\n|-damage|p1a: Solgaleo|59/325\n|move|p2b: Vikavolt|Sticky Web|p1a: Solgaleo\n|-sidestart|p1: Dunsparceismyhomie|move: Sticky Web\n|move|p1b: Torkoal|Fire Blast|p2a: Vespiquen\n|-supereffective|p2a: Vespiquen\n|-crit|p2a: Vespiquen\n|-damage|p2a: Vespiquen|0 fnt\n|faint|p2a: Vespiquen\n|\n|-weather|SunnyDay|[upkeep]\n|upkeep\n|inactive|acroboyx has 120 seconds left.\n|\n|t:|1770854687\n|switch|p2a: Mismagius|Mismagius, L88, F|249/249\n|turn|4\n|inactive|acroboyx has 120 seconds left.\n|\n|t:|1770854702\n|move|p2b: Vikavolt|Protect|p2b: Vikavolt\n|-singleturn|p2b: Vikavolt|Protect\n|move|p1a: Solgaleo|Sunsteel Strike|p2a: Mismagius\n|-damage|p2a: Mismagius|122/249\n|move|p2a: Mismagius|Mystical Fire|p1b: Torkoal\n|-resisted|p1b: Torkoal\n|-damage|p1b: Torkoal|196/261\n|-unboost|p1b: Torkoal|spa|1\n|-damage|p2a: Mismagius|98/249|[from] item: Life Orb\n|move|p1b: Torkoal|Fire Blast|p2a: Mismagius\n|-damage|p2a: Mismagius|8/249\n|\n|-weather|SunnyDay|[upkeep]\n|upkeep\n|turn|5\n|\n|t:|1770854719\n|move|p1a: Solgaleo|Sunsteel Strike|p2a: Mismagius\n|-damage|p2a: Mismagius|0 fnt\n|faint|p2a: Mismagius\n|move|p2b: Vikavolt|Bug Buzz|p1a: Solgaleo\n|-damage|p1a: Solgaleo|0 fnt\n|faint|p1a: Solgaleo\n|move|p1b: Torkoal|Fire Blast|p2b: Vikavolt\n|-supereffective|p2b: Vikavolt\n|-damage|p2b: Vikavolt|3/267\n|-enditem|p2b: Vikavolt|Sitrus Berry|[eat]\n|-heal|p2b: Vikavolt|69/267|[from] item: Sitrus Berry\n|\n|-weather|SunnyDay|[upkeep]\n|upkeep\n|\n|t:|1770854732\n|switch|p2a: Hoopa|Hoopa-Unbound, L80|259/259\n|switch|p1a: Braviary|Braviary-Hisui, L84, M|322/322\n|turn|6\n|\n|t:|1770854745\n|move|p2a: Hoopa|Hyperspace Fury|p1a: Braviary\n|-supereffective|p1a: Braviary\n|-damage|p1a: Braviary|0 fnt\n|-unboost|p2a: Hoopa|def|1\n|faint|p1a: Braviary\n|move|p2b: Vikavolt|Thunderbolt|p1b: Torkoal\n|-damage|p1b: Torkoal|42/261\n|-enditem|p1b: Torkoal|Sitrus Berry|[eat]\n|-heal|p1b: Torkoal|107/261|[from] item: Sitrus Berry\n|move|p1b: Torkoal|Body Press|p2a: Hoopa\n|-damage|p2a: Hoopa|95/259\n|\n|-weather|SunnyDay|[upkeep]\n|upkeep\n|\n|t:|1770854749\n|switch|p1a: Rotom|Rotom, L90|236/236\n|turn|7\n|\n|t:|1770854762\n|move|p1a: Rotom|Shadow Ball|p2b: Vikavolt\n|-damage|p2b: Vikavolt|0 fnt\n|faint|p2b: Vikavolt\n|-damage|p1a: Rotom|213/236|[from] item: Life Orb\n|move|p2a: Hoopa|Hyperspace Fury|p1a: Rotom\n|-supereffective|p1a: Rotom\n|-damage|p1a: Rotom|0 fnt\n|-unboost|p2a: Hoopa|def|1\n|faint|p1a: Rotom\n|move|p1b: Torkoal|Body Press|p2a: Hoopa\n|-crit|p2a: Hoopa\n|-damage|p2a: Hoopa|0 fnt\n|faint|p2a: Hoopa\n|\n|-weather|none\n|upkeep\n|\n|t:|1770854771\n|switch|p1a: Lurantis|Lurantis, L85, F|258/258\n|switch|p2a: Bruxish|Bruxish, L86, M|257/257\n|-activate|p1a: Lurantis|move: Sticky Web\n|-boost|p1a: Lurantis|spe|1\n|turn|8\n|c|☆Dunsparceismyhomie|Gggggggggggs\n|c|☆Dunsparceismyhomie|Polka dot fish not saving you\n|\n|t:|1770854800\n|-terastallize|p2a: Bruxish|Dark\n|-terastallize|p1b: Torkoal|Grass\n|move|p2a: Bruxish|Crunch|p1b: Torkoal\n|-damage|p1b: Torkoal|11/261\n|move|p1a: Lurantis|Leaf Storm|p2a: Bruxish\n|-damage|p2a: Bruxish|110/257\n|-boost|p1a: Lurantis|spa|2\n|move|p1b: Torkoal|Will-O-Wisp|p2a: Bruxish\n|-status|p2a: Bruxish|brn\n|\n|-damage|p2a: Bruxish|94/257 brn|[from] brn\n|upkeep\n|turn|9\n|l|☆acroboyx\n|inactive|acroboyx disconnected and has a minute to reconnect!\n|player|p2|\n|c|☆Dunsparceismyhomie|Loser\n|j|☆acroboyx\n|inactive|acroboyx reconnected and has 120 seconds left.\n|player|p2|acroboyx|janitor|\n|-message|acroboyx forfeited.\n|\n|win|Dunsparceismyhomie\n|raw|Dunsparceismyhomie's rating: 1739 &rarr; <strong>1758</strong><br />(+19 for winning)\n|raw|acroboyx's rating: 1715 &rarr; <strong>1696</strong><br />(-19 for losing)\n|l|☆acroboyx\n|player|p2|\n", "inputlog": ">version ccdc32dd7cde25fd9e4bed64820e885f66e78a4e\n>start {\"formatid\":\"gen9randomdoublesbattle\",\"seed\":\"sodium,63a96ce2aa4a3d970f0fb2012c7fc9c5\",\"rated\":\"Rated battle\"}\n>player p1 {\"name\":\"Dunsparceismyhomie\",\"avatar\":\"170\",\"rating\":1739,\"seed\":\"sodium,7136c7609770c5fcaad2082ea3d2f742\"}\n>player p2 {\"name\":\"acroboyx\",\"avatar\":\"janitor\",\"rating\":1715,\"seed\":\"sodium,1d52a3e2bfdd358e3f8756b8b333f13f\"}\n>p1 move flamecharge +1, switch 5\n>p2 move pollenpuff +1, move hyperspacefury +2\n>p1 move sunsteelstrike +2, move bugbuzz +2\n>p2 move pollenpuff +2, switch 4\n>p1 pass, switch 4\n>p2 pass, switch 5\n>p1 move sunsteelstrike +1, move fireblast +1\n>p2 move pollenpuff +1, move stickyweb\n>p2 switch 6, pass\n>p1 move sunsteelstrike +1, move fireblast +1\n>p2 move mysticalfire +2, move protect\n>p1 move sunsteelstrike +1, move fireblast +2\n>p2 move mysticalfire +2, move bugbuzz +1\n>p1 switch 5, pass\n>p2 switch 4, pass\n>p1 move esperwing +2, move bodypress +1\n>p2 move hyperspacefury +1, move thunderbolt +1\n>p1 switch 3, pass\n>p1 move shadowball +2, move bodypress +1\n>p2 move hyperspacefury +1, move thunderbolt +2\n>p1 switch 6, pass\n>p2 switch 3, pass\n>chat ☆Dunsparceismyhomie|Gggggggggggs\n>chat ☆Dunsparceismyhomie|Polka dot fish not saving you\n>p1 move leafstorm +1, move willowisp +1 terastallize\n>p2 move crunch +2 terastallize, pass\n>chat ☆Dunsparceismyhomie|Loser\n>forcelose p2", "uploadtime": 1770854850, "views": 85, "formatid": "gen9randomdoublesbattle", "rating": 1696, "private": 0, "password": null}