{"id": "gen9randomdoublesbattle-2540423786", "format": "[Gen 9] Random Doubles Battle", "players": ["gingerlike", "bocchicamp"], "log": "|j|☆gingerlike\n|j|☆bocchicamp\n|t:|1771200270\n|gametype|doubles\n|player|p1|gingerlike|102|1747\n|player|p2|bocchicamp|picnicker|1835\n|gen|9\n|tier|[Gen 9] Random Doubles Battle\n|rated|\n|rule|Species Clause: Limit one of each Pokémon\n|rule|HP Percentage Mod: HP is shown in percentages\n|rule|Illusion Level Mod: Illusion disguises the Pokémon's true level\n|rule|Sleep Clause Mod: Limit one foe put to sleep\n|\n|t:|1771200270\n|teamsize|p1|6\n|teamsize|p2|6\n|start\n|switch|p1a: Vikavolt|Vikavolt, L84, F|267/267\n|switch|p1b: Lanturn|Lanturn, L87, M|359/359\n|switch|p2a: Clefable|Clefable, L87, M|307/307\n|switch|p2b: Mudsdale|Mudsdale, L84, M|305/305\n|turn|1\n|inactive|Battle timer is ON: inactive players will automatically lose when time's up. (requested by gingerlike)\n|inactive|gingerlike has 120 seconds left.\n|inactive|gingerlike has 90 seconds left.\n|\n|t:|1771200333\n|move|p1b: Lanturn|Protect|p1b: Lanturn\n|-singleturn|p1b: Lanturn|Protect\n|move|p2a: Clefable|Icy Wind|p1a: Vikavolt|[spread] p1a\n|-activate|p1b: Lanturn|move: Protect\n|-damage|p1a: Vikavolt|236/267\n|-unboost|p1a: Vikavolt|spe|1\n|move|p2b: Mudsdale|High Horsepower|p1b: Lanturn\n|-activate|p1b: Lanturn|move: Protect\n|move|p1a: Vikavolt|Sticky Web|p2a: Clefable\n|-sidestart|p2: bocchicamp|move: Sticky Web\n|\n|upkeep\n|turn|2\n|inactive|gingerlike has 120 seconds left.\n|\n|t:|1771200375\n|move|p1b: Lanturn|Scald|p2b: Mudsdale\n|-supereffective|p2b: Mudsdale\n|-damage|p2b: Mudsdale|209/305\n|-ability|p2b: Mudsdale|Stamina|boost\n|-boost|p2b: Mudsdale|def|1\n|move|p2a: Clefable|Icy Wind|p1b: Lanturn|[spread] p1a,p1b\n|-resisted|p1b: Lanturn\n|-damage|p1a: Vikavolt|200/267\n|-damage|p1b: Lanturn|343/359\n|-unboost|p1a: Vikavolt|spe|1\n|-unboost|p1b: Lanturn|spe|1\n|move|p2b: Mudsdale|Stone Edge|p1a: Vikavolt|[miss]\n|-miss|p2b: Mudsdale|p1a: Vikavolt\n|move|p1a: Vikavolt|Bug Buzz|p2b: Mudsdale\n|-damage|p2b: Mudsdale|115/305\n|-ability|p2b: Mudsdale|Stamina|boost\n|-boost|p2b: Mudsdale|def|1\n|\n|upkeep\n|turn|3\n|inactive|gingerlike has 120 seconds left.\n|inactive|gingerlike has 90 seconds left.\n|\n|t:|1771200450\n|move|p2a: Clefable|Icy Wind|p1b: Lanturn|[spread] p1a,p1b\n|-resisted|p1b: Lanturn\n|-damage|p1a: Vikavolt|164/267\n|-damage|p1b: Lanturn|325/359\n|-unboost|p1a: Vikavolt|spe|1\n|-unboost|p1b: Lanturn|spe|1\n|move|p2b: Mudsdale|Stone Edge|p1a: Vikavolt\n|-supereffective|p1a: Vikavolt\n|-damage|p1a: Vikavolt|4/267\n|-enditem|p1a: Vikavolt|Sitrus Berry|[eat]\n|-heal|p1a: Vikavolt|70/267|[from] item: Sitrus Berry\n|move|p1b: Lanturn|Scald|p2b: Mudsdale\n|-supereffective|p2b: Mudsdale\n|-crit|p2b: Mudsdale\n|-damage|p2b: Mudsdale|0 fnt\n|faint|p2b: Mudsdale\n|move|p1a: Vikavolt|Bug Buzz|p2a: Clefable\n|-resisted|p2a: Clefable\n|-damage|p2a: Clefable|247/307\n|-unboost|p2a: Clefable|spd|1\n|\n|upkeep\n|inactive|bocchicamp has 120 seconds left.\n|\n|t:|1771200479\n|switch|p2b: Gyarados|Gyarados, L80, F|283/283\n|-ability|p2b: Gyarados|Intimidate|boost\n|-unboost|p1a: Vikavolt|atk|1\n|-unboost|p1b: Lanturn|atk|1\n|turn|4\n|inactive|gingerlike has 90 seconds left.\n|\n|t:|1771200501\n|move|p2b: Gyarados|Temper Flare|p1a: Vikavolt\n|-supereffective|p1a: Vikavolt\n|-damage|p1a: Vikavolt|0 fnt\n|faint|p1a: Vikavolt\n|move|p2a: Clefable|Moonblast|p1b: Lanturn\n|-damage|p1b: Lanturn|217/359\n|move|p1b: Lanturn|Electroweb|p2b: Gyarados|[spread] p2a,p2b\n|-supereffective|p2b: Gyarados\n|-damage|p2a: Clefable|189/307\n|-damage|p2b: Gyarados|135/283\n|-unboost|p2a: Clefable|spe|1\n|\n|upkeep\n|inactive|gingerlike has 60 seconds left.\n|\n|t:|1771200543\n|switch|p1a: Lunala|Lunala, L71|312/312\n|turn|5\n|inactive|gingerlike has 60 seconds left.\n|\n|t:|1771200572\n|move|p1a: Lunala|Moongeist Beam|p2b: Gyarados\n|-damage|p2b: Gyarados|32/283\n|move|p2b: Gyarados|Earthquake|p1b: Lanturn|[spread] p2a,p1a,p1b\n|-supereffective|p1b: Lanturn\n|-damage|p2a: Clefable|120/307\n|-damage|p1a: Lunala|280/312\n|-damage|p1b: Lanturn|55/359\n|-enditem|p2a: Clefable|Sitrus Berry|[eat]\n|-heal|p2a: Clefable|196/307|[from] item: Sitrus Berry\n|-enditem|p1b: Lanturn|Sitrus Berry|[eat]\n|-heal|p1b: Lanturn|144/359|[from] item: Sitrus Berry\n|move|p2a: Clefable|Icy Wind|p1a: Lunala|[spread] p1a,p1b\n|-resisted|p1b: Lanturn\n|-damage|p1a: Lunala|251/312\n|-damage|p1b: Lanturn|127/359\n|-unboost|p1a: Lunala|spe|1\n|-unboost|p1b: Lanturn|spe|1\n|move|p1b: Lanturn|Electroweb|p2a: Clefable|[spread] p2a,p2b\n|-supereffective|p2b: Gyarados\n|-damage|p2a: Clefable|138/307\n|-damage|p2b: Gyarados|0 fnt\n|-unboost|p2a: Clefable|spe|1\n|faint|p2b: Gyarados\n|\n|upkeep\n|inactive|bocchicamp has 120 seconds left.\n|\n|t:|1771200612\n|switch|p2b: Thundurus|Thundurus, L79, M|254/254\n|turn|6\n|inactive|gingerlike has 60 seconds left.\n|inactive|bocchicamp has 120 seconds left.\n|\n|t:|1771200636\n|move|p2b: Thundurus|Nasty Plot|p2b: Thundurus\n|-boost|p2b: Thundurus|spa|2\n|move|p1a: Lunala|Icy Wind|p2a: Clefable|[spread] p2a,p2b\n|-supereffective|p2b: Thundurus\n|-damage|p2a: Clefable|98/307\n|-damage|p2b: Thundurus|192/254\n|-unboost|p2a: Clefable|spe|1\n|-unboost|p2b: Thundurus|spe|1\n|-ability|p2b: Thundurus|Defiant|boost\n|-boost|p2b: Thundurus|atk|2\n|move|p1b: Lanturn|Electroweb|p2b: Thundurus|[spread] p2a,p2b\n|-damage|p2a: Clefable|44/307\n|-damage|p2b: Thundurus|149/254\n|-unboost|p2a: Clefable|spe|1\n|-unboost|p2b: Thundurus|spe|1\n|-ability|p2b: Thundurus|Defiant|boost\n|-boost|p2b: Thundurus|atk|2\n|move|p2a: Clefable|Knock Off|p1a: Lunala\n|-supereffective|p1a: Lunala\n|-damage|p1a: Lunala|0 fnt\n|-enditem|p1a: Lunala|Sitrus Berry|[from] move: Knock Off|[of] p2a: Clefable\n|faint|p1a: Lunala\n|\n|upkeep\n|\n|t:|1771200652\n|switch|p1a: Iron Boulder|Iron Boulder, L77|265/265\n|-enditem|p1a: Iron Boulder|Booster Energy\n|-activate|p1a: Iron Boulder|ability: Quark Drive|[fromitem]\n|-start|p1a: Iron Boulder|quarkdrivespe\n|turn|7\n|\n|t:|1771200674\n|move|p1a: Iron Boulder|Mighty Cleave|p2b: Thundurus\n|-supereffective|p2b: Thundurus\n|-damage|p2b: Thundurus|0 fnt\n|faint|p2b: Thundurus\n|move|p1b: Lanturn|Scald|p2a: Clefable\n|-damage|p2a: Clefable|0 fnt\n|faint|p2a: Clefable\n|\n|upkeep\n|-message|bocchicamp forfeited.\n|\n|win|gingerlike\n|raw|gingerlike's rating: 1747 &rarr; <strong>1772</strong><br />(+25 for winning)\n|raw|bocchicamp's rating: 1835 &rarr; <strong>1810</strong><br />(-25 for losing)\n", "inputlog": ">version 686819e5e19f8a7fd2345cfc5a08a5085efa2cc3\n>start {\"formatid\":\"gen9randomdoublesbattle\",\"seed\":\"sodium,b4fe5e88a7b7584561bd96036fb53be5\",\"rated\":\"Rated battle\"}\n>player p1 {\"name\":\"gingerlike\",\"avatar\":\"102\",\"rating\":1747,\"seed\":\"sodium,f7769f9497afd13b3caeb62e72c795dc\"}\n>player p2 {\"name\":\"bocchicamp\",\"avatar\":\"picnicker\",\"rating\":1835,\"seed\":\"sodium,361e5a4e7799422296a194c132f6c6e0\"}\n>p1 move stickyweb, move protect\n>p2 move icywind, move highhorsepower +2\n>p1 move bugbuzz +2, move scald +2\n>p2 move icywind, move stoneedge +1\n>p1 move bugbuzz +2, move scald +2\n>p2 move icywind, move stoneedge +1\n>p2 pass, switch 5\n>p1 move thunderbolt +2, move electroweb\n>p2 move moonblast +2, move temperflare +1\n>p1 switch 3, pass\n>p1 move moongeistbeam +2, move electroweb\n>p2 move icywind, move earthquake\n>p2 pass, switch 3\n>p1 move icywind, move electroweb\n>p2 move knockoff +1, move nastyplot\n>p1 switch 5, pass\n>p1 move mightycleave +2, move scald +1\n>p2 move icywind, move terablast +2\n>forcelose p2", "uploadtime": 1771200678, "views": 42, "formatid": "gen9randomdoublesbattle", "rating": 1772, "private": 0, "password": null}