{"id": "gen9randomdoublesbattle-2540642236", "format": "[Gen 9] Random Doubles Battle", "players": ["Pachuaya", "kalsonofjor"], "log": "|j|☆Pachuaya\n|j|☆kalsonofjor\n|t:|1771232743\n|gametype|doubles\n|player|p1|Pachuaya|blue|1894\n|player|p2|kalsonofjor|265|1855\n|gen|9\n|tier|[Gen 9] Random Doubles Battle\n|rated|\n|rule|Species Clause: Limit one of each Pokémon\n|rule|HP Percentage Mod: HP is shown in percentages\n|rule|Illusion Level Mod: Illusion disguises the Pokémon's true level\n|rule|Sleep Clause Mod: Limit one foe put to sleep\n|\n|t:|1771232743\n|teamsize|p1|6\n|teamsize|p2|6\n|start\n|switch|p1a: Armarouge|Armarouge, L80, F|267/267\n|switch|p1b: Garchomp|Garchomp, L77, M|293/293\n|switch|p2a: Carbink|Carbink, L88|231/231\n|switch|p2b: Salazzle|Salazzle, L86, F|257/257\n|turn|1\n|inactive|Battle timer is ON: inactive players will automatically lose when time's up. (requested by Pachuaya)\n|\n|t:|1771232784\n|switch|p2b: Walking Wake|Walking Wake, L78|283/283\n|move|p1b: Garchomp|Swords Dance|p1b: Garchomp\n|-boost|p1b: Garchomp|atk|2\n|move|p1a: Armarouge|Psychic|p2b: Walking Wake\n|-damage|p2b: Walking Wake|90/283\n|move|p2a: Carbink|Moonblast|p1b: Garchomp\n|-supereffective|p1b: Garchomp\n|-damage|p1b: Garchomp|143/293\n|\n|upkeep\n|turn|2\n|\n|t:|1771232810\n|move|p1b: Garchomp|Protect|p1b: Garchomp\n|-singleturn|p1b: Garchomp|Protect\n|move|p2b: Walking Wake|Hydro Pump|p1a: Armarouge\n|-supereffective|p1a: Armarouge\n|-damage|p1a: Armarouge|0 fnt\n|faint|p1a: Armarouge\n|-damage|p2b: Walking Wake|62/283|[from] item: Life Orb\n|move|p2a: Carbink|Moonblast|p1b: Garchomp\n|-activate|p1b: Garchomp|move: Protect\n|\n|upkeep\n|\n|t:|1771232819\n|switch|p1a: Roaring Moon|Roaring Moon, L76|285/285\n|-enditem|p1a: Roaring Moon|Booster Energy\n|-activate|p1a: Roaring Moon|ability: Protosynthesis|[fromitem]\n|-start|p1a: Roaring Moon|protosynthesisatk\n|turn|3\n|\n|t:|1771232836\n|-terastallize|p1a: Roaring Moon|Flying\n|-terastallize|p2a: Carbink|Fighting\n|move|p2b: Walking Wake|Protect|p2b: Walking Wake\n|-singleturn|p2b: Walking Wake|Protect\n|move|p1a: Roaring Moon|Acrobatics|p2b: Walking Wake\n|-activate|p2b: Walking Wake|move: Protect\n|move|p1b: Garchomp|Earthquake|p2a: Carbink|[spread] p2a\n|-activate|p2b: Walking Wake|move: Protect\n|-immune|p1a: Roaring Moon\n|-damage|p2a: Carbink|126/231\n|move|p2a: Carbink|Trick Room|p2a: Carbink\n|-fieldstart|move: Trick Room|[of] p2a: Carbink\n|\n|-heal|p2a: Carbink|140/231|[from] item: Leftovers\n|upkeep\n|turn|4\n|\n|t:|1771232864\n|-end|p1a: Roaring Moon|Protosynthesis|[silent]\n|switch|p1a: Donphan|Donphan, L87, F|298/298\n|move|p2a: Carbink|Moonblast|p1b: Garchomp\n|-supereffective|p1b: Garchomp\n|-crit|p1b: Garchomp\n|-damage|p1b: Garchomp|0 fnt\n|faint|p1b: Garchomp\n|move|p2b: Walking Wake|Draco Meteor|p1a: Donphan\n|-damage|p1a: Donphan|145/298\n|-unboost|p2b: Walking Wake|spa|2\n|-damage|p2b: Walking Wake|34/283|[from] item: Life Orb\n|\n|-heal|p2a: Carbink|154/231|[from] item: Leftovers\n|upkeep\n|\n|t:|1771232881\n|switch|p1b: Grafaiai|Grafaiai, L88, F|254/254\n|turn|5\n|\n|t:|1771232891\n|move|p1a: Donphan|Ice Shard|p2b: Walking Wake\n|-damage|p2b: Walking Wake|0 fnt\n|faint|p2b: Walking Wake\n|-end|p2b: Walking Wake|Protosynthesis|[silent]\n|move|p2a: Carbink|Iron Defense|p2a: Carbink\n|-boost|p2a: Carbink|def|2\n|move|p1b: Grafaiai|Knock Off|p2a: Carbink\n|-resisted|p2a: Carbink\n|-damage|p2a: Carbink|142/231\n|-enditem|p2a: Carbink|Leftovers|[from] move: Knock Off|[of] p1b: Grafaiai\n|\n|upkeep\n|\n|t:|1771232906\n|switch|p2b: Grumpig|Grumpig, L91, M|293/293\n|turn|6\n|\n|t:|1771232930\n|move|p2a: Carbink|Body Press|p1a: Donphan\n|-damage|p1a: Donphan|0 fnt\n|faint|p1a: Donphan\n|move|p2b: Grumpig|Psychic|p1b: Grafaiai\n|-supereffective|p1b: Grafaiai\n|-damage|p1b: Grafaiai|49/254\n|-unboost|p1b: Grafaiai|spd|1\n|-damage|p2b: Grumpig|264/293|[from] item: Life Orb\n|move|p1b: Grafaiai|Gunk Shot|p2b: Grumpig|[miss]\n|-miss|p1b: Grafaiai|p2b: Grumpig\n|\n|upkeep\n|l|☆Pachuaya\n|inactive|Pachuaya disconnected and has a minute to reconnect!\n|player|p1|\n|j|☆Pachuaya\n|inactive|Pachuaya reconnected and has 120 seconds left.\n|player|p1|Pachuaya|blue|\n|\n|t:|1771232962\n|switch|p1a: Glalie|Glalie, L94, F|303/303\n|turn|7\n|-message|Pachuaya forfeited.\n|\n|win|kalsonofjor\n|raw|Pachuaya's rating: 1894 &rarr; <strong>1872</strong><br />(-22 for losing)\n|raw|kalsonofjor's rating: 1855 &rarr; <strong>1877</strong><br />(+22 for winning)\n|l|☆Pachuaya\n|player|p1|\n", "inputlog": ">version 686819e5e19f8a7fd2345cfc5a08a5085efa2cc3\n>start {\"formatid\":\"gen9randomdoublesbattle\",\"seed\":\"sodium,49f9c83981be3a4f7c2a585929f02c61\",\"rated\":\"Rated battle\"}\n>player p1 {\"name\":\"Pachuaya\",\"avatar\":\"blue\",\"rating\":1894,\"seed\":\"sodium,ef8f6c4e8c882adba9be27c0281fcd0c\"}\n>player p2 {\"name\":\"kalsonofjor\",\"avatar\":\"265\",\"rating\":1855,\"seed\":\"sodium,20876373211e3dd6bf4f70bbc3996739\"}\n>p1 move psychic +2, move swordsdance\n>p2 move moonblast +2, switch 3\n>p1 move psychic +2, move protect\n>p2 move moonblast +2, move hydropump +1\n>p1 switch 3, pass\n>p1 move acrobatics +2 terastallize, move earthquake\n>p2 move trickroom terastallize, move protect\n>p1 switch 5, move earthquake\n>p2 move moonblast +2, move dracometeor +1\n>p1 pass, switch 6\n>p1 move iceshard +2, move knockoff +1\n>p2 move irondefense, move hydropump +1\n>p2 pass, switch 6\n>p1 move highhorsepower +2, move gunkshot +2\n>p2 move bodypress +1, move psychic +2\n>p1 switch 4, pass\n>forcelose p1", "uploadtime": 1771232978, "views": 24, "formatid": "gen9randomdoublesbattle", "rating": 1872, "private": 0, "password": null}