{"id": "gen9randomdoublesbattle-2536348958", "format": "[Gen 9] Random Doubles Battle", "players": ["improvguy", "arhum47"], "log": "|j|☆improvguy\n|j|☆arhum47\n|t:|1770677459\n|gametype|doubles\n|player|p1|improvguy|cameraman|1826\n|player|p2|arhum47|hilbert|1774\n|gen|9\n|tier|[Gen 9] Random Doubles Battle\n|rated|\n|rule|Species Clause: Limit one of each Pokémon\n|rule|HP Percentage Mod: HP is shown in percentages\n|rule|Illusion Level Mod: Illusion disguises the Pokémon's true level\n|rule|Sleep Clause Mod: Limit one foe put to sleep\n|\n|t:|1770677459\n|teamsize|p1|6\n|teamsize|p2|6\n|start\n|switch|p1a: Reuniclus|Reuniclus, L84, F|322/322\n|switch|p1b: Iron Crown|Iron Crown, L78|268/268\n|switch|p2a: Minun|Minun, L91, F|257/257\n|switch|p2b: Skarmory|Skarmory, L85, F|249/249\n|turn|1\n|inactive|Battle timer is ON: inactive players will automatically lose when time's up. (requested by arhum47)\n|inactive|arhum47 has 120 seconds left.\n|\n|t:|1770677499\n|-end|p1b: Iron Crown|Quark Drive|[silent]\n|switch|p1b: Eelektross|Eelektross, L86, M|286/286\n|switch|p2b: Giratina|Giratina, L76|353/353\n|-ability|p2b: Giratina|Pressure\n|move|p2a: Minun|Nuzzle|p1b: Eelektross\n|-resisted|p1b: Eelektross\n|-damage|p1b: Eelektross|279/286\n|move|p1a: Reuniclus|Trick Room|p1a: Reuniclus\n|-fieldstart|move: Trick Room|[of] p1a: Reuniclus\n|\n|upkeep\n|turn|2\n|\n|t:|1770677513\n|move|p1a: Reuniclus|Shadow Ball|p2b: Giratina\n|-supereffective|p2b: Giratina\n|-damage|p2b: Giratina|210/353\n|-unboost|p2b: Giratina|spd|1\n|move|p1b: Eelektross|Knock Off|p2b: Giratina\n|-supereffective|p2b: Giratina\n|-damage|p2b: Giratina|64/353\n|-enditem|p2b: Giratina|Leftovers|[from] move: Knock Off|[of] p1b: Eelektross\n|move|p2b: Giratina|Calm Mind|p2b: Giratina\n|-boost|p2b: Giratina|spa|1\n|-boost|p2b: Giratina|spd|1\n|move|p2a: Minun|Super Fang|p1b: Eelektross\n|-damage|p1b: Eelektross|140/286\n|\n|upkeep\n|turn|3\n|\n|t:|1770677543\n|move|p2b: Giratina|Protect|p2b: Giratina\n|-singleturn|p2b: Giratina|Protect\n|move|p1a: Reuniclus|Shadow Ball|p2b: Giratina\n|-activate|p2b: Giratina|move: Protect\n|move|p1b: Eelektross|Knock Off|p2a: Minun\n|-crit|p2a: Minun\n|-damage|p2a: Minun|91/257\n|-enditem|p2a: Minun|Sitrus Berry|[from] move: Knock Off|[of] p1b: Eelektross\n|move|p2a: Minun|Super Fang|p1a: Reuniclus\n|-damage|p1a: Reuniclus|161/322\n|\n|upkeep\n|turn|4\n|inactive|arhum47 has 120 seconds left.\n|\n|t:|1770677588\n|move|p1a: Reuniclus|Psychic|p2a: Minun\n|-damage|p2a: Minun|0 fnt\n|faint|p2a: Minun\n|move|p1b: Eelektross|Knock Off|p2b: Giratina\n|-supereffective|p2b: Giratina\n|-damage|p2b: Giratina|0 fnt\n|faint|p2b: Giratina\n|\n|upkeep\n|\n|t:|1770677597\n|switch|p2b: Passimian|Passimian, L82, M|298/298\n|switch|p2a: Quagsire|Quagsire, L91, M|321/321\n|turn|5\n|inactive|arhum47 has 120 seconds left.\n|\n|t:|1770677608\n|-terastallize|p2b: Passimian|Dark\n|move|p1a: Reuniclus|Psychic|p2b: Passimian\n|-immune|p2b: Passimian\n|move|p2a: Quagsire|Liquidation|p1a: Reuniclus\n|-damage|p1a: Reuniclus|46/322\n|move|p1b: Eelektross|Giga Drain|p2a: Quagsire\n|-supereffective|p2a: Quagsire\n|-damage|p2a: Quagsire|69/321\n|-heal|p1b: Eelektross|266/286|[from] drain|[of] p2a: Quagsire\n|-enditem|p2a: Quagsire|Sitrus Berry|[eat]\n|-heal|p2a: Quagsire|149/321|[from] item: Sitrus Berry\n|move|p2b: Passimian|Knock Off|p1b: Eelektross\n|-damage|p1b: Eelektross|137/286\n|-enditem|p1b: Eelektross|Assault Vest|[from] move: Knock Off|[of] p2b: Passimian\n|\n|-fieldend|move: Trick Room\n|upkeep\n|turn|6\n|\n|t:|1770677632\n|move|p2b: Passimian|Knock Off|p1b: Eelektross\n|-damage|p1b: Eelektross|61/286\n|move|p1b: Eelektross|Giga Drain|p2a: Quagsire\n|-supereffective|p2a: Quagsire\n|-damage|p2a: Quagsire|0 fnt\n|-heal|p1b: Eelektross|136/286|[from] drain|[of] p2a: Quagsire\n|faint|p2a: Quagsire\n|move|p1a: Reuniclus|Trick Room|p1a: Reuniclus\n|-fieldstart|move: Trick Room|[of] p1a: Reuniclus\n|\n|upkeep\n|-message|arhum47 forfeited.\n|\n|win|improvguy\n|raw|improvguy's rating: 1826 &rarr; <strong>1843</strong><br />(+17 for winning)\n|raw|arhum47's rating: 1774 &rarr; <strong>1757</strong><br />(-17 for losing)\n|l|☆arhum47\n|player|p2|\n", "inputlog": ">version ccdc32dd7cde25fd9e4bed64820e885f66e78a4e\n>start {\"formatid\":\"gen9randomdoublesbattle\",\"seed\":\"sodium,632f77171b7e3fcf087d99273feec216\",\"rated\":\"Rated battle\"}\n>player p1 {\"name\":\"improvguy\",\"avatar\":\"cameraman\",\"rating\":1826,\"seed\":\"sodium,53f9391fe7a4063e2f84a5789b1a0bec\"}\n>player p2 {\"name\":\"arhum47\",\"avatar\":\"hilbert\",\"rating\":1774,\"seed\":\"sodium,bafaad373eb87a5009e5b37b80be2275\"}\n>p1 move trickroom, switch 3\n>p2 move nuzzle +2, switch 3\n>p1 move shadowball +2, move knockoff +2\n>p2 move superfang +2, move calmmind\n>p1 move shadowball +2, move knockoff +1\n>p2 move superfang +1, move protect\n>p1 move psychic +1, move knockoff +2\n>p2 move nuzzle +2, move shadowball +1\n>p2 switch 6, switch 5\n>p1 move psychic +2, move gigadrain +1\n>p2 move liquidation +1, move knockoff +2 terastallize\n>p1 move trickroom, move gigadrain +1\n>p2 move liquidation +1, move knockoff +2\n>forcelose p2", "uploadtime": 1770677706, "views": 71, "formatid": "gen9randomdoublesbattle", "rating": 1757, "private": 0, "password": null}