{"id": "gen9randomdoublesbattle-2539532576", "format": "[Gen 9] Random Doubles Battle", "players": ["pixel_dragon9", "himmy_bhai"], "log": "|j|☆pixel_dragon9\n|j|☆himmy_bhai\n|t:|1771076921\n|gametype|doubles\n|player|p1|pixel_dragon9|266|1713\n|player|p2|himmy_bhai|hilbert|1675\n|gen|9\n|tier|[Gen 9] Random Doubles Battle\n|rated|\n|rule|Species Clause: Limit one of each Pokémon\n|rule|HP Percentage Mod: HP is shown in percentages\n|rule|Illusion Level Mod: Illusion disguises the Pokémon's true level\n|rule|Sleep Clause Mod: Limit one foe put to sleep\n|\n|t:|1771076921\n|teamsize|p1|6\n|teamsize|p2|6\n|start\n|switch|p1a: Perrserker|Perrserker, L88, M|266/266\n|switch|p1b: Sceptile|Sceptile, L88, F|266/266\n|switch|p2a: Fezandipiti|Fezandipiti, L81, M|275/275\n|switch|p2b: Jumpluff|Jumpluff, L92, M|287/287\n|turn|1\n|inactive|Battle timer is ON: inactive players will automatically lose when time's up. (requested by pixel_dragon9)\n|inactive|himmy_bhai also wants the timer to be on.\n|\n|t:|1771076950\n|switch|p1b: Persian|Persian-Alola, L88, F|258/258\n|switch|p2a: Mightyena|Mightyena, L95, F|287/287\n|-ability|p2a: Mightyena|Intimidate|boost\n|-unboost|p1a: Perrserker|atk|1\n|-unboost|p1b: Persian|atk|1\n|move|p2b: Jumpluff|Tailwind|p2b: Jumpluff\n|-sidestart|p2: himmy_bhai|move: Tailwind\n|move|p1a: Perrserker|Iron Head|p2a: Mightyena\n|-damage|p2a: Mightyena|149/287\n|\n|upkeep\n|turn|2\n|\n|t:|1771076970\n|switch|p1a: Amoonguss|Amoonguss, L86, M|336/336\n|move|p2b: Jumpluff|Sleep Powder|p1a: Amoonguss\n|-immune|p1a: Amoonguss\n|move|p2a: Mightyena|Play Rough|p1b: Persian\n|-supereffective|p1b: Persian\n|-damage|p1b: Persian|138/258\n|-damage|p2a: Mightyena|121/287|[from] item: Life Orb\n|move|p1b: Persian|Icy Wind|p2a: Mightyena|[spread] p2a,p2b\n|-supereffective|p2b: Jumpluff\n|-damage|p2a: Mightyena|90/287\n|-damage|p2b: Jumpluff|203/287\n|-unboost|p2a: Mightyena|spe|1\n|-unboost|p2b: Jumpluff|spe|1\n|\n|upkeep\n|turn|3\n|\n|t:|1771076988\n|move|p1a: Amoonguss|Rage Powder|p1a: Amoonguss\n|-singleturn|p1a: Amoonguss|move: Rage Powder\n|move|p2b: Jumpluff|Acrobatics|p1b: Persian\n|-damage|p1b: Persian|75/258\n|-enditem|p1b: Persian|Sitrus Berry|[eat]\n|-heal|p1b: Persian|139/258|[from] item: Sitrus Berry\n|move|p1b: Persian|Icy Wind|p2b: Jumpluff|[spread] p2a\n|-miss|p1b: Persian|p2b: Jumpluff\n|-damage|p2a: Mightyena|61/287\n|-unboost|p2a: Mightyena|spe|1\n|move|p2a: Mightyena|Play Rough|p1a: Amoonguss|[miss]\n|-miss|p2a: Mightyena|p1a: Amoonguss\n|\n|upkeep\n|turn|4\n|\n|t:|1771077005\n|switch|p2b: Fezandipiti|Fezandipiti, L81, M|275/275\n|switch|p2a: Sudowoodo|Sudowoodo, L94, M|284/284\n|move|p1a: Amoonguss|Rage Powder|p1a: Amoonguss\n|-singleturn|p1a: Amoonguss|move: Rage Powder\n|move|p1b: Persian|Icy Wind|p2a: Sudowoodo|[spread] p2a,p2b\n|-damage|p2a: Sudowoodo|256/284\n|-damage|p2b: Fezandipiti|261/275\n|-unboost|p2a: Sudowoodo|spe|1\n|-unboost|p2b: Fezandipiti|spe|1\n|\n|-sideend|p2: himmy_bhai|move: Tailwind\n|upkeep\n|turn|5\n|inactive|pixel_dragon9 has 120 seconds left.\n|\n|t:|1771077040\n|switch|p1b: Perrserker|Perrserker, L88, M|266/266\n|move|p2b: Fezandipiti|Icy Wind|p1b: Perrserker|[spread] p1a,p1b\n|-supereffective|p1a: Amoonguss\n|-resisted|p1b: Perrserker\n|-damage|p1a: Amoonguss|290/336\n|-damage|p1b: Perrserker|253/266\n|-unboost|p1a: Amoonguss|spe|1\n|-unboost|p1b: Perrserker|spe|1\n|move|p2a: Sudowoodo|Head Smash|p1a: Amoonguss\n|-damage|p1a: Amoonguss|0 fnt\n|-damage|p2a: Sudowoodo|209/284|[from] item: Rocky Helmet|[of] p1a: Amoonguss\n|faint|p1a: Amoonguss\n|-damage|p2a: Sudowoodo|181/284|[from] item: Life Orb\n|\n|upkeep\n|\n|t:|1771077053\n|switch|p1a: Cinccino|Cinccino, L85, F|266/266\n|turn|6\n|\n|t:|1771077062\n|switch|p2a: Mightyena|Mightyena, L95, F|61/287\n|-ability|p2a: Mightyena|Intimidate|boost\n|-unboost|p1a: Cinccino|atk|1\n|-unboost|p1b: Perrserker|atk|1\n|move|p1a: Cinccino|Bullet Seed|p2a: Mightyena\n|-damage|p2a: Mightyena|43/287\n|-crit|p2a: Mightyena\n|-damage|p2a: Mightyena|4/287\n|-damage|p2a: Mightyena|0 fnt\n|faint|p2a: Mightyena\n|-hitcount|p2: Mightyena|3\n|move|p2b: Fezandipiti|Icy Wind|p1a: Cinccino|[spread] p1a,p1b\n|-resisted|p1b: Perrserker\n|-damage|p1a: Cinccino|240/266\n|-damage|p1b: Perrserker|240/266\n|-unboost|p1a: Cinccino|spe|1\n|-unboost|p1b: Perrserker|spe|1\n|-status|p1a: Cinccino|tox|[from] ability: Toxic Chain|[of] p2b: Fezandipiti\n|move|p1b: Perrserker|Iron Head|p2b: Fezandipiti\n|-supereffective|p2b: Fezandipiti\n|-damage|p2b: Fezandipiti|0 fnt\n|faint|p2b: Fezandipiti\n|\n|-damage|p1a: Cinccino|224/266 tox|[from] psn\n|upkeep\n|\n|t:|1771077073\n|switch|p2b: Sudowoodo|Sudowoodo, L94, M|181/284\n|switch|p2a: Rhydon|Rhydon, L86, M|321/321\n|turn|7\n|\n|t:|1771077099\n|move|p1a: Cinccino|Bullet Seed|p2a: Rhydon\n|-supereffective|p2a: Rhydon\n|-damage|p2a: Rhydon|281/321\n|-supereffective|p2a: Rhydon\n|-damage|p2a: Rhydon|245/321\n|-supereffective|p2a: Rhydon\n|-damage|p2a: Rhydon|205/321\n|-supereffective|p2a: Rhydon\n|-damage|p2a: Rhydon|169/321\n|-supereffective|p2a: Rhydon\n|-damage|p2a: Rhydon|129/321\n|-hitcount|p2a: Rhydon|5\n|move|p2a: Rhydon|High Horsepower|p1b: Perrserker\n|-supereffective|p1b: Perrserker\n|-damage|p1b: Perrserker|0 fnt\n|faint|p1b: Perrserker\n|move|p2b: Sudowoodo|Head Smash|p1a: Cinccino|[miss]\n|-miss|p2b: Sudowoodo|p1a: Cinccino\n|\n|-damage|p1a: Cinccino|192/266 tox|[from] psn\n|upkeep\n|\n|t:|1771077108\n|switch|p1b: Sceptile|Sceptile, L88, F|266/266\n|turn|8\n|\n|t:|1771077119\n|move|p1b: Sceptile|Leaf Storm|p2b: Sudowoodo\n|-supereffective|p2b: Sudowoodo\n|-damage|p2b: Sudowoodo|0 fnt\n|-unboost|p1b: Sceptile|spa|2\n|faint|p2b: Sudowoodo\n|-enditem|p1b: Sceptile|White Herb\n|-clearnegativeboost|p1b: Sceptile|[silent]\n|move|p1a: Cinccino|Bullet Seed|p2a: Rhydon\n|-supereffective|p2a: Rhydon\n|-damage|p2a: Rhydon|93/321\n|-supereffective|p2a: Rhydon\n|-damage|p2a: Rhydon|57/321\n|-supereffective|p2a: Rhydon\n|-damage|p2a: Rhydon|21/321\n|-supereffective|p2a: Rhydon\n|-damage|p2a: Rhydon|0 fnt\n|faint|p2a: Rhydon\n|-hitcount|p2: Rhydon|4\n|\n|-damage|p1a: Cinccino|144/266 tox|[from] psn\n|upkeep\n|\n|t:|1771077126\n|switch|p2a: Hariyama|Hariyama, L85, M|384/384\n|switch|p2b: Jumpluff|Jumpluff, L92, M|203/287\n|turn|9\n|\n|t:|1771077135\n|switch|p1a: Persian|Persian-Alola, L88, F|139/258\n|move|p2a: Hariyama|Fake Out|p1a: Persian\n|-damage|p1a: Persian|115/258\n|move|p1b: Sceptile|Breaking Swipe|p2a: Hariyama|[spread] p2a,p2b\n|-damage|p2a: Hariyama|340/384\n|-damage|p2b: Jumpluff|169/287\n|-unboost|p2a: Hariyama|atk|1\n|-unboost|p2b: Jumpluff|atk|1\n|move|p2b: Jumpluff|Tailwind|p2b: Jumpluff\n|-sidestart|p2: himmy_bhai|move: Tailwind\n|\n|upkeep\n|turn|10\n|-message|himmy_bhai forfeited.\n|\n|win|pixel_dragon9\n|raw|pixel_dragon9's rating: 1713 &rarr; <strong>1731</strong><br />(+18 for winning)\n|raw|himmy_bhai's rating: 1675 &rarr; <strong>1657</strong><br />(-18 for losing)\n|l|☆himmy_bhai\n|player|p2|\n", "inputlog": ">version ccdc32dd7cde25fd9e4bed64820e885f66e78a4e\n>start {\"formatid\":\"gen9randomdoublesbattle\",\"seed\":\"sodium,db008540db45ea40702e8d91daf13ae3\",\"rated\":\"Rated battle\"}\n>player p1 {\"name\":\"pixel_dragon9\",\"avatar\":\"266\",\"rating\":1713,\"seed\":\"sodium,4e2315b64917bef8721b0bbe6a88ada0\"}\n>player p2 {\"name\":\"himmy_bhai\",\"avatar\":\"hilbert\",\"rating\":1675,\"seed\":\"sodium,e191ff9bd292d16fae842e2c282f4815\"}\n>p1 move ironhead +1, switch 4\n>p2 switch 4, move tailwind\n>p1 switch 5, move icywind\n>p2 move playrough +2, move sleeppowder +1\n>p1 move ragepowder, move icywind\n>p2 move playrough +2, move acrobatics +2\n>p1 move ragepowder, move icywind\n>p2 switch 5, switch 4\n>p1 move spore +1, switch 5\n>p2 move headsmash +1, move icywind\n>p1 switch 6, pass\n>p1 move bulletseed +1, move ironhead +2\n>p2 switch 5, move icywind\n>p2 switch 3, switch 5\n>p1 move bulletseed +1, move ironhead +2\n>p2 move highhorsepower +2, move headsmash +1\n>p1 pass, switch 4\n>p1 move bulletseed +1, move leafstorm +2\n>p2 move highhorsepower +1, move headsmash +2\n>p2 switch 6, switch 4\n>p1 switch 5, move breakingswipe\n>p2 move fakeout +1, move tailwind\n>forcelose p2", "uploadtime": 1771077158, "views": 72, "formatid": "gen9randomdoublesbattle", "rating": 1657, "private": 0, "password": null}