{"id": "gen9randomdoublesbattle-2537021239", "format": "[Gen 9] Random Doubles Battle", "players": ["kazaboy", "rocci"], "log": "|j|☆kazaboy\n|j|☆rocci\n|t:|1770757621\n|gametype|doubles\n|player|p1|kazaboy|bruno|1672\n|player|p2|rocci|beauty-gen4dp|1614\n|gen|9\n|tier|[Gen 9] Random Doubles Battle\n|rated|\n|rule|Species Clause: Limit one of each Pokémon\n|rule|HP Percentage Mod: HP is shown in percentages\n|rule|Illusion Level Mod: Illusion disguises the Pokémon's true level\n|rule|Sleep Clause Mod: Limit one foe put to sleep\n|\n|t:|1770757621\n|teamsize|p1|6\n|teamsize|p2|6\n|start\n|switch|p1a: Eternatus|Eternatus, L70|312/312\n|switch|p1b: Dedenne|Dedenne, L85, M|253/253\n|switch|p2a: Annihilape|Annihilape, L77, F|296/296\n|switch|p2b: Persian|Persian, L92, F|269/269\n|-ability|p1a: Eternatus|Pressure\n|turn|1\n|inactive|Battle timer is ON: inactive players will automatically lose when time's up. (requested by kazaboy)\n|inactive|rocci has 120 seconds left.\n|\n|t:|1770757657\n|move|p2b: Persian|Fake Out|p1a: Eternatus\n|-crit|p1a: Eternatus\n|-damage|p1a: Eternatus|188/312\n|move|p2a: Annihilape|Final Gambit|p1b: Dedenne\n|-damage|p1b: Dedenne|0 fnt\n|faint|p2a: Annihilape\n|faint|p1b: Dedenne\n|cant|p1a: Eternatus|flinch\n|\n|-heal|p1a: Eternatus|207/312|[from] item: Leftovers\n|upkeep\n|\n|t:|1770757681\n|switch|p1b: Spiritomb|Spiritomb, L89, F|234/234\n|switch|p2a: Qwilfish|Qwilfish, L87, F|255/255\n|-ability|p2a: Qwilfish|Intimidate|boost\n|-unboost|p1a: Eternatus|atk|1\n|-unboost|p1b: Spiritomb|atk|1\n|turn|2\n|\n|t:|1770757710\n|move|p2b: Persian|Knock Off|p1a: Eternatus\n|-damage|p1a: Eternatus|140/312\n|-enditem|p1a: Eternatus|Leftovers|[from] move: Knock Off|[of] p2b: Persian\n|move|p1a: Eternatus|Sludge Bomb|p2b: Persian\n|-damage|p2b: Persian|154/269\n|move|p2a: Qwilfish|Taunt|p1a: Eternatus\n|-start|p1a: Eternatus|move: Taunt\n|move|p1b: Spiritomb|Will-O-Wisp|p2a: Qwilfish\n|-status|p2a: Qwilfish|brn\n|\n|-damage|p2a: Qwilfish|240/255 brn|[from] brn\n|upkeep\n|turn|3\n|\n|t:|1770757735\n|move|p2b: Persian|Double-Edge|p1a: Eternatus\n|-damage|p1a: Eternatus|0 fnt\n|faint|p1a: Eternatus\n|-damage|p2b: Persian|108/269|[from] Recoil\n|move|p2a: Qwilfish|Taunt|p1b: Spiritomb\n|-start|p1b: Spiritomb|move: Taunt\n|move|p1b: Spiritomb|Foul Play|p2b: Persian\n|-damage|p2b: Persian|6/269\n|\n|-damage|p2a: Qwilfish|225/255 brn|[from] brn\n|upkeep\n|inactive|kazaboy has 120 seconds left.\n|\n|t:|1770757751\n|switch|p1a: Cacturne|Cacturne, L91, M|275/275\n|turn|4\n|\n|t:|1770757767\n|switch|p2b: Skuntank|Skuntank, L85, F|314/314\n|move|p1a: Cacturne|Spiky Shield|p1a: Cacturne\n|-singleturn|p1a: Cacturne|move: Protect\n|move|p2a: Qwilfish|Thunder Wave|p1b: Spiritomb\n|-status|p1b: Spiritomb|par\n|move|p1b: Spiritomb|Icy Wind|p2b: Skuntank|[spread] p2a,p2b\n|-resisted|p2a: Qwilfish\n|-damage|p2a: Qwilfish|204/255 brn\n|-damage|p2b: Skuntank|277/314\n|-unboost|p2a: Qwilfish|spe|1\n|-unboost|p2b: Skuntank|spe|1\n|\n|-damage|p2a: Qwilfish|189/255 brn|[from] brn\n|upkeep\n|turn|5\n|inactive|kazaboy has 120 seconds left.\n|inactive|rocci has 120 seconds left.\n|\n|t:|1770757807\n|-terastallize|p1a: Cacturne|Poison\n|move|p1a: Cacturne|Knock Off|p2b: Skuntank\n|-resisted|p2b: Skuntank\n|-damage|p2b: Skuntank|160/314\n|-enditem|p2b: Skuntank|Life Orb|[from] move: Knock Off|[of] p1a: Cacturne\n|-damage|p1a: Cacturne|248/275|[from] item: Life Orb\n|move|p2a: Qwilfish|Thunder Wave|p1a: Cacturne\n|-status|p1a: Cacturne|par\n|move|p2b: Skuntank|Gunk Shot|p1a: Cacturne|[miss]\n|-miss|p2b: Skuntank|p1a: Cacturne\n|cant|p1b: Spiritomb|par\n|\n|-damage|p2a: Qwilfish|174/255 brn|[from] brn\n|-end|p1b: Spiritomb|move: Taunt\n|upkeep\n|turn|6\n|inactive|kazaboy has 120 seconds left.\n|\n|t:|1770757829\n|move|p1b: Spiritomb|Helping Hand|p1a: Cacturne\n|-singleturn|p1a: Cacturne|Helping Hand|[of] p1b: Spiritomb\n|move|p2a: Qwilfish|Taunt|p1b: Spiritomb\n|-start|p1b: Spiritomb|move: Taunt\n|move|p2b: Skuntank|Knock Off|p1b: Spiritomb\n|-damage|p1b: Spiritomb|155/234 par\n|-enditem|p1b: Spiritomb|Sitrus Berry|[from] move: Knock Off|[of] p2b: Skuntank\n|move|p1a: Cacturne|Knock Off|p2a: Qwilfish\n|-damage|p2a: Qwilfish|0 fnt\n|-enditem|p2a: Qwilfish|Sitrus Berry|[from] move: Knock Off|[of] p1a: Cacturne\n|faint|p2a: Qwilfish\n|-damage|p1a: Cacturne|221/275 par|[from] item: Life Orb\n|\n|upkeep\n|inactive|rocci has 120 seconds left.\n|\n|t:|1770757856\n|switch|p2a: Eelektross|Eelektross, L86, M|286/286\n|turn|7\n|inactive|rocci has 120 seconds left.\n|\n|t:|1770757893\n|move|p2a: Eelektross|Thunderbolt|p1b: Spiritomb\n|-damage|p1b: Spiritomb|73/234 par\n|move|p2b: Skuntank|Knock Off|p1b: Spiritomb\n|-damage|p1b: Spiritomb|21/234 par\n|move|p1a: Cacturne|Knock Off|p2a: Eelektross\n|-damage|p2a: Eelektross|107/286\n|-enditem|p2a: Eelektross|Assault Vest|[from] move: Knock Off|[of] p1a: Cacturne\n|-damage|p1a: Cacturne|194/275 par|[from] item: Life Orb\n|cant|p1b: Spiritomb|par\n|\n|upkeep\n|turn|8\n|inactive|rocci has 120 seconds left.\n|\n|t:|1770757916\n|move|p1a: Cacturne|Sucker Punch|p2a: Eelektross\n|-damage|p2a: Eelektross|0 fnt\n|faint|p2a: Eelektross\n|-damage|p1a: Cacturne|167/275 par|[from] item: Life Orb\n|move|p2b: Skuntank|Fire Blast|p1a: Cacturne\n|-damage|p1a: Cacturne|87/275 par\n|move|p1b: Spiritomb|Icy Wind|p2b: Skuntank\n|-damage|p2b: Skuntank|103/314\n|-unboost|p2b: Skuntank|spe|1\n|\n|upkeep\n|inactive|rocci has 120 seconds left.\n|\n|t:|1770757924\n|switch|p2a: Persian|Persian, L92, F|6/269\n|turn|9\n|\n|t:|1770757940\n|cant|p1a: Cacturne|par\n|move|p2a: Persian|Icy Wind|p1b: Spiritomb|[spread] p1a,p1b\n|-damage|p1a: Cacturne|44/275 par\n|-damage|p1b: Spiritomb|0 fnt\n|-unboost|p1a: Cacturne|spe|1\n|faint|p1b: Spiritomb\n|move|p2b: Skuntank|Fire Blast|p1a: Cacturne\n|-damage|p1a: Cacturne|0 fnt\n|faint|p1a: Cacturne\n|\n|upkeep\n|\n|t:|1770757948\n|switch|p1a: Appletun|Appletun, L92, M|352/352\n|switch|p1b: Espathra|Espathra, L83, M|293/293\n|turn|10\n|\n|t:|1770757969\n|move|p1b: Espathra|Protect|p1b: Espathra\n|-singleturn|p1b: Espathra|Protect\n|move|p1a: Appletun|Protect|p1a: Appletun\n|-singleturn|p1a: Appletun|Protect\n|move|p2a: Persian|Icy Wind|p1b: Espathra|[spread] \n|-activate|p1a: Appletun|move: Protect\n|-activate|p1b: Espathra|move: Protect\n|move|p2b: Skuntank|Knock Off|p1b: Espathra\n|-activate|p1b: Espathra|move: Protect\n|\n|-ability|p1b: Espathra|Speed Boost|boost\n|-boost|p1b: Espathra|spe|1\n|upkeep\n|turn|11\n|\n|t:|1770757988\n|switch|p2a: Gastrodon|Gastrodon, L82, M|316/316\n|move|p1b: Espathra|Dazzling Gleam|p2b: Skuntank|[spread] p2a,p2b\n|-damage|p2a: Gastrodon|256/316\n|-damage|p2b: Skuntank|26/314\n|-damage|p1b: Espathra|264/293|[from] item: Life Orb\n|move|p1a: Appletun|Dragon Pulse|p2b: Skuntank\n|-damage|p2b: Skuntank|0 fnt\n|faint|p2b: Skuntank\n|\n|-heal|p2a: Gastrodon|275/316|[from] item: Leftovers\n|-ability|p1b: Espathra|Speed Boost|boost\n|-boost|p1b: Espathra|spe|1\n|upkeep\n|\n|t:|1770757999\n|switch|p2b: Persian|Persian, L92, F|6/269\n|turn|12\n|\n|t:|1770758024\n|move|p1b: Espathra|Protect|p1b: Espathra\n|-singleturn|p1b: Espathra|Protect\n|move|p1a: Appletun|Protect|p1a: Appletun\n|-singleturn|p1a: Appletun|Protect\n|move|p2b: Persian|Icy Wind|p1a: Appletun|[spread] \n|-activate|p1a: Appletun|move: Protect\n|-activate|p1b: Espathra|move: Protect\n|move|p2a: Gastrodon|Muddy Water|p1b: Espathra|[spread] \n|-activate|p1a: Appletun|move: Protect\n|-activate|p1b: Espathra|move: Protect\n|\n|-heal|p2a: Gastrodon|294/316|[from] item: Leftovers\n|-ability|p1b: Espathra|Speed Boost|boost\n|-boost|p1b: Espathra|spe|1\n|upkeep\n|turn|13\n|\n|t:|1770758038\n|-terastallize|p2a: Gastrodon|Fire\n|move|p1b: Espathra|Dazzling Gleam|p2b: Persian|[spread] p2a,p2b\n|-resisted|p2a: Gastrodon\n|-damage|p2a: Gastrodon|263/316\n|-damage|p2b: Persian|0 fnt\n|faint|p2b: Persian\n|-damage|p1b: Espathra|235/293|[from] item: Life Orb\n|move|p2a: Gastrodon|Muddy Water|p1b: Espathra|[spread] p1a,p1b\n|-resisted|p1a: Appletun\n|-damage|p1a: Appletun|336/352\n|-damage|p1b: Espathra|142/293\n|-unboost|p1b: Espathra|accuracy|1\n|move|p1a: Appletun|Apple Acid|p2a: Gastrodon\n|-resisted|p2a: Gastrodon\n|-damage|p2a: Gastrodon|206/316\n|-unboost|p2a: Gastrodon|spd|1\n|\n|-heal|p2a: Gastrodon|225/316|[from] item: Leftovers\n|-ability|p1b: Espathra|Speed Boost|boost\n|-boost|p1b: Espathra|spe|1\n|upkeep\n|turn|14\n|c|☆rocci|ggwp\n|-message|rocci forfeited.\n|\n|win|kazaboy\n|raw|kazaboy's rating: 1672 &rarr; <strong>1689</strong><br />(+17 for winning)\n|raw|rocci's rating: 1614 &rarr; <strong>1597</strong><br />(-17 for losing)\n", "inputlog": ">version ccdc32dd7cde25fd9e4bed64820e885f66e78a4e\n>start {\"formatid\":\"gen9randomdoublesbattle\",\"seed\":\"sodium,9418860aa5cdc0c3939bee7f1f8c1ed3\",\"rated\":\"Rated battle\"}\n>player p1 {\"name\":\"kazaboy\",\"avatar\":\"bruno\",\"rating\":1672,\"seed\":\"sodium,99c6dd262c0212452a339b217abba322\"}\n>player p2 {\"name\":\"rocci\",\"avatar\":\"beauty-gen4dp\",\"rating\":1614,\"seed\":\"sodium,307453628838a09eeee63fc3135796bb\"}\n>p1 move sludgebomb +2, move nuzzle +2\n>p2 move finalgambit +2, move fakeout +1\n>p1 pass, switch 6\n>p2 switch 3, pass\n>p1 move sludgebomb +2, move willowisp +1\n>p2 move taunt +1, move knockoff +1\n>p1 move dynamaxcannon +2, move foulplay +2\n>p2 move taunt +2, move doubleedge +1\n>p1 switch 4, pass\n>p1 move spikyshield, move icywind\n>p2 move thunderwave +2, switch 5\n>p1 move knockoff +2 terastallize, move icywind\n>p2 move thunderwave +1, move gunkshot +1\n>p1 move knockoff +1, move helpinghand -1\n>p2 move taunt +2, move knockoff +2\n>p2 switch 4, pass\n>p1 move knockoff +1, move foulplay +1\n>p2 move thunderbolt +2, move knockoff +2\n>p1 move suckerpunch +1, move icywind\n>p2 move thunderbolt +2, move fireblast +1\n>p2 switch 5, pass\n>p1 move spikyshield, move icywind\n>p2 move icywind, move fireblast +1\n>p1 switch 3, switch 5\n>p1 move protect, move protect\n>p2 move icywind, move knockoff +2\n>p1 move dragonpulse +2, move dazzlinggleam\n>p2 switch 6, move knockoff +2\n>p2 pass, switch 6\n>p1 move protect, move protect\n>p2 move muddywater, move icywind\n>p1 move appleacid +1, move dazzlinggleam\n>p2 move muddywater terastallize, move icywind\n>chat ☆rocci|ggwp\n>forcelose p2", "uploadtime": 1770758059, "views": 68, "formatid": "gen9randomdoublesbattle", "rating": 1597, "private": 0, "password": null}