{"id": "gen9randomdoublesbattle-2539168765", "format": "[Gen 9] Random Doubles Battle", "players": ["coop20", "Tmcnevin15"], "log": "|j|☆coop20\n|j|☆Tmcnevin15\n|t:|1771018664\n|gametype|doubles\n|player|p1|coop20|265|1718\n|player|p2|Tmcnevin15|266|1655\n|gen|9\n|tier|[Gen 9] Random Doubles Battle\n|rated|\n|rule|Species Clause: Limit one of each Pokémon\n|rule|HP Percentage Mod: HP is shown in percentages\n|rule|Illusion Level Mod: Illusion disguises the Pokémon's true level\n|rule|Sleep Clause Mod: Limit one foe put to sleep\n|\n|t:|1771018664\n|teamsize|p1|6\n|teamsize|p2|6\n|start\n|switch|p1a: Scizor|Scizor, L80, M|243/243\n|switch|p1b: Calyrex|Calyrex-Shadow, L63|231/231\n|switch|p2a: Latias|Latias, L80, F|259/259\n|switch|p2b: Azumarill|Azumarill, L83, M|302/302\n|-ability|p1b: Calyrex|As One\n|-ability|p1b: Calyrex|Unnerve\n|turn|1\n|inactive|Battle timer is ON: inactive players will automatically lose when time's up. (requested by coop20)\n|inactive|coop20 has 120 seconds left.\n|\n|t:|1771018712\n|move|p1b: Calyrex|Protect|p1b: Calyrex\n|-singleturn|p1b: Calyrex|Protect\n|move|p2a: Latias|Protect|p2a: Latias\n|-singleturn|p2a: Latias|Protect\n|move|p1a: Scizor|Tailwind|p1a: Scizor\n|-sidestart|p1: coop20|move: Tailwind\n|move|p2b: Azumarill|Knock Off|p1b: Calyrex\n|-activate|p1b: Calyrex|move: Protect\n|\n|upkeep\n|turn|2\n|inactive|coop20 has 120 seconds left.\n|\n|t:|1771018743\n|switch|p2a: Snorlax|Snorlax, L84, M|406/406\n|-terastallize|p1b: Calyrex|Ghost\n|move|p1b: Calyrex|Astral Barrage|p2a: Snorlax|[spread] p2b\n|-immune|p2a: Snorlax\n|-damage|p2b: Azumarill|133/302\n|-damage|p1b: Calyrex|208/231|[from] item: Life Orb\n|move|p1a: Scizor|U-turn|p2b: Azumarill\n|-resisted|p2b: Azumarill\n|-damage|p2b: Azumarill|87/302\n|inactive|coop20 has 120 seconds left.\n|\n|t:|1771018767\n|switch|p1a: Hitmontop|Hitmontop, L88, M|231/231|[from] U-turn\n|-ability|p1a: Hitmontop|Intimidate|boost\n|-unboost|p2a: Snorlax|atk|1\n|-unboost|p2b: Azumarill|atk|1\n|move|p2b: Azumarill|Knock Off|p1b: Calyrex\n|-supereffective|p1b: Calyrex\n|-damage|p1b: Calyrex|0 fnt\n|-enditem|p1b: Calyrex|Life Orb|[from] move: Knock Off|[of] p2b: Azumarill\n|faint|p1b: Calyrex\n|\n|upkeep\n|\n|t:|1771018770\n|switch|p1b: Smeargle|Smeargle, F|272/272\n|turn|3\n|\n|t:|1771018781\n|switch|p2a: Latias|Latias, L80, F|259/259\n|move|p1a: Hitmontop|Fake Out|p2b: Azumarill\n|-damage|p2b: Azumarill|55/302\n|move|p1b: Smeargle|No Retreat|p1b: Smeargle\n|-boost|p1b: Smeargle|atk|1\n|-boost|p1b: Smeargle|def|1\n|-boost|p1b: Smeargle|spa|1\n|-boost|p1b: Smeargle|spd|1\n|-boost|p1b: Smeargle|spe|1\n|-start|p1b: Smeargle|move: No Retreat\n|cant|p2b: Azumarill|flinch\n|\n|upkeep\n|turn|4\n|\n|t:|1771018810\n|move|p1b: Smeargle|Population Bomb|p2a: Latias\n|-damage|p2a: Latias|234/259\n|-damage|p2a: Latias|206/259\n|-damage|p2a: Latias|179/259\n|-damage|p2a: Latias|149/259\n|-damage|p2a: Latias|119/259\n|-damage|p2a: Latias|92/259\n|-damage|p2a: Latias|62/259\n|-damage|p2a: Latias|35/259\n|-damage|p2a: Latias|8/259\n|-damage|p2a: Latias|0 fnt\n|faint|p2a: Latias\n|-hitcount|p2: Latias|10\n|move|p1a: Hitmontop|Coaching|p1b: Smeargle\n|-boost|p1b: Smeargle|atk|1\n|-boost|p1b: Smeargle|def|1\n|move|p2b: Azumarill|Knock Off|p1b: Smeargle\n|-damage|p1b: Smeargle|208/272\n|-enditem|p1b: Smeargle|Wide Lens|[from] move: Knock Off|[of] p2b: Azumarill\n|\n|-sideend|p1: coop20|move: Tailwind\n|upkeep\n|inactive|Tmcnevin15 has 120 seconds left.\n|\n|t:|1771018837\n|switch|p2a: Iron Crown|Iron Crown, L78|268/268\n|turn|5\n|\n|t:|1771018849\n|switch|p1a: Scizor|Scizor, L80, M|243/243\n|move|p1b: Smeargle|Spiky Shield|p1b: Smeargle\n|-singleturn|p1b: Smeargle|move: Protect\n|move|p2a: Iron Crown|Psychic|p1a: Scizor\n|-resisted|p1a: Scizor\n|-damage|p1a: Scizor|162/243\n|-unboost|p1a: Scizor|spd|1\n|move|p2b: Azumarill|Knock Off|p1b: Smeargle\n|-activate|p1b: Smeargle|move: Protect\n|-damage|p2b: Azumarill|18/302|[from] Spiky Shield|[of] p1b: Smeargle\n|\n|upkeep\n|turn|6\n|inactive|coop20 has 120 seconds left.\n|\n|t:|1771018893\n|move|p1a: Scizor|Bullet Punch|p2b: Azumarill\n|-damage|p2b: Azumarill|0 fnt\n|faint|p2b: Azumarill\n|move|p1b: Smeargle|Baton Pass|p1b: Smeargle\n|\n|t:|1771018901\n|switch|p1b: Garchomp|Garchomp, L77, M|293/293|[from] Baton Pass\n|move|p2a: Iron Crown|Psychic|p1b: Garchomp\n|-damage|p1b: Garchomp|182/293\n|\n|upkeep\n|\n|t:|1771018910\n|switch|p2b: Sandslash|Sandslash-Alola, L91, F|284/284\n|turn|7\n|inactive|coop20 has 120 seconds left.\n|\n|t:|1771018956\n|move|p1b: Garchomp|Protect|p1b: Garchomp\n|-singleturn|p1b: Garchomp|Protect\n|move|p2b: Sandslash|Ice Shard|p1b: Garchomp\n|-activate|p1b: Garchomp|move: Protect\n|move|p2a: Iron Crown|Psychic|p1a: Scizor\n|-resisted|p1a: Scizor\n|-damage|p1a: Scizor|45/243\n|-enditem|p1a: Scizor|Sitrus Berry|[eat]\n|-heal|p1a: Scizor|105/243|[from] item: Sitrus Berry\n|move|p1a: Scizor|U-turn|p2a: Iron Crown\n|-damage|p2a: Iron Crown|183/268\n|\n|t:|1771018971\n|switch|p1a: Hitmontop|Hitmontop, L88, M|231/231|[from] U-turn\n|-ability|p1a: Hitmontop|Intimidate|boost\n|-unboost|p2a: Iron Crown|atk|1\n|-unboost|p2b: Sandslash|atk|1\n|\n|upkeep\n|turn|8\n|\n|t:|1771018981\n|move|p1a: Hitmontop|Fake Out|p2b: Sandslash\n|-resisted|p2b: Sandslash\n|-damage|p2b: Sandslash|273/284\n|cant|p2b: Sandslash|flinch\n|move|p1b: Garchomp|Earthquake|p2a: Iron Crown|[spread] p1a,p2a,p2b\n|-supereffective|p2a: Iron Crown\n|-supereffective|p2b: Sandslash\n|-crit|p2b: Sandslash\n|-damage|p1a: Hitmontop|92/231\n|-damage|p2a: Iron Crown|0 fnt\n|-damage|p2b: Sandslash|0 fnt\n|-enditem|p1a: Hitmontop|Sitrus Berry|[eat]\n|-heal|p1a: Hitmontop|149/231|[from] item: Sitrus Berry\n|faint|p2a: Iron Crown\n|-end|p2a: Iron Crown|Quark Drive|[silent]\n|faint|p2b: Sandslash\n|\n|upkeep\n|\n|t:|1771018985\n|switch|p2a: Minior|Minior, L83|232/232\n|switch|p2b: Snorlax|Snorlax, L84, M|406/406\n|-formechange|p2a: Minior|Minior-Meteor||[from] ability: Shields Down\n|turn|9\n|\n|t:|1771019006\n|move|p1b: Garchomp|Scale Shot|p2a: Minior\n|-damage|p2a: Minior|180/232\n|-damage|p2a: Minior|132/232\n|-damage|p2a: Minior|80/232\n|-damage|p2a: Minior|31/232\n|-hitcount|p2a: Minior|4\n|-unboost|p1b: Garchomp|def|1\n|-boost|p1b: Garchomp|spe|1\n|move|p1a: Hitmontop|Close Combat|p2a: Minior\n|-damage|p2a: Minior|0 fnt\n|-unboost|p1a: Hitmontop|def|1\n|-unboost|p1a: Hitmontop|spd|1\n|faint|p2a: Minior\n|move|p2b: Snorlax|Body Slam|p1b: Garchomp\n|-damage|p1b: Garchomp|110/293\n|-status|p1b: Garchomp|par\n|-damage|p2b: Snorlax|356/406|[from] ability: Rough Skin|[of] p1b: Garchomp\n|\n|upkeep\n|turn|10\n|\n|t:|1771019027\n|-terastallize|p2b: Snorlax|Poison\n|move|p1b: Garchomp|Scale Shot|p2b: Snorlax\n|-damage|p2b: Snorlax|281/406\n|-damage|p2b: Snorlax|211/406\n|-damage|p2b: Snorlax|141/406\n|-enditem|p2b: Snorlax|Figy Berry|[eat]\n|-heal|p2b: Snorlax|276/406|[from] item: Figy Berry\n|-damage|p2b: Snorlax|210/406\n|-hitcount|p2b: Snorlax|4\n|-unboost|p1b: Garchomp|def|1\n|-boost|p1b: Garchomp|spe|1\n|move|p1a: Hitmontop|Close Combat|p2b: Snorlax\n|-resisted|p2b: Snorlax\n|-damage|p2b: Snorlax|123/406\n|-unboost|p1a: Hitmontop|def|1\n|-unboost|p1a: Hitmontop|spd|1\n|move|p2b: Snorlax|Body Slam|p1b: Garchomp\n|-damage|p1b: Garchomp|4/293 par\n|-damage|p2b: Snorlax|73/406|[from] ability: Rough Skin|[of] p1b: Garchomp\n|\n|upkeep\n|turn|11\n|l|☆Tmcnevin15\n|inactive|Tmcnevin15 disconnected and has a minute to reconnect!\n|player|p2|\n|\n|t:|1771019041\n|switch|p1a: Smeargle|Smeargle, F|208/272\n|move|p1b: Garchomp|Scale Shot|p2b: Snorlax\n|-damage|p2b: Snorlax|3/406\n|-damage|p2b: Snorlax|0 fnt\n|faint|p2b: Snorlax\n|-hitcount|p2: Snorlax|2\n|\n|win|coop20\n|raw|coop20's rating: 1718 &rarr; <strong>1734</strong><br />(+16 for winning)\n|raw|Tmcnevin15's rating: 1655 &rarr; <strong>1639</strong><br />(-16 for losing)\n", "inputlog": ">version ccdc32dd7cde25fd9e4bed64820e885f66e78a4e\n>start {\"formatid\":\"gen9randomdoublesbattle\",\"seed\":\"sodium,a0d3afdfbbbc7371bce3b6c662644854\",\"rated\":\"Rated battle\"}\n>player p1 {\"name\":\"coop20\",\"avatar\":\"265\",\"rating\":1718,\"seed\":\"sodium,d196ecc5d9b5d1994fee1a977f51a0c5\"}\n>player p2 {\"name\":\"Tmcnevin15\",\"avatar\":\"266\",\"rating\":1655,\"seed\":\"sodium,94aae550d57cb3dd3d8030840224297a\"}\n>p1 move tailwind, move protect\n>p2 move protect, move knockoff +2\n>p1 move uturn +2, move astralbarrage terastallize\n>p2 switch 5, move knockoff +2\n>p1 switch 5, pass\n>p1 pass, switch 4\n>p1 move fakeout +2, move noretreat\n>p2 switch 5, move knockoff +2\n>p1 move coaching -2, move populationbomb +1\n>p2 move aurasphere +2, move knockoff +2\n>p2 switch 6, pass\n>p1 switch 5, move spikyshield\n>p2 move psychic +1, move knockoff +2\n>p1 move bulletpunch +2, move batonpass\n>p2 move psychic +2, move knockoff +2\n>p1 pass, switch 3\n>p2 pass, switch 3\n>p1 move uturn +1, move protect\n>p2 move psychic +1, move iceshard +2\n>p1 switch 5, pass\n>p1 move fakeout +2, move earthquake\n>p2 move psychic +1, move iceshard +2\n>p2 switch 4, switch 5\n>p1 move closecombat +1, move scaleshot +1\n>p2 move acrobatics +1, move bodyslam +2\n>p1 move closecombat +2, move scaleshot +2\n>p2 pass, move bodyslam +2 terastallize\n>p1 switch 3, move scaleshot +2\n>p2 pass, move recycle", "uploadtime": 1771019046, "views": 93, "formatid": "gen9randomdoublesbattle", "rating": 1639, "private": 0, "password": null}