{"id": "gen9randomdoublesbattle-2537993694", "format": "[Gen 9] Random Doubles Battle", "players": ["baseballlover", "luccc14"], "log": "|j|☆baseballlover\n|j|‽luccc14\n|t:|1770874263\n|gametype|doubles\n|player|p1|baseballlover|102|1681\n|player|p2|luccc14|brawly|1827\n|gen|9\n|tier|[Gen 9] Random Doubles Battle\n|rated|\n|rule|Species Clause: Limit one of each Pokémon\n|rule|HP Percentage Mod: HP is shown in percentages\n|rule|Illusion Level Mod: Illusion disguises the Pokémon's true level\n|rule|Sleep Clause Mod: Limit one foe put to sleep\n|\n|t:|1770874263\n|teamsize|p1|6\n|teamsize|p2|6\n|start\n|switch|p1a: Kleavor|Kleavor, L79, M|240/240\n|switch|p1b: Urshifu|Urshifu, L75, F|274/274\n|switch|p2a: Porygon2|Porygon2, L82|274/274\n|switch|p2b: Excadrill|Excadrill, L82, F|315/315\n|-ability|p2b: Excadrill|Mold Breaker\n|-ability|p2a: Porygon2|Download|boost\n|-boost|p2a: Porygon2|spa|1\n|turn|1\n|inactive|Battle timer is ON: inactive players will automatically lose when time's up. (requested by baseballlover)\n|inactive|luccc14 has 120 seconds left.\n|\n|t:|1770874293\n|switch|p2a: Ditto|Ditto, L97|250/250\n|-transform|p2a: Ditto|p1b: Urshifu|[from] ability: Imposter\n|move|p2b: Excadrill|Iron Head|p1a: Kleavor\n|-supereffective|p1a: Kleavor\n|-crit|p1a: Kleavor\n|-damage|p1a: Kleavor|0 fnt\n|faint|p1a: Kleavor\n|move|p1b: Urshifu|Close Combat|p2b: Excadrill\n|-supereffective|p2b: Excadrill\n|-damage|p2b: Excadrill|0 fnt\n|-unboost|p1b: Urshifu|def|1\n|-unboost|p1b: Urshifu|spd|1\n|faint|p2b: Excadrill\n|-damage|p1b: Urshifu|247/274|[from] item: Life Orb\n|\n|upkeep\n|inactive|baseballlover has 120 seconds left.\n|\n|t:|1770874349\n|switch|p2b: Kyogre|Kyogre, L65|238/238\n|switch|p1a: Toucannon|Toucannon, L87, F|281/281\n|-weather|RainDance|[from] ability: Drizzle|[of] p2b: Kyogre\n|turn|2\n|inactive|luccc14 has 120 seconds left.\n|\n|t:|1770874381\n|-terastallize|p2b: Kyogre|Water\n|move|p1b: Urshifu|Sucker Punch|p2b: Kyogre\n|-damage|p2b: Kyogre|116/238\n|-damage|p1b: Urshifu|220/274|[from] item: Life Orb\n|move|p2b: Kyogre|Origin Pulse|p1a: Toucannon|[spread] p1a,p1b\n|-damage|p1a: Toucannon|115/281\n|-damage|p1b: Urshifu|0 fnt\n|-enditem|p1a: Toucannon|Sitrus Berry|[eat]\n|-heal|p1a: Toucannon|185/281|[from] item: Sitrus Berry\n|faint|p1b: Urshifu\n|move|p2a: Ditto|Wicked Blow|p1a: Toucannon\n|-crit|p1a: Toucannon\n|-damage|p1a: Toucannon|26/281\n|move|p1a: Toucannon|Tailwind|p1a: Toucannon\n|-sidestart|p1: baseballlover|move: Tailwind\n|\n|-weather|RainDance|[upkeep]\n|upkeep\n|\n|t:|1770874396\n|switch|p1b: Whiscash|Whiscash, L88, M|337/337\n|turn|3\n|inactive|luccc14 has 120 seconds left.\n|\n|t:|1770874427\n|move|p1b: Whiscash|High Horsepower|p2b: Kyogre\n|-damage|p2b: Kyogre|2/238\n|move|p1a: Toucannon|Brave Bird|p2a: Ditto\n|-supereffective|p2a: Ditto\n|-damage|p2a: Ditto|0 fnt\n|faint|p2a: Ditto\n|-damage|p1a: Toucannon|0 fnt|[from] Recoil\n|faint|p1a: Toucannon\n|move|p2b: Kyogre|Origin Pulse|p1b: Whiscash\n|-damage|p1b: Whiscash|119/337\n|-enditem|p1b: Whiscash|Sitrus Berry|[eat]\n|-heal|p1b: Whiscash|203/337|[from] item: Sitrus Berry\n|\n|-weather|RainDance|[upkeep]\n|upkeep\n|inactive|luccc14 has 120 seconds left.\n|\n|t:|1770874438\n|switch|p1a: Perrserker|Perrserker, L88, F|266/266\n|switch|p2a: Porygon2|Porygon2, L82|274/274\n|-ability|p2a: Porygon2|Download|boost\n|-boost|p2a: Porygon2|spa|1\n|turn|4\n|\n|t:|1770874443\n|move|p1b: Whiscash|Muddy Water|p2a: Porygon2|[spread] p2a\n|-miss|p1b: Whiscash|p2b: Kyogre\n|-crit|p2a: Porygon2\n|-damage|p2a: Porygon2|181/274\n|move|p1a: Perrserker|Close Combat|p2a: Porygon2\n|-supereffective|p2a: Porygon2\n|-damage|p2a: Porygon2|35/274\n|-unboost|p1a: Perrserker|def|1\n|-unboost|p1a: Perrserker|spd|1\n|move|p2b: Kyogre|Origin Pulse|p1a: Perrserker|[spread] p1a,p1b\n|-damage|p1a: Perrserker|56/266\n|-damage|p1b: Whiscash|27/337\n|move|p2a: Porygon2|Icy Wind|p1b: Whiscash|[spread] p1a,p1b\n|-resisted|p1a: Perrserker\n|-damage|p1a: Perrserker|29/266\n|-damage|p1b: Whiscash|0 fnt\n|-unboost|p1a: Perrserker|spe|1\n|faint|p1b: Whiscash\n|\n|-weather|RainDance|[upkeep]\n|upkeep\n|\n|t:|1770874448\n|switch|p1b: Sudowoodo|Sudowoodo, L94, F|284/284\n|turn|5\n|\n|t:|1770874455\n|move|p2b: Kyogre|Origin Pulse|p1b: Sudowoodo|[spread] p1a,p1b\n|-supereffective|p1b: Sudowoodo\n|-damage|p1a: Perrserker|0 fnt\n|-damage|p1b: Sudowoodo|0 fnt\n|faint|p1a: Perrserker\n|faint|p1b: Sudowoodo\n|\n|win|luccc14\n|raw|baseballlover's rating: 1681 &rarr; <strong>1668</strong><br />(-13 for losing)\n|raw|luccc14's rating: 1810 &rarr; <strong>1823</strong><br />(+13 for winning)\n", "inputlog": ">version ccdc32dd7cde25fd9e4bed64820e885f66e78a4e\n>start {\"formatid\":\"gen9randomdoublesbattle\",\"seed\":\"sodium,b049e160d38b855d334f219b4b78ba3a\",\"rated\":\"Rated battle\"}\n>player p1 {\"name\":\"baseballlover\",\"avatar\":\"102\",\"rating\":1681,\"seed\":\"sodium,28f3043ece005ad50d1cc3dfbb006b34\"}\n>player p2 {\"name\":\"luccc14\",\"avatar\":\"brawly\",\"rating\":1827,\"seed\":\"sodium,ea8fe1ade61a603f9d59cf5f65bd0ff4\"}\n>p1 move stoneaxe +1, move closecombat +2\n>p2 switch 3, move ironhead +1\n>p1 switch 3, pass\n>p2 pass, switch 6\n>p1 move tailwind, move suckerpunch +2\n>p2 move wickedblow +1, move originpulse terastallize\n>p1 pass, switch 5\n>p1 move bravebird +1, move highhorsepower +2\n>p2 move wickedblow +2, move originpulse\n>p1 switch 6, pass\n>p2 switch 3, pass\n>p1 move closecombat +1, move muddywater\n>p2 move icywind, move originpulse\n>p1 pass, switch 4\n>p1 move ironhead +1, move woodhammer +2\n>p2 move recover, move originpulse", "uploadtime": 1770874456, "views": 69, "formatid": "gen9randomdoublesbattle", "rating": 1668, "private": 0, "password": null}