{"id": "gen9randomdoublesbattle-2538694404", "format": "[Gen 9] Random Doubles Battle", "players": ["Don Cicciondio", "gingerlike"], "log": "|j|☆Don Cicciondio\n|j|☆gingerlike\n|t:|1770958168\n|gametype|doubles\n|player|p1|Don Cicciondio|roughneck-gen4|1744\n|player|p2|gingerlike|266|1664\n|gen|9\n|tier|[Gen 9] Random Doubles Battle\n|rated|\n|rule|Species Clause: Limit one of each Pokémon\n|rule|HP Percentage Mod: HP is shown in percentages\n|rule|Illusion Level Mod: Illusion disguises the Pokémon's true level\n|rule|Sleep Clause Mod: Limit one foe put to sleep\n|\n|t:|1770958168\n|teamsize|p1|6\n|teamsize|p2|6\n|start\n|switch|p1a: Wigglytuff|Wigglytuff, L91, F|403/403\n|switch|p1b: Malamar|Malamar, L80, F|269/269\n|switch|p2a: Chesnaught|Chesnaught, L86, F|292/292\n|switch|p2b: Sandslash|Sandslash, L93, M|290/290\n|turn|1\n|inactive|Battle timer is ON: inactive players will automatically lose when time's up. (requested by gingerlike)\n|c|☆Don Cicciondio|gl\n|\n|t:|1770958193\n|move|p1a: Wigglytuff|Helping Hand|p1b: Malamar\n|-singleturn|p1b: Malamar|Helping Hand|[of] p1a: Wigglytuff\n|move|p2a: Chesnaught|Spiky Shield|p2a: Chesnaught\n|-singleturn|p2a: Chesnaught|move: Protect\n|move|p2b: Sandslash|Super Fang|p1b: Malamar\n|-damage|p1b: Malamar|135/269\n|move|p1b: Malamar|Superpower|p2b: Sandslash\n|-damage|p2b: Sandslash|202/290\n|-boost|p1b: Malamar|atk|1\n|-boost|p1b: Malamar|def|1\n|\n|upkeep\n|turn|2\n|\n|t:|1770958219\n|move|p1b: Malamar|Protect|p1b: Malamar\n|-singleturn|p1b: Malamar|Protect\n|move|p2b: Sandslash|Rock Slide|p1b: Malamar|[spread] p1a\n|-activate|p1b: Malamar|move: Protect\n|-damage|p1a: Wigglytuff|326/403\n|move|p2a: Chesnaught|Knock Off|p1b: Malamar\n|-activate|p1b: Malamar|move: Protect\n|move|p1a: Wigglytuff|Icy Wind|p2b: Sandslash|[spread] p2a,p2b\n|-supereffective|p2a: Chesnaught\n|-supereffective|p2b: Sandslash\n|-damage|p2a: Chesnaught|226/292\n|-damage|p2b: Sandslash|146/290\n|-unboost|p2a: Chesnaught|spe|1\n|-unboost|p2b: Sandslash|spe|1\n|\n|upkeep\n|turn|3\n|\n|t:|1770958241\n|switch|p2b: Comfey|Comfey, L88, M|233/233\n|switch|p2a: Dewgong|Dewgong, L91, M|312/312\n|move|p1a: Wigglytuff|Helping Hand|p1b: Malamar\n|-singleturn|p1b: Malamar|Helping Hand|[of] p1a: Wigglytuff\n|move|p1b: Malamar|Superpower|p2b: Comfey\n|-resisted|p2b: Comfey\n|-damage|p2b: Comfey|158/233\n|-boost|p1b: Malamar|atk|1\n|-boost|p1b: Malamar|def|1\n|\n|upkeep\n|turn|4\n|inactive|gingerlike has 120 seconds left.\n|\n|t:|1770958273\n|move|p2b: Comfey|Draining Kiss|p1b: Malamar\n|-supereffective|p1b: Malamar\n|-damage|p1b: Malamar|15/269\n|-heal|p2b: Comfey|233/233|[from] drain|[of] p1b: Malamar\n|-enditem|p1b: Malamar|Sitrus Berry|[eat]\n|-heal|p1b: Malamar|82/269|[from] item: Sitrus Berry\n|move|p2a: Dewgong|Fake Out|p1a: Wigglytuff\n|-damage|p1a: Wigglytuff|285/403\n|move|p1b: Malamar|Superpower|p2a: Dewgong\n|-supereffective|p2a: Dewgong\n|-damage|p2a: Dewgong|14/312\n|-boost|p1b: Malamar|atk|1\n|-boost|p1b: Malamar|def|1\n|-enditem|p2a: Dewgong|Sitrus Berry|[eat]\n|-heal|p2a: Dewgong|92/312|[from] item: Sitrus Berry\n|cant|p1a: Wigglytuff|flinch\n|\n|upkeep\n|turn|5\n|inactive|gingerlike has 120 seconds left.\n|inactive|Don Cicciondio has 120 seconds left.\n|inactive|gingerlike has 90 seconds left.\n|\n|t:|1770958338\n|switch|p1b: Scovillain|Scovillain, L90, M|263/263\n|move|p2b: Comfey|Floral Healing|p2a: Dewgong\n|-heal|p2a: Dewgong|248/312\n|move|p2a: Dewgong|Hydro Pump|p1a: Wigglytuff|[miss]\n|-miss|p2a: Dewgong|p1a: Wigglytuff\n|move|p1a: Wigglytuff|Icy Wind|p2a: Dewgong|[spread] p2a,p2b\n|-resisted|p2a: Dewgong\n|-damage|p2a: Dewgong|245/312\n|-damage|p2b: Comfey|209/233\n|-unboost|p2a: Dewgong|spe|1\n|-unboost|p2b: Comfey|spe|1\n|\n|upkeep\n|turn|6\n|inactive|gingerlike has 90 seconds left.\n|inactive|gingerlike has 60 seconds left.\n|\n|t:|1770958397\n|switch|p2a: Emboar|Emboar, L85, M|326/326\n|move|p1a: Wigglytuff|Helping Hand|p1b: Scovillain\n|-singleturn|p1b: Scovillain|Helping Hand|[of] p1a: Wigglytuff\n|move|p1b: Scovillain|Energy Ball|p2a: Emboar\n|-resisted|p2a: Emboar\n|-damage|p2a: Emboar|216/326\n|move|p2b: Comfey|Tailwind|p2b: Comfey\n|-sidestart|p2: gingerlike|move: Tailwind\n|\n|upkeep\n|turn|7\n|inactive|gingerlike has 60 seconds left.\n|\n|t:|1770958416\n|move|p2b: Comfey|Helping Hand|p2a: Emboar\n|-singleturn|p2a: Emboar|Helping Hand|[of] p2b: Comfey\n|move|p1b: Scovillain|Protect|p1b: Scovillain\n|-singleturn|p1b: Scovillain|Protect\n|move|p2a: Emboar|Flare Blitz|p1a: Wigglytuff\n|-damage|p1a: Wigglytuff|0 fnt\n|faint|p1a: Wigglytuff\n|-damage|p2a: Emboar|122/326|[from] Recoil\n|\n|upkeep\n|\n|t:|1770958429\n|switch|p1a: Luvdisc|Luvdisc, F|248/248\n|turn|8\n|\n|t:|1770958447\n|switch|p1b: Donphan|Donphan, L87, F|298/298\n|move|p2b: Comfey|Floral Healing|p2a: Emboar\n|-heal|p2a: Emboar|285/326\n|move|p2a: Emboar|Flare Blitz|p1b: Donphan\n|-damage|p1b: Donphan|163/298\n|-damage|p2a: Emboar|240/326|[from] Recoil\n|move|p1a: Luvdisc|Charm|p2a: Emboar\n|-unboost|p2a: Emboar|atk|2\n|\n|upkeep\n|turn|9\n|inactive|gingerlike has 90 seconds left.\n|\n|t:|1770958467\n|switch|p2a: Dewgong|Dewgong, L91, M|245/312\n|move|p2b: Comfey|Draining Kiss|p1b: Donphan\n|-damage|p1b: Donphan|121/298\n|-heal|p2b: Comfey|233/233|[from] drain|[of] p1b: Donphan\n|move|p1a: Luvdisc|Hydro Pump|p2b: Comfey\n|-damage|p2b: Comfey|161/233\n|move|p1b: Donphan|High Horsepower|p2b: Comfey\n|-damage|p2b: Comfey|52/233\n|-enditem|p2b: Comfey|Sitrus Berry|[eat]\n|-heal|p2b: Comfey|110/233|[from] item: Sitrus Berry\n|\n|-sideend|p2: gingerlike|move: Tailwind\n|upkeep\n|turn|10\n|inactive|gingerlike has 90 seconds left.\n|\n|t:|1770958494\n|switch|p2b: Chesnaught|Chesnaught, L86, F|226/292\n|move|p1a: Luvdisc|Hydro Pump|p2b: Chesnaught\n|-resisted|p2b: Chesnaught\n|-damage|p2b: Chesnaught|177/292\n|move|p2a: Dewgong|Hydro Pump|p1b: Donphan\n|-supereffective|p1b: Donphan\n|-damage|p1b: Donphan|0 fnt\n|faint|p1b: Donphan\n|\n|upkeep\n|\n|t:|1770958500\n|switch|p1b: Lugia|Lugia, L71|268/268\n|turn|11\n|\n|t:|1770958513\n|switch|p1a: Scovillain|Scovillain, L90, M|263/263\n|move|p2b: Chesnaught|Spiky Shield|p2b: Chesnaught\n|-singleturn|p2b: Chesnaught|move: Protect\n|move|p1b: Lugia|Calm Mind|p1b: Lugia\n|-boost|p1b: Lugia|spa|1\n|-boost|p1b: Lugia|spd|1\n|move|p2a: Dewgong|Icy Wind|p1b: Lugia|[spread] p1a,p1b\n|-supereffective|p1b: Lugia\n|-damage|p1a: Scovillain|221/263\n|-damage|p1b: Lugia|249/268\n|-unboost|p1a: Scovillain|spe|1\n|-unboost|p1b: Lugia|spe|1\n|\n|-heal|p1b: Lugia|265/268|[from] item: Leftovers\n|upkeep\n|turn|12\n|inactive|gingerlike has 120 seconds left.\n|\n|t:|1770958557\n|move|p2a: Dewgong|Hydro Pump|p1a: Scovillain\n|-damage|p1a: Scovillain|104/263\n|-enditem|p1a: Scovillain|Sitrus Berry|[eat]\n|-heal|p1a: Scovillain|169/263|[from] item: Sitrus Berry\n|move|p2b: Chesnaught|Knock Off|p1b: Lugia\n|-supereffective|p1b: Lugia\n|-damage|p1b: Lugia|123/268\n|-enditem|p1b: Lugia|Leftovers|[from] move: Knock Off|[of] p2b: Chesnaught\n|move|p1b: Lugia|Calm Mind|p1b: Lugia\n|-boost|p1b: Lugia|spa|1\n|-boost|p1b: Lugia|spd|1\n|move|p1a: Scovillain|Energy Ball|p2a: Dewgong\n|-supereffective|p2a: Dewgong\n|-damage|p2a: Dewgong|41/312\n|\n|upkeep\n|turn|13\n|inactive|gingerlike has 90 seconds left.\n|\n|t:|1770958609\n|switch|p2a: Copperajah|Copperajah, L86, F|350/350\n|move|p1a: Scovillain|Rage Powder|p1a: Scovillain\n|-singleturn|p1a: Scovillain|move: Rage Powder\n|move|p2b: Chesnaught|Knock Off|p1b: Lugia\n|-supereffective|p1b: Lugia\n|-damage|p1b: Lugia|33/268\n|move|p1b: Lugia|Recover|p1b: Lugia\n|-heal|p1b: Lugia|167/268\n|\n|upkeep\n|turn|14\n|inactive|gingerlike has 90 seconds left.\n|\n|t:|1770958643\n|move|p2b: Chesnaught|Spiky Shield|p2b: Chesnaught\n|-singleturn|p2b: Chesnaught|move: Protect\n|move|p1b: Lugia|Aeroblast|p2b: Chesnaught\n|-activate|p2b: Chesnaught|move: Protect\n|move|p1a: Scovillain|Fire Blast|p2a: Copperajah\n|-supereffective|p2a: Copperajah\n|-damage|p2a: Copperajah|30/350\n|move|p2a: Copperajah|Rock Slide|p1b: Lugia|[spread] p1a,p1b\n|-supereffective|p1a: Scovillain\n|-supereffective|p1b: Lugia\n|-damage|p1a: Scovillain|0 fnt\n|-damage|p1b: Lugia|14/268\n|faint|p1a: Scovillain\n|\n|upkeep\n|\n|t:|1770958655\n|switch|p1a: Luvdisc|Luvdisc, F|248/248\n|turn|15\n|inactive|gingerlike has 90 seconds left.\n|inactive|gingerlike has 60 seconds left.\n|\n|t:|1770958701\n|move|p1a: Luvdisc|Icy Wind|p2a: Copperajah|[spread] p2a,p2b\n|-resisted|p2a: Copperajah\n|-supereffective|p2b: Chesnaught\n|-crit|p2b: Chesnaught\n|-damage|p2a: Copperajah|16/350\n|-damage|p2b: Chesnaught|95/292\n|-unboost|p2a: Copperajah|spe|1\n|-unboost|p2b: Chesnaught|spe|1\n|-enditem|p2b: Chesnaught|Sitrus Berry|[eat]\n|-heal|p2b: Chesnaught|168/292|[from] item: Sitrus Berry\n|move|p1b: Lugia|Recover|p1b: Lugia\n|-heal|p1b: Lugia|148/268\n|move|p2b: Chesnaught|Knock Off|p1b: Lugia\n|-supereffective|p1b: Lugia\n|-damage|p1b: Lugia|52/268\n|move|p2a: Copperajah|Rock Slide|p1b: Lugia|[spread] p1b\n|-miss|p2a: Copperajah|p1a: Luvdisc\n|-supereffective|p1b: Lugia\n|-damage|p1b: Lugia|0 fnt\n|faint|p1b: Lugia\n|\n|upkeep\n|l|☆Don Cicciondio\n|inactive|Don Cicciondio disconnected and has a minute to reconnect!\n|player|p1|\n|j|☆Don Cicciondio\n|inactive|Don Cicciondio reconnected and has 130 seconds left.\n|player|p1|Don Cicciondio|roughneck-gen4|\n|\n|t:|1770958716\n|switch|p1b: Malamar|Malamar, L80, F|82/269\n|turn|16\n|inactive|gingerlike has 60 seconds left.\n|\n|t:|1770958748\n|move|p1a: Luvdisc|Charm|p2b: Chesnaught\n|-unboost|p2b: Chesnaught|atk|2\n|move|p1b: Malamar|Superpower|p2a: Copperajah\n|-supereffective|p2a: Copperajah\n|-damage|p2a: Copperajah|0 fnt\n|-boost|p1b: Malamar|atk|1\n|-boost|p1b: Malamar|def|1\n|faint|p2a: Copperajah\n|move|p2b: Chesnaught|Wood Hammer|p1a: Luvdisc\n|-supereffective|p1a: Luvdisc\n|-damage|p1a: Luvdisc|66/248\n|-enditem|p1a: Luvdisc|Sitrus Berry|[eat]\n|-heal|p1a: Luvdisc|128/248|[from] item: Sitrus Berry\n|-damage|p2b: Chesnaught|108/292|[from] Recoil\n|\n|upkeep\n|\n|t:|1770958751\n|switch|p2a: Comfey|Comfey, L88, M|110/233\n|turn|17\n|\n|t:|1770958766\n|move|p2a: Comfey|Draining Kiss|p1b: Malamar\n|-supereffective|p1b: Malamar\n|-damage|p1b: Malamar|0 fnt\n|-heal|p2a: Comfey|172/233|[from] drain|[of] p1b: Malamar\n|faint|p1b: Malamar\n|move|p1a: Luvdisc|Hydro Pump|p2a: Comfey\n|-damage|p2a: Comfey|99/233\n|move|p2b: Chesnaught|Body Press|p1a: Luvdisc\n|-damage|p1a: Luvdisc|11/248\n|\n|upkeep\n|turn|18\n|inactive|gingerlike has 90 seconds left.\n|\n|t:|1770958773\n|move|p2a: Comfey|Draining Kiss|p1a: Luvdisc\n|-damage|p1a: Luvdisc|0 fnt\n|-heal|p2a: Comfey|107/233|[from] drain|[of] p1a: Luvdisc\n|faint|p1a: Luvdisc\n|\n|win|gingerlike\n|raw|Don Cicciondio's rating: 1744 &rarr; <strong>1719</strong><br />(-25 for losing)\n|raw|gingerlike's rating: 1664 &rarr; <strong>1689</strong><br />(+25 for winning)\n", "inputlog": ">version ccdc32dd7cde25fd9e4bed64820e885f66e78a4e\n>start {\"formatid\":\"gen9randomdoublesbattle\",\"seed\":\"sodium,967b58d7ccc65dcf11795e44124b1a57\",\"rated\":\"Rated battle\"}\n>player p1 {\"name\":\"Don Cicciondio\",\"avatar\":\"roughneck-gen4\",\"rating\":1744,\"seed\":\"sodium,f217e11b3da2307a43c983e0e9b6600f\"}\n>player p2 {\"name\":\"gingerlike\",\"avatar\":\"266\",\"rating\":1664,\"seed\":\"sodium,5568e32dd33321866aa04e08c2701d3d\"}\n>chat ☆Don Cicciondio|gl\n>p1 move helpinghand -2, move superpower +2\n>p2 move spikyshield, move superfang +2\n>p1 move icywind, move protect\n>p2 move knockoff +2, move rockslide\n>p1 move helpinghand -2, move superpower +2\n>p2 switch 3, switch 5\n>p1 move icywind, move superpower +1\n>p2 move fakeout +1, move drainingkiss +2\n>p1 move icywind, switch 6\n>p2 move hydropump +1, move floralhealing -1\n>p1 move helpinghand -2, move energyball +1\n>p2 switch 6, move tailwind\n>p1 move icywind, move protect\n>p2 move flareblitz +1, move helpinghand -1\n>p1 switch 4, pass\n>p1 move charm +1, switch 5\n>p2 move flareblitz +2, move floralhealing -1\n>p1 move hydropump +2, move highhorsepower +2\n>p2 switch 6, move drainingkiss +2\n>p1 move hydropump +2, move highhorsepower +2\n>p2 move hydropump +2, switch 3\n>p1 pass, switch 3\n>p1 switch 5, move calmmind\n>p2 move icywind, move spikyshield\n>p1 move energyball +1, move calmmind\n>p2 move hydropump +1, move knockoff +2\n>p1 move ragepowder, move recover\n>p2 switch 4, move knockoff +2\n>p1 move fireblast +1, move aeroblast +2\n>p2 move rockslide, move spikyshield\n>p1 switch 5, pass\n>p1 move icywind, move recover\n>p2 move rockslide, move knockoff +2\n>p1 pass, switch 6\n>p1 move charm +2, move superpower +1\n>p2 move rockslide, move woodhammer +1\n>p2 switch 3, pass\n>p1 move hydropump +1, move psychocut +2\n>p2 move drainingkiss +2, move bodypress +2\n>p1 move endeavor +1, pass\n>p2 move drainingkiss +1, move knockoff +1", "uploadtime": 1770958773, "views": 71, "formatid": "gen9randomdoublesbattle", "rating": 1689, "private": 0, "password": null}