{"id": "gen9randomdoublesbattle-2539268404", "format": "[Gen 9] Random Doubles Battle", "players": ["cheeseman45", "DefterHat06736"], "log": "|j|☆cheeseman45\n|j|☆DefterHat06736\n|t:|1771030856\n|gametype|doubles\n|player|p1|cheeseman45|medium|1523\n|player|p2|DefterHat06736|hilbert|1570\n|gen|9\n|tier|[Gen 9] Random Doubles Battle\n|rated|\n|rule|Species Clause: Limit one of each Pokémon\n|rule|HP Percentage Mod: HP is shown in percentages\n|rule|Illusion Level Mod: Illusion disguises the Pokémon's true level\n|rule|Sleep Clause Mod: Limit one foe put to sleep\n|\n|t:|1771030856\n|teamsize|p1|6\n|teamsize|p2|6\n|start\n|switch|p1a: Weavile|Weavile, L81, M|246/246\n|switch|p1b: Lilligant|Lilligant-Hisui, L84, F|255/255\n|switch|p2a: Bombirdier|Bombirdier, L84, F|255/255\n|switch|p2b: Sableye|Sableye, L92, F|241/241\n|turn|1\n|\n|t:|1771030893\n|move|p1a: Weavile|Fake Out|p2a: Bombirdier\n|-damage|p2a: Bombirdier|221/255\n|move|p2b: Sableye|Fake Out|p1a: Weavile\n|-damage|p1a: Weavile|207/246\n|move|p1b: Lilligant|Victory Dance|p1b: Lilligant\n|-boost|p1b: Lilligant|atk|1\n|-boost|p1b: Lilligant|def|1\n|-boost|p1b: Lilligant|spe|1\n|cant|p2a: Bombirdier|flinch\n|\n|upkeep\n|turn|2\n|\n|t:|1771030907\n|move|p2b: Sableye|Thunder Wave|p1b: Lilligant\n|-status|p1b: Lilligant|par\n|move|p1a: Weavile|Triple Axel|p2a: Bombirdier\n|-supereffective|p2a: Bombirdier\n|-crit|p2a: Bombirdier\n|-damage|p2a: Bombirdier|147/255\n|-supereffective|p2a: Bombirdier\n|-damage|p2a: Bombirdier|49/255\n|-supereffective|p2a: Bombirdier\n|-damage|p2a: Bombirdier|0 fnt\n|faint|p2a: Bombirdier\n|-hitcount|p2: Bombirdier|3\n|move|p1b: Lilligant|Leaf Blade|p2b: Sableye\n|-damage|p2b: Sableye|0 fnt\n|faint|p2b: Sableye\n|-damage|p1b: Lilligant|230/255 par|[from] item: Life Orb\n|\n|upkeep\n|c|☆DefterHat06736|great\n|c|☆DefterHat06736|i fucking hate this game\n|c|☆cheeseman45|it be like that sometimes\n|\n|t:|1771030946\n|switch|p2a: Chesnaught|Chesnaught, L86, M|292/292\n|switch|p2b: Vigoroth|Vigoroth, L91, F|293/293\n|turn|3\n|c|☆cheeseman45|i have my days too brother\n|\n|t:|1771030967\n|move|p1a: Weavile|Knock Off|p2b: Vigoroth\n|-damage|p2b: Vigoroth|221/293\n|-enditem|p2b: Vigoroth|Eviolite|[from] move: Knock Off|[of] p1a: Weavile\n|move|p2b: Vigoroth|Icy Wind|p1b: Lilligant|[spread] p1a,p1b\n|-resisted|p1a: Weavile\n|-supereffective|p1b: Lilligant\n|-damage|p1a: Weavile|195/246\n|-damage|p1b: Lilligant|178/255 par\n|-unboost|p1a: Weavile|spe|1\n|-unboost|p1b: Lilligant|spe|1\n|move|p2a: Chesnaught|Body Press|p1a: Weavile\n|-supereffective|p1a: Weavile\n|-damage|p1a: Weavile|0 fnt\n|faint|p1a: Weavile\n|move|p1b: Lilligant|Close Combat|p2b: Vigoroth\n|-supereffective|p2b: Vigoroth\n|-damage|p2b: Vigoroth|0 fnt\n|-unboost|p1b: Lilligant|def|1\n|-unboost|p1b: Lilligant|spd|1\n|faint|p2b: Vigoroth\n|-damage|p1b: Lilligant|153/255 par|[from] item: Life Orb\n|\n|upkeep\n|\n|t:|1771031000\n|switch|p1a: Meloetta|Meloetta, L80|291/291\n|switch|p2b: Toxapex|Toxapex, L92, F|241/241\n|turn|4\n|\n|t:|1771031010\n|move|p1b: Lilligant|Protect|p1b: Lilligant\n|-singleturn|p1b: Lilligant|Protect\n|move|p1a: Meloetta|Psychic|p2a: Chesnaught\n|-supereffective|p2a: Chesnaught\n|-damage|p2a: Chesnaught|0 fnt\n|faint|p2a: Chesnaught\n|-damage|p1a: Meloetta|262/291|[from] item: Life Orb\n|move|p2b: Toxapex|Infestation|p1b: Lilligant\n|-activate|p1b: Lilligant|move: Protect\n|\n|upkeep\n|\n|t:|1771031017\n|switch|p2a: Clodsire|Clodsire, L87, F|368/368\n|turn|5\n|c|☆DefterHat06736|super effective against everythig\n|c|☆DefterHat06736|awesome game\n|-message|DefterHat06736 forfeited.\n|\n|win|cheeseman45\n|raw|cheeseman45's rating: 1523 &rarr; <strong>1546</strong><br />(+23 for winning)\n|raw|DefterHat06736's rating: 1570 &rarr; <strong>1547</strong><br />(-23 for losing)\n|l|☆DefterHat06736\n|player|p2|\n|c|☆cheeseman45|brother\n", "inputlog": ">version ccdc32dd7cde25fd9e4bed64820e885f66e78a4e\n>start {\"formatid\":\"gen9randomdoublesbattle\",\"seed\":\"sodium,0f36c58e958b198dcf89fdb262328f3b\",\"rated\":\"Rated battle\"}\n>player p1 {\"name\":\"cheeseman45\",\"avatar\":\"medium\",\"rating\":1523,\"seed\":\"sodium,7ee0f95668b4b91120ffd4f199e2f4d0\"}\n>player p2 {\"name\":\"DefterHat06736\",\"avatar\":\"hilbert\",\"rating\":1570,\"seed\":\"sodium,56f78fa93cc55cd7068ef550de5ae0a9\"}\n>p1 move fakeout +1, move victorydance\n>p2 move bravebird +2, move fakeout +1\n>p1 move tripleaxel +1, move leafblade +2\n>p2 move bravebird +2, move thunderwave +2\n>chat ☆DefterHat06736|great\n>chat ☆DefterHat06736|i fucking hate this game\n>chat ☆cheeseman45|it be like that sometimes\n>p2 switch 4, switch 6\n>chat ☆cheeseman45|i have my days too brother\n>p1 move knockoff +2, move closecombat +2\n>p2 move bodypress +1, move icywind\n>p1 switch 4, pass\n>p2 pass, switch 3\n>p1 move psychic +1, move protect\n>p2 move leechseed +1, move infestation +2\n>p2 switch 5, pass\n>chat ☆DefterHat06736|super effective against everythig\n>chat ☆DefterHat06736|awesome game\n>forcelose p2", "uploadtime": 1771031080, "views": 78, "formatid": "gen9randomdoublesbattle", "rating": 1546, "private": 0, "password": null}