{"id": "gen9randomdoublesbattle-2534597738", "format": "[Gen 9] Random Doubles Battle", "players": ["Dw14", "GetLostGaming"], "log": "|j|☆Dw14\n|j|☆GetLostGaming\n|t:|1770443203\n|gametype|doubles\n|player|p1|Dw14|169|1656\n|player|p2|GetLostGaming|dawn|1617\n|gen|9\n|tier|[Gen 9] Random Doubles Battle\n|rated|\n|rule|Species Clause: Limit one of each Pokémon\n|rule|HP Percentage Mod: HP is shown in percentages\n|rule|Illusion Level Mod: Illusion disguises the Pokémon's true level\n|rule|Sleep Clause Mod: Limit one foe put to sleep\n|\n|t:|1770443203\n|teamsize|p1|6\n|teamsize|p2|6\n|start\n|switch|p1a: Hitmonchan|Hitmonchan, L90, M|236/236\n|switch|p1b: Volcarona|Volcarona, L78, M|261/261\n|switch|p2a: Dragonite|Dragonite, L82, M|283/283\n|switch|p2b: Wigglytuff|Wigglytuff, L91, M|403/403\n|turn|1\n|inactive|Battle timer is ON: inactive players will automatically lose when time's up. (requested by Dw14)\n|\n|t:|1770443244\n|switch|p1a: Plusle|Plusle, L92, F|260/260\n|move|p1b: Volcarona|Tailwind|p1b: Volcarona\n|-sidestart|p1: Dw14|move: Tailwind\n|move|p2a: Dragonite|Tailwind|p2a: Dragonite\n|-sidestart|p2: GetLostGaming|move: Tailwind\n|move|p2b: Wigglytuff|Dazzling Gleam|p1a: Plusle|[spread] p1a,p1b\n|-resisted|p1b: Volcarona\n|-damage|p1a: Plusle|194/260\n|-damage|p1b: Volcarona|228/261\n|\n|upkeep\n|turn|2\n|\n|t:|1770443264\n|move|p1a: Plusle|Nuzzle|p2a: Dragonite\n|-damage|p2a: Dragonite|267/283\n|-status|p2a: Dragonite|par\n|move|p1b: Volcarona|Struggle Bug|p2b: Wigglytuff|[spread] p2a,p2b\n|-resisted|p2a: Dragonite\n|-resisted|p2b: Wigglytuff\n|-damage|p2a: Dragonite|247/283 par\n|-damage|p2b: Wigglytuff|373/403\n|-unboost|p2a: Dragonite|spa|1\n|-unboost|p2b: Wigglytuff|spa|1\n|-ability|p2b: Wigglytuff|Competitive|boost\n|-boost|p2b: Wigglytuff|spa|2\n|move|p2b: Wigglytuff|Dazzling Gleam|p1a: Plusle|[spread] p1a,p1b\n|-resisted|p1b: Volcarona\n|-damage|p1a: Plusle|85/260\n|-damage|p1b: Volcarona|182/261\n|-enditem|p1a: Plusle|Sitrus Berry|[eat]\n|-heal|p1a: Plusle|150/260|[from] item: Sitrus Berry\n|move|p2a: Dragonite|Draco Meteor|p1a: Plusle\n|-damage|p1a: Plusle|40/260\n|-unboost|p2a: Dragonite|spa|2\n|-damage|p2a: Dragonite|219/283 par|[from] item: Life Orb\n|\n|upkeep\n|turn|3\n|\n|t:|1770443292\n|switch|p2a: Stonjourner|Stonjourner, L88, M|319/319\n|move|p1a: Plusle|Nuzzle|p2b: Wigglytuff\n|-damage|p2b: Wigglytuff|349/403\n|-status|p2b: Wigglytuff|par\n|move|p1b: Volcarona|Heat Wave|p2b: Wigglytuff|[spread] p2a,p2b\n|-resisted|p2a: Stonjourner\n|-damage|p2a: Stonjourner|223/319\n|-damage|p2b: Wigglytuff|225/403 par\n|move|p2b: Wigglytuff|Dazzling Gleam|p1a: Plusle|[spread] p1a,p1b\n|-resisted|p1b: Volcarona\n|-damage|p1a: Plusle|0 fnt\n|-damage|p1b: Volcarona|121/261\n|faint|p1a: Plusle\n|\n|upkeep\n|inactive|Dw14 has 120 seconds left.\n|\n|t:|1770443322\n|switch|p1a: Arceus|Arceus-Rock, L73|296/296\n|turn|4\n|inactive|Dw14 has 120 seconds left.\n|\n|t:|1770443339\n|move|p1a: Arceus|Earth Power|p2a: Stonjourner\n|-supereffective|p2a: Stonjourner\n|-damage|p2a: Stonjourner|0 fnt\n|faint|p2a: Stonjourner\n|move|p1b: Volcarona|Heat Wave|p2b: Wigglytuff|[miss]\n|-miss|p1b: Volcarona|p2b: Wigglytuff\n|move|p2b: Wigglytuff|Thunder Wave|p1a: Arceus\n|-status|p1a: Arceus|par\n|\n|-sideend|p1: Dw14|move: Tailwind\n|-sideend|p2: GetLostGaming|move: Tailwind\n|upkeep\n|\n|t:|1770443359\n|switch|p2a: Dragonite|Dragonite, L82, M|219/283 par\n|turn|5\n|\n|t:|1770443369\n|move|p1b: Volcarona|Tailwind|p1b: Volcarona\n|-sidestart|p1: Dw14|move: Tailwind\n|move|p1a: Arceus|Judgment|p2b: Wigglytuff\n|-damage|p2b: Wigglytuff|57/403 par\n|-enditem|p2b: Wigglytuff|Sitrus Berry|[eat]\n|-heal|p2b: Wigglytuff|157/403 par|[from] item: Sitrus Berry\n|move|p2a: Dragonite|Draco Meteor|p1a: Arceus\n|-damage|p1a: Arceus|127/296 par\n|-unboost|p2a: Dragonite|spa|2\n|-damage|p2a: Dragonite|191/283 par|[from] item: Life Orb\n|move|p2b: Wigglytuff|Dazzling Gleam|p1a: Arceus|[spread] p1a,p1b\n|-resisted|p1b: Volcarona\n|-damage|p1a: Arceus|43/296 par\n|-damage|p1b: Volcarona|71/261\n|\n|upkeep\n|turn|6\n|\n|t:|1770443387\n|move|p1b: Volcarona|Heat Wave|p2b: Wigglytuff|[spread] p2b\n|-miss|p1b: Volcarona|p2a: Dragonite\n|-damage|p2b: Wigglytuff|46/403 par\n|cant|p1a: Arceus|par\n|move|p2a: Dragonite|Tailwind|p2a: Dragonite\n|-sidestart|p2: GetLostGaming|move: Tailwind\n|cant|p2b: Wigglytuff|par\n|\n|upkeep\n|turn|7\n|\n|t:|1770443402\n|move|p1b: Volcarona|Heat Wave|p2b: Wigglytuff|[spread] p2a,p2b\n|-resisted|p2a: Dragonite\n|-damage|p2a: Dragonite|155/283 par\n|-damage|p2b: Wigglytuff|0 fnt\n|faint|p2b: Wigglytuff\n|move|p1a: Arceus|Judgment|p2a: Dragonite\n|-supereffective|p2a: Dragonite\n|-damage|p2a: Dragonite|0 fnt\n|faint|p2a: Dragonite\n|\n|upkeep\n|\n|t:|1770443420\n|switch|p2a: Entei|Entei, L77|304/304\n|switch|p2b: Porygon2|Porygon2, L82|274/274\n|-ability|p2b: Porygon2|Download|boost\n|-boost|p2b: Porygon2|atk|1\n|turn|8\n|\n|t:|1770443439\n|move|p1b: Volcarona|Struggle Bug|p2b: Porygon2|[spread] p2a,p2b\n|-resisted|p2a: Entei\n|-damage|p2a: Entei|274/304\n|-damage|p2b: Porygon2|244/274\n|-unboost|p2a: Entei|spa|1\n|-unboost|p2b: Porygon2|spa|1\n|move|p2a: Entei|Sacred Fire|p1b: Volcarona\n|-damage|p1b: Volcarona|0 fnt\n|faint|p1b: Volcarona\n|move|p1a: Arceus|Judgment|p2a: Entei\n|-supereffective|p2a: Entei\n|-damage|p2a: Entei|8/304\n|move|p2b: Porygon2|Thunderbolt|p1a: Arceus\n|-damage|p1a: Arceus|6/296 par\n|\n|-sideend|p1: Dw14|move: Tailwind\n|upkeep\n|inactive|Dw14 has 120 seconds left.\n|\n|t:|1770443464\n|switch|p1b: Hitmonchan|Hitmonchan, L90, M|236/236\n|turn|9\n|inactive|Dw14 has 120 seconds left.\n|\n|t:|1770443490\n|switch|p2a: Vivillon|Vivillon-Garden, L88, M|284/284\n|move|p2b: Porygon2|Thunderbolt|p1a: Arceus\n|-damage|p1a: Arceus|0 fnt\n|faint|p1a: Arceus\n|move|p1b: Hitmonchan|Poison Jab|p2a: Vivillon\n|-damage|p2a: Vivillon|179/284\n|\n|-sideend|p2: GetLostGaming|move: Tailwind\n|upkeep\n|inactive|Dw14 has 120 seconds left.\n|\n|t:|1770443495\n|switch|p1a: Bombirdier|Bombirdier, L84, F|255/255\n|turn|10\n|inactive|Dw14 has 120 seconds left.\n|\n|t:|1770443537\n|move|p2a: Vivillon|Hurricane|p1b: Hitmonchan|[miss]\n|-miss|p2a: Vivillon|p1b: Hitmonchan\n|move|p1b: Hitmonchan|Knock Off|p2a: Vivillon\n|-damage|p2a: Vivillon|57/284\n|-enditem|p2a: Vivillon|Sitrus Berry|[from] move: Knock Off|[of] p1b: Hitmonchan\n|move|p1a: Bombirdier|Rock Slide|p2b: Porygon2|[spread] p2a,p2b\n|-supereffective|p2a: Vivillon\n|-damage|p2a: Vivillon|0 fnt\n|-damage|p2b: Porygon2|187/274\n|faint|p2a: Vivillon\n|move|p2b: Porygon2|Thunderbolt|p1a: Bombirdier\n|-supereffective|p1a: Bombirdier\n|-damage|p1a: Bombirdier|165/255\n|\n|upkeep\n|\n|t:|1770443550\n|switch|p2a: Entei|Entei, L77|8/304\n|turn|11\n|\n|t:|1770443561\n|move|p2a: Entei|Sacred Fire|p1b: Hitmonchan\n|-damage|p1b: Hitmonchan|83/236\n|-enditem|p1b: Hitmonchan|Sitrus Berry|[eat]\n|-heal|p1b: Hitmonchan|142/236|[from] item: Sitrus Berry\n|move|p1b: Hitmonchan|Close Combat|p2b: Porygon2\n|-supereffective|p2b: Porygon2\n|-damage|p2b: Porygon2|0 fnt\n|-unboost|p1b: Hitmonchan|def|1\n|-unboost|p1b: Hitmonchan|spd|1\n|faint|p2b: Porygon2\n|move|p1a: Bombirdier|Rock Slide|p2a: Entei\n|-supereffective|p2a: Entei\n|-damage|p2a: Entei|0 fnt\n|faint|p2a: Entei\n|\n|win|Dw14\n|raw|Dw14's rating: 1656 &rarr; <strong>1674</strong><br />(+18 for winning)\n|raw|GetLostGaming's rating: 1617 &rarr; <strong>1599</strong><br />(-18 for losing)\n|l|☆GetLostGaming\n|player|p2|\n", "inputlog": ">version ccdc32dd7cde25fd9e4bed64820e885f66e78a4e\n>start {\"formatid\":\"gen9randomdoublesbattle\",\"seed\":\"sodium,9a8319a321f89d27e5ec44dd4661d281\",\"rated\":\"Rated battle\"}\n>player p1 {\"name\":\"Dw14\",\"avatar\":\"169\",\"rating\":1656,\"seed\":\"sodium,59ee5df2ffdd7326310d8098ddf2c230\"}\n>player p2 {\"name\":\"GetLostGaming\",\"avatar\":\"dawn\",\"rating\":1617,\"seed\":\"sodium,95e9d012ca40b955cfec6e42435f8646\"}\n>p1 switch 6, move tailwind\n>p2 move tailwind, move dazzlinggleam\n>p1 move nuzzle +1, move strugglebug\n>p2 move dracometeor +1, move dazzlinggleam\n>p1 move nuzzle +2, move heatwave\n>p2 switch 6, move dazzlinggleam\n>p1 switch 3, pass\n>p1 move earthpower +1, move heatwave\n>p2 move rockslide, move thunderwave +1\n>p2 switch 6, pass\n>p1 move judgment +2, move tailwind\n>p2 move dracometeor +1, move dazzlinggleam\n>p1 move judgment +1, move heatwave\n>p2 move tailwind, move dazzlinggleam\n>p1 move judgment +1, move heatwave\n>p2 move firepunch +2, move dazzlinggleam\n>p2 switch 5, switch 3\n>p1 move judgment +1, move strugglebug\n>p2 move sacredfire +2, move thunderbolt +1\n>p1 pass, switch 6\n>p1 move recover, move poisonjab +1\n>p2 switch 4, move thunderbolt +1\n>p1 switch 5, pass\n>p1 move rockslide, move knockoff +1\n>p2 move hurricane +2, move thunderbolt +1\n>p2 switch 4, pass\n>p1 move rockslide, move closecombat +2\n>p2 move sacredfire +2, move thunderbolt +1", "uploadtime": 1770443578, "views": 89, "formatid": "gen9randomdoublesbattle", "rating": 1599, "private": 0, "password": null}