{"id": "gen9randomdoublesbattle-2537450779", "format": "[Gen 9] Random Doubles Battle", "players": ["Kiquemo", "mynamegrassgreen"], "log": "|j|☆Kiquemo\n|j|☆mynamegrassgreen\n|t:|1770816624\n|gametype|doubles\n|player|p1|Kiquemo|102|1713\n|player|p2|mynamegrassgreen|266|1811\n|gen|9\n|tier|[Gen 9] Random Doubles Battle\n|rated|\n|rule|Species Clause: Limit one of each Pokémon\n|rule|HP Percentage Mod: HP is shown in percentages\n|rule|Illusion Level Mod: Illusion disguises the Pokémon's true level\n|rule|Sleep Clause Mod: Limit one foe put to sleep\n|\n|t:|1770816624\n|teamsize|p1|6\n|teamsize|p2|6\n|start\n|switch|p1a: Whiscash|Whiscash, L88, M|337/337\n|switch|p1b: Noctowl|Noctowl, L91, F|330/330\n|switch|p2a: Scyther|Scyther, L80, F|243/243\n|switch|p2b: Swampert|Swampert, L82, F|298/298\n|turn|1\n|\n|t:|1770816639\n|switch|p2a: Jolteon|Jolteon, L85, M|249/249\n|move|p1b: Noctowl|Tailwind|p1b: Noctowl\n|-sidestart|p1: Kiquemo|move: Tailwind\n|move|p1a: Whiscash|Muddy Water|p2a: Jolteon|[spread] p2a\n|-miss|p1a: Whiscash|p2b: Swampert\n|-damage|p2a: Jolteon|185/249\n|move|p2b: Swampert|Icy Wind|p1b: Noctowl|[spread] p1a,p1b\n|-supereffective|p1b: Noctowl\n|-damage|p1a: Whiscash|308/337\n|-damage|p1b: Noctowl|288/330\n|-unboost|p1a: Whiscash|spe|1\n|-unboost|p1b: Noctowl|spe|1\n|\n|upkeep\n|turn|2\n|inactive|Battle timer is ON: inactive players will automatically lose when time's up. (requested by Kiquemo)\n|inactive|Kiquemo has 120 seconds left.\n|\n|t:|1770816671\n|move|p2a: Jolteon|Protect|p2a: Jolteon\n|-singleturn|p2a: Jolteon|Protect\n|move|p1b: Noctowl|Hyper Voice|p2b: Swampert|[spread] p2b\n|-activate|p2a: Jolteon|move: Protect\n|-damage|p2b: Swampert|236/298\n|-damage|p1b: Noctowl|255/330|[from] item: Life Orb\n|move|p1a: Whiscash|High Horsepower|p2a: Jolteon\n|-activate|p2a: Jolteon|move: Protect\n|move|p2b: Swampert|Icy Wind|p1a: Whiscash|[spread] p1a,p1b\n|-supereffective|p1b: Noctowl\n|-damage|p1a: Whiscash|278/337\n|-damage|p1b: Noctowl|211/330\n|-unboost|p1a: Whiscash|spe|1\n|-unboost|p1b: Noctowl|spe|1\n|\n|upkeep\n|turn|3\n|\n|t:|1770816686\n|switch|p2a: Hydreigon|Hydreigon, L82, M|285/285\n|switch|p1b: Wo-Chien|Wo-Chien, L85|283/283\n|-ability|p1b: Wo-Chien|Tablets of Ruin\n|move|p1a: Whiscash|High Horsepower|p2a: Hydreigon\n|-immune|p2a: Hydreigon|[from] ability: Levitate\n|move|p2b: Swampert|Knock Off|p1a: Whiscash\n|-damage|p1a: Whiscash|213/337\n|-enditem|p1a: Whiscash|Sitrus Berry|[from] move: Knock Off|[of] p2b: Swampert\n|\n|upkeep\n|turn|4\n|\n|t:|1770816708\n|move|p1b: Wo-Chien|Leech Seed|p2b: Swampert\n|-start|p2b: Swampert|move: Leech Seed\n|move|p2a: Hydreigon|Heat Wave|p1b: Wo-Chien|[spread] p1a,p1b\n|-resisted|p1a: Whiscash\n|-supereffective|p1b: Wo-Chien\n|-damage|p1a: Whiscash|168/337\n|-damage|p1b: Wo-Chien|167/283\n|move|p1a: Whiscash|Muddy Water|p2b: Swampert|[spread] p2a,p2b\n|-resisted|p2a: Hydreigon\n|-damage|p2a: Hydreigon|250/285\n|-damage|p2b: Swampert|193/298\n|-unboost|p2a: Hydreigon|accuracy|1\n|move|p2b: Swampert|Knock Off|p1b: Wo-Chien\n|-resisted|p1b: Wo-Chien\n|-damage|p1b: Wo-Chien|144/283\n|-enditem|p1b: Wo-Chien|Sitrus Berry|[from] move: Knock Off|[of] p2b: Swampert\n|\n|-damage|p2b: Swampert|156/298|[from] Leech Seed|[of] p1b: Wo-Chien\n|-heal|p1b: Wo-Chien|181/283|[silent]\n|-sideend|p1: Kiquemo|move: Tailwind\n|upkeep\n|turn|5\n|inactive|Kiquemo has 120 seconds left.\n|\n|t:|1770816741\n|switch|p2a: Scyther|Scyther, L80, F|243/243\n|switch|p1a: Noctowl|Noctowl, L91, F|211/330\n|move|p1b: Wo-Chien|Leech Seed|p2a: Scyther\n|-start|p2a: Scyther|move: Leech Seed\n|move|p2b: Swampert|Flip Turn|p1a: Noctowl\n|-damage|p1a: Noctowl|141/330\n|\n|t:|1770816749\n|switch|p2b: Jolteon|Jolteon, L85, M|185/249|[from] Flip Turn\n|\n|-damage|p2a: Scyther|213/243|[from] Leech Seed|[of] p1b: Wo-Chien\n|-heal|p1b: Wo-Chien|211/283|[silent]\n|upkeep\n|turn|6\n|\n|t:|1770816764\n|switch|p1a: Whiscash|Whiscash, L88, M|168/337\n|switch|p1b: Iron Treads|Iron Treads, L81|278/278\n|move|p2b: Jolteon|Alluring Voice|p1a: Whiscash\n|-damage|p1a: Whiscash|71/337\n|-damage|p2b: Jolteon|161/249|[from] item: Life Orb\n|move|p2a: Scyther|Bug Bite|p1b: Iron Treads\n|-resisted|p1b: Iron Treads\n|-damage|p1b: Iron Treads|236/278\n|-enditem|p1b: Iron Treads|Sitrus Berry|[from] stealeat|[move] Bug Bite|[of] p2a: Scyther\n|-heal|p2a: Scyther|243/243|[from] item: Sitrus Berry\n|\n|-damage|p2a: Scyther|213/243|[from] Leech Seed|[of] p1b: Iron Treads\n|-heal|p1b: Iron Treads|266/278|[silent]\n|upkeep\n|turn|7\n|\n|t:|1770816784\n|switch|p2b: Swampert|Swampert, L82, F|156/298\n|move|p1a: Whiscash|Protect|p1a: Whiscash\n|-singleturn|p1a: Whiscash|Protect\n|move|p1b: Iron Treads|Stealth Rock|p2a: Scyther\n|-sidestart|p2: mynamegrassgreen|move: Stealth Rock\n|move|p2a: Scyther|Dual Wingbeat|p1a: Whiscash\n|-activate|p1a: Whiscash|move: Protect\n|\n|-damage|p2a: Scyther|183/243|[from] Leech Seed|[of] p1b: Iron Treads\n|-heal|p1b: Iron Treads|278/278|[silent]\n|upkeep\n|turn|8\n|\n|t:|1770816804\n|move|p1b: Iron Treads|Knock Off|p2b: Swampert\n|-damage|p2b: Swampert|84/298\n|-enditem|p2b: Swampert|Assault Vest|[from] move: Knock Off|[of] p1b: Iron Treads\n|move|p2a: Scyther|Bug Bite|p1a: Whiscash\n|-damage|p1a: Whiscash|0 fnt\n|faint|p1a: Whiscash\n|move|p2b: Swampert|Icy Wind|p1b: Iron Treads\n|-damage|p1b: Iron Treads|240/278\n|-unboost|p1b: Iron Treads|spe|1\n|\n|-damage|p2a: Scyther|153/243|[from] Leech Seed|[of] p1b: Iron Treads\n|-heal|p1b: Iron Treads|270/278|[silent]\n|upkeep\n|\n|t:|1770816817\n|switch|p1a: Noctowl|Noctowl, L91, F|141/330\n|turn|9\n|\n|t:|1770816830\n|move|p1a: Noctowl|Protect|p1a: Noctowl\n|-singleturn|p1a: Noctowl|Protect\n|move|p2a: Scyther|Dual Wingbeat|p1a: Noctowl\n|-activate|p1a: Noctowl|move: Protect\n|move|p2b: Swampert|High Horsepower|p1b: Iron Treads\n|-supereffective|p1b: Iron Treads\n|-damage|p1b: Iron Treads|106/278\n|move|p1b: Iron Treads|Knock Off|p2a: Scyther\n|-damage|p2a: Scyther|98/243\n|-enditem|p2a: Scyther|Eviolite|[from] move: Knock Off|[of] p1b: Iron Treads\n|\n|-damage|p2a: Scyther|68/243|[from] Leech Seed|[of] p1b: Iron Treads\n|-heal|p1b: Iron Treads|136/278|[silent]\n|upkeep\n|turn|10\n|\n|t:|1770816849\n|-end|p1b: Iron Treads|Quark Drive|[silent]\n|switch|p1b: Wo-Chien|Wo-Chien, L85|211/283\n|-ability|p1b: Wo-Chien|Tablets of Ruin\n|move|p2a: Scyther|Dual Wingbeat|p1a: Noctowl\n|-damage|p1a: Noctowl|77/330\n|-damage|p1a: Noctowl|14/330\n|-hitcount|p1a: Noctowl|2\n|move|p1a: Noctowl|Tailwind|p1a: Noctowl\n|-sidestart|p1: Kiquemo|move: Tailwind\n|move|p2b: Swampert|High Horsepower|p1b: Wo-Chien\n|-resisted|p1b: Wo-Chien\n|-damage|p1b: Wo-Chien|174/283\n|\n|-damage|p2a: Scyther|38/243|[from] Leech Seed|[of] p1b: Wo-Chien\n|-heal|p1b: Wo-Chien|204/283|[silent]\n|upkeep\n|turn|11\n|inactive|Kiquemo has 120 seconds left.\n|\n|t:|1770816883\n|move|p2a: Scyther|Protect|p2a: Scyther\n|-singleturn|p2a: Scyther|Protect\n|move|p1a: Noctowl|Hyper Voice|p2a: Scyther|[spread] p2b\n|-activate|p2a: Scyther|move: Protect\n|-damage|p2b: Swampert|0 fnt\n|faint|p2b: Swampert\n|-damage|p1a: Noctowl|0 fnt|[from] item: Life Orb\n|faint|p1a: Noctowl\n|move|p1b: Wo-Chien|Pollen Puff|p1: Noctowl|[notarget]\n|-fail|p1b: Wo-Chien\n|\n|-damage|p2a: Scyther|8/243|[from] Leech Seed|[of] p1b: Wo-Chien\n|-heal|p1b: Wo-Chien|234/283|[silent]\n|upkeep\n|c|☆mynamegrassgreen|these rocks r annoying\n|c|☆mynamegrassgreen|cant switch out\n|inactive|Kiquemo has 120 seconds left.\n|\n|t:|1770816894\n|switch|p1a: Indeedee|Indeedee, L79, M|224/224\n|switch|p2b: Hydreigon|Hydreigon, L82, M|250/285\n|-fieldstart|move: Psychic Terrain|[from] ability: Psychic Surge|[of] p1a: Indeedee\n|-damage|p2b: Hydreigon|215/285|[from] Stealth Rock\n|turn|12\n|inactive|mynamegrassgreen has 120 seconds left.\n|\n|t:|1770816939\n|move|p1a: Indeedee|Hyper Voice|p2b: Hydreigon|[spread] p2a,p2b\n|-damage|p2a: Scyther|0 fnt\n|-damage|p2b: Hydreigon|113/285\n|faint|p2a: Scyther\n|move|p1b: Wo-Chien|Pollen Puff|p2b: Hydreigon\n|-supereffective|p2b: Hydreigon\n|-crit|p2b: Hydreigon\n|-damage|p2b: Hydreigon|0 fnt\n|faint|p2b: Hydreigon\n|\n|upkeep\n|\n|t:|1770816951\n|switch|p2a: Palossand|Palossand, L90, F|299/299\n|switch|p2b: Meloetta|Meloetta, L80|291/291\n|-damage|p2b: Meloetta|255/291|[from] Stealth Rock\n|-damage|p2a: Palossand|281/299|[from] Stealth Rock\n|turn|13\n|\n|t:|1770816960\n|move|p2b: Meloetta|Protect|p2b: Meloetta\n|-singleturn|p2b: Meloetta|Protect\n|move|p2a: Palossand|Protect|p2a: Palossand\n|-singleturn|p2a: Palossand|Protect\n|move|p1a: Indeedee|Hyper Voice|p2a: Palossand|[spread] \n|-activate|p2a: Palossand|move: Protect\n|-activate|p2b: Meloetta|move: Protect\n|move|p1b: Wo-Chien|Knock Off|p2a: Palossand\n|-activate|p2a: Palossand|move: Protect\n|\n|-heal|p2a: Palossand|299/299|[from] item: Leftovers\n|-sideend|p1: Kiquemo|move: Tailwind\n|upkeep\n|turn|14\n|\n|t:|1770816972\n|-terastallize|p2b: Meloetta|Normal\n|move|p1a: Indeedee|Hyper Voice|p2b: Meloetta|[spread] p2b\n|-immune|p2a: Palossand\n|-damage|p2b: Meloetta|182/291\n|move|p2b: Meloetta|Hyper Voice|p1a: Indeedee|[spread] p1a,p1b\n|-damage|p1a: Indeedee|73/224\n|-damage|p1b: Wo-Chien|133/283\n|-damage|p2b: Meloetta|153/291|[from] item: Life Orb\n|move|p1b: Wo-Chien|Knock Off|p2a: Palossand\n|-supereffective|p2a: Palossand\n|-crit|p2a: Palossand\n|-damage|p2a: Palossand|51/299\n|-enditem|p2a: Palossand|Leftovers|[from] move: Knock Off|[of] p1b: Wo-Chien\n|move|p2a: Palossand|Shore Up|p2a: Palossand\n|-heal|p2a: Palossand|200/299\n|\n|upkeep\n|turn|15\n|c|☆mynamegrassgreen|bruh every crit imaginable\n|inactive|Kiquemo has 120 seconds left.\n|\n|t:|1770817012\n|move|p2b: Meloetta|Protect|p2b: Meloetta\n|-singleturn|p2b: Meloetta|Protect\n|move|p1a: Indeedee|Hyper Voice|p2b: Meloetta|[spread] \n|-activate|p2b: Meloetta|move: Protect\n|-immune|p2a: Palossand\n|move|p1b: Wo-Chien|Knock Off|p2b: Meloetta\n|-activate|p2b: Meloetta|move: Protect\n|move|p2a: Palossand|Earth Power|p1a: Indeedee\n|-damage|p1a: Indeedee|0 fnt\n|faint|p1a: Indeedee\n|\n|upkeep\n|\n|t:|1770817019\n|switch|p1a: Iron Treads|Iron Treads, L81|136/278\n|turn|16\n|\n|t:|1770817027\n|switch|p2b: Jolteon|Jolteon, L85, M|161/249\n|-damage|p2b: Jolteon|130/249|[from] Stealth Rock\n|move|p1a: Iron Treads|Iron Head|p2b: Jolteon\n|-resisted|p2b: Jolteon\n|-damage|p2b: Jolteon|88/249\n|move|p1b: Wo-Chien|Leech Seed|p2a: Palossand\n|-start|p2a: Palossand|move: Leech Seed\n|move|p2a: Palossand|Earth Power|p1a: Iron Treads\n|-supereffective|p1a: Iron Treads\n|-damage|p1a: Iron Treads|0 fnt\n|faint|p1a: Iron Treads\n|-end|p1a: Iron Treads|Quark Drive|[silent]\n|\n|-damage|p2a: Palossand|163/299|[from] Leech Seed|[of] p1b: Wo-Chien\n|-heal|p1b: Wo-Chien|170/283|[silent]\n|-fieldend|move: Psychic Terrain\n|upkeep\n|\n|t:|1770817038\n|switch|p1a: Tsareena|Tsareena, L85, F|261/261\n|turn|17\n|\n|t:|1770817058\n|-terastallize|p1b: Wo-Chien|Poison\n|move|p2a: Palossand|Protect|p2a: Palossand\n|-singleturn|p2a: Palossand|Protect\n|move|p2b: Jolteon|Alluring Voice|p1b: Wo-Chien\n|-resisted|p1b: Wo-Chien\n|-damage|p1b: Wo-Chien|140/283\n|-damage|p2b: Jolteon|64/249|[from] item: Life Orb\n|move|p1a: Tsareena|Power Whip|p2a: Palossand\n|-activate|p2a: Palossand|move: Protect\n|move|p1b: Wo-Chien|Leech Seed|p2b: Jolteon\n|-start|p2b: Jolteon|move: Leech Seed\n|\n|-damage|p2b: Jolteon|33/249|[from] Leech Seed|[of] p1b: Wo-Chien\n|-heal|p1b: Wo-Chien|171/283|[silent]\n|-damage|p2a: Palossand|126/299|[from] Leech Seed|[of] p1b: Wo-Chien\n|-heal|p1b: Wo-Chien|208/283|[silent]\n|upkeep\n|turn|18\n|\n|t:|1770817079\n|move|p1b: Wo-Chien|Protect|p1b: Wo-Chien\n|-singleturn|p1b: Wo-Chien|Protect\n|move|p2b: Jolteon|Thunderbolt|p1b: Wo-Chien\n|-activate|p1b: Wo-Chien|move: Protect\n|move|p1a: Tsareena|Power Whip|p2a: Palossand\n|-supereffective|p2a: Palossand\n|-damage|p2a: Palossand|0 fnt\n|faint|p2a: Palossand\n|\n|-damage|p2b: Jolteon|2/249|[from] Leech Seed|[of] p1b: Wo-Chien\n|-heal|p1b: Wo-Chien|239/283|[silent]\n|upkeep\n|\n|t:|1770817093\n|switch|p2a: Meloetta|Meloetta, L80, tera:Normal|153/291\n|-damage|p2a: Meloetta|117/291|[from] Stealth Rock\n|turn|19\n|\n|t:|1770817112\n|move|p2a: Meloetta|Protect|p2a: Meloetta\n|-singleturn|p2a: Meloetta|Protect\n|move|p1b: Wo-Chien|Protect||[still]\n|-fail|p1b: Wo-Chien\n|move|p2b: Jolteon|Alluring Voice|p1a: Tsareena\n|-damage|p1a: Tsareena|209/261\n|-damage|p2b: Jolteon|0 fnt|[from] item: Life Orb\n|faint|p2b: Jolteon\n|move|p1a: Tsareena|High Jump Kick|p2a: Meloetta\n|-activate|p2a: Meloetta|move: Protect\n|-damage|p1a: Tsareena|79/261|[from] highjumpkick\n|\n|upkeep\n|turn|20\n|\n|t:|1770817126\n|move|p2a: Meloetta|Hyper Voice|p1b: Wo-Chien|[spread] p1a,p1b\n|-crit|p1b: Wo-Chien\n|-damage|p1a: Tsareena|0 fnt\n|-damage|p1b: Wo-Chien|83/283\n|faint|p1a: Tsareena\n|-damage|p2a: Meloetta|88/291|[from] item: Life Orb\n|move|p1b: Wo-Chien|Pollen Puff|p2a: Meloetta\n|-crit|p2a: Meloetta\n|-damage|p2a: Meloetta|11/291\n|\n|upkeep\n|turn|21\n|\n|t:|1770817144\n|move|p2a: Meloetta|Psychic|p1b: Wo-Chien\n|-supereffective|p1b: Wo-Chien\n|-damage|p1b: Wo-Chien|0 fnt\n|faint|p1b: Wo-Chien\n|-damage|p2a: Meloetta|0 fnt|[from] item: Life Orb\n|faint|p2a: Meloetta\n|\n|win|mynamegrassgreen\n|raw|Kiquemo's rating: 1713 &rarr; <strong>1698</strong><br />(-15 for losing)\n|raw|mynamegrassgreen's rating: 1811 &rarr; <strong>1826</strong><br />(+15 for winning)\n|c|☆mynamegrassgreen|ggs mate\n|l|☆Kiquemo\n|player|p1|\n|c|☆mynamegrassgreen|veyr well played\n", "inputlog": ">version ccdc32dd7cde25fd9e4bed64820e885f66e78a4e\n>start {\"formatid\":\"gen9randomdoublesbattle\",\"seed\":\"sodium,f4b38cbc9343bf5502fc555e35ad8d06\",\"rated\":\"Rated battle\"}\n>player p1 {\"name\":\"Kiquemo\",\"avatar\":\"102\",\"rating\":1713,\"seed\":\"sodium,ca5a8a4a4650496616b30fc7b7bd90e6\"}\n>player p2 {\"name\":\"mynamegrassgreen\",\"avatar\":\"266\",\"rating\":1811,\"seed\":\"sodium,f75b40dd370b841dfe36981d834405b0\"}\n>p1 move muddywater, move tailwind\n>p2 switch 6, move icywind\n>p1 move highhorsepower +1, move hypervoice\n>p2 move protect, move icywind\n>p1 move highhorsepower +1, switch 4\n>p2 switch 5, move knockoff +1\n>p1 move muddywater, move leechseed +2\n>p2 move heatwave, move knockoff +2\n>p1 switch 4, move leechseed +1\n>p2 switch 6, move flipturn +1\n>p2 pass, switch 5\n>p1 switch 4, switch 6\n>p2 move bugbite +2, move alluringvoice +1\n>p1 move protect, move stealthrock\n>p2 move dualwingbeat +1, switch 5\n>p1 move muddywater, move knockoff +2\n>p2 move bugbite +1, move icywind\n>p1 switch 4, pass\n>p1 move protect, move knockoff +1\n>p2 move dualwingbeat +1, move highhorsepower +2\n>p1 move tailwind, switch 6\n>p2 move dualwingbeat +1, move highhorsepower +2\n>p1 move hypervoice, move pollenpuff -1\n>p2 move protect, move icywind\n>chat ☆mynamegrassgreen|these rocks r annoying\n>chat ☆mynamegrassgreen|cant switch out\n>p1 switch 5, pass\n>p2 pass, switch 6\n>p1 move hypervoice, move pollenpuff +2\n>p2 move bugbite +2, move heatwave\n>p2 switch 3, switch 4\n>p1 move hypervoice, move knockoff +1\n>p2 move protect, move protect\n>p1 move hypervoice, move knockoff +1\n>p2 move shoreup, move hypervoice terastallize\n>chat ☆mynamegrassgreen|bruh every crit imaginable\n>p1 move hypervoice, move knockoff +2\n>p2 move earthpower +1, move protect\n>p1 switch 6, pass\n>p1 move ironhead +2, move leechseed +1\n>p2 move earthpower +1, switch 5\n>p1 switch 3, pass\n>p1 move powerwhip +1, move leechseed +2 terastallize\n>p2 move protect, move alluringvoice +2\n>p1 move powerwhip +1, move protect\n>p2 move earthpower +2, move thunderbolt +2\n>p2 switch 5, pass\n>p1 move highjumpkick +1, move protect\n>p2 move protect, move alluringvoice +1\n>p1 move highjumpkick +1, move pollenpuff +1\n>p2 move hypervoice, pass\n>p1 pass, move pollenpuff +1\n>p2 move psychic +2, pass", "uploadtime": 1770817152, "views": 63, "formatid": "gen9randomdoublesbattle", "rating": 1698, "private": 0, "password": null}