{"id": "gen9randomdoublesbattle-2537036418", "format": "[Gen 9] Random Doubles Battle", "players": ["JaxAG", "milkduds310"], "log": "|j|☆JaxAG\n|j|☆milkduds310\n|t:|1770759078\n|gametype|doubles\n|player|p1|JaxAG|unknown|1549\n|player|p2|milkduds310|koga|1583\n|gen|9\n|tier|[Gen 9] Random Doubles Battle\n|rated|\n|rule|Species Clause: Limit one of each Pokémon\n|rule|HP Percentage Mod: HP is shown in percentages\n|rule|Illusion Level Mod: Illusion disguises the Pokémon's true level\n|rule|Sleep Clause Mod: Limit one foe put to sleep\n|\n|t:|1770759078\n|teamsize|p1|6\n|teamsize|p2|6\n|start\n|switch|p1a: Dragapult|Dragapult, L79, F|269/269\n|switch|p1b: Komala|Komala, L92, F|269/269\n|switch|p2a: Passimian|Passimian, L82, M|298/298\n|switch|p2b: Decidueye|Decidueye-Hisui, L85, M|288/288\n|-ability|p1b: Komala|Comatose\n|turn|1\n|inactive|Battle timer is ON: inactive players will automatically lose when time's up. (requested by milkduds310)\n|\n|t:|1770759111\n|switch|p1a: Dudunsparce|Dudunsparce, L86, F|355/355\n|switch|p1b: Dragalge|Dragalge, L88, F|258/258\n|move|p2a: Passimian|Close Combat|p1b: Dragalge\n|-resisted|p1b: Dragalge\n|-crit|p1b: Dragalge\n|-damage|p1b: Dragalge|166/258\n|-unboost|p2a: Passimian|def|1\n|-unboost|p2a: Passimian|spd|1\n|move|p2b: Decidueye|Knock Off|p1a: Dudunsparce\n|-damage|p1a: Dudunsparce|265/355\n|-ability|p1a: Dudunsparce|Rattled|boost\n|-boost|p1a: Dudunsparce|spe|1\n|-enditem|p1a: Dudunsparce|Sitrus Berry|[from] move: Knock Off|[of] p2b: Decidueye\n|\n|upkeep\n|turn|2\n|\n|t:|1770759129\n|switch|p2a: Deoxys|Deoxys-Defense, L88|231/231\n|-ability|p2a: Deoxys|Pressure\n|move|p1a: Dudunsparce|Glare|p2a: Deoxys\n|-status|p2a: Deoxys|par\n|move|p2b: Decidueye|Tailwind|p2b: Decidueye\n|-sidestart|p2: milkduds310|move: Tailwind\n|move|p1b: Dragalge|Sludge Bomb|p2b: Decidueye\n|-supereffective|p2b: Decidueye\n|-damage|p2b: Decidueye|0 fnt\n|faint|p2b: Decidueye\n|-damage|p1b: Dragalge|141/258|[from] item: Life Orb\n|\n|upkeep\n|\n|t:|1770759153\n|switch|p2b: Passimian|Passimian, L82, M|298/298\n|turn|3\n|\n|t:|1770759166\n|move|p1a: Dudunsparce|Protect|p1a: Dudunsparce\n|-singleturn|p1a: Dudunsparce|Protect\n|move|p2b: Passimian|Rock Slide|p1a: Dudunsparce|[spread] p1b\n|-activate|p1a: Dudunsparce|move: Protect\n|-damage|p1b: Dragalge|96/258\n|cant|p2a: Deoxys|par\n|move|p1b: Dragalge|Draco Meteor|p2b: Passimian\n|-damage|p2b: Passimian|0 fnt\n|-unboost|p1b: Dragalge|spa|2\n|faint|p2b: Passimian\n|-damage|p1b: Dragalge|71/258|[from] item: Life Orb\n|\n|upkeep\n|\n|t:|1770759184\n|switch|p2b: Venusaur|Venusaur, L86, F|278/278\n|turn|4\n|\n|t:|1770759192\n|move|p2b: Venusaur|Sludge Bomb|p1a: Dudunsparce\n|-damage|p1a: Dudunsparce|119/355\n|-damage|p2b: Venusaur|251/278|[from] item: Life Orb\n|move|p1a: Dudunsparce|Glare|p2b: Venusaur\n|-status|p2b: Venusaur|par\n|cant|p2a: Deoxys|par\n|move|p1b: Dragalge|Sludge Bomb|p2b: Venusaur\n|-crit|p2b: Venusaur\n|-damage|p2b: Venusaur|0 fnt\n|faint|p2b: Venusaur\n|-damage|p1b: Dragalge|46/258|[from] item: Life Orb\n|\n|upkeep\n|\n|t:|1770759219\n|switch|p2b: Gliscor|Gliscor, L81, M|254/254\n|turn|5\n|\n|t:|1770759241\n|move|p2b: Gliscor|Facade|p1b: Dragalge\n|-damage|p1b: Dragalge|0 fnt\n|faint|p1b: Dragalge\n|move|p1a: Dudunsparce|Hyper Drill|p2a: Deoxys\n|-damage|p2a: Deoxys|170/231 par\n|move|p2a: Deoxys|Spikes|p1a: Dudunsparce\n|-sidestart|p1: JaxAG|Spikes\n|\n|-sideend|p2: milkduds310|move: Tailwind\n|-status|p2b: Gliscor|tox|[from] item: Toxic Orb\n|upkeep\n|\n|t:|1770759255\n|switch|p1b: Enamorus|Enamorus-Therian, L82, F|256/256\n|turn|6\n|\n|t:|1770759272\n|move|p2b: Gliscor|Protect|p2b: Gliscor\n|-singleturn|p2b: Gliscor|Protect\n|move|p1a: Dudunsparce|Hyper Drill|p2a: Deoxys\n|-damage|p2a: Deoxys|109/231 par\n|-enditem|p2a: Deoxys|Sitrus Berry|[eat]\n|-heal|p2a: Deoxys|166/231 par|[from] item: Sitrus Berry\n|move|p1b: Enamorus|Springtide Storm|p2a: Deoxys|[spread] p2a\n|-activate|p2b: Gliscor|move: Protect\n|-damage|p2a: Deoxys|111/231 par\n|move|p2a: Deoxys|Icy Wind|p1b: Enamorus|[spread] p1a,p1b\n|-supereffective|p1b: Enamorus\n|-damage|p1a: Dudunsparce|93/355\n|-damage|p1b: Enamorus|206/256\n|-unboost|p1a: Dudunsparce|spe|1\n|-unboost|p1b: Enamorus|spe|1\n|\n|upkeep\n|turn|7\n|\n|t:|1770759291\n|move|p2b: Gliscor|Facade|p1a: Dudunsparce\n|-damage|p1a: Dudunsparce|0 fnt\n|faint|p1a: Dudunsparce\n|cant|p2a: Deoxys|par\n|move|p1b: Enamorus|Springtide Storm|p2a: Deoxys|[spread] p2a\n|-miss|p1b: Enamorus|p2b: Gliscor\n|-damage|p2a: Deoxys|50/231 par\n|-unboost|p2a: Deoxys|atk|1\n|\n|upkeep\n|\n|t:|1770759306\n|switch|p1a: Komala|Komala, L92, F|269/269\n|-damage|p1a: Komala|236/269|[from] Spikes\n|-ability|p1a: Komala|Comatose\n|turn|8\n|inactive|milkduds310 has 120 seconds left.\n|\n|t:|1770759341\n|move|p2b: Gliscor|Facade|p1a: Komala\n|-damage|p1a: Komala|136/269\n|move|p1a: Komala|Double-Edge|p2a: Deoxys\n|-damage|p2a: Deoxys|0 fnt\n|faint|p2a: Deoxys\n|-damage|p1a: Komala|119/269|[from] Recoil\n|move|p1b: Enamorus|Springtide Storm|p2b: Gliscor\n|-damage|p2b: Gliscor|92/254 tox\n|-unboost|p2b: Gliscor|atk|1\n|\n|-heal|p2b: Gliscor|123/254 tox|[from] ability: Poison Heal\n|upkeep\n|\n|t:|1770759343\n|switch|p2a: Beartic|Beartic, L91, M|321/321\n|turn|9\n|\n|t:|1770759360\n|move|p2b: Gliscor|Protect|p2b: Gliscor\n|-singleturn|p2b: Gliscor|Protect\n|move|p1a: Komala|Superpower|p2a: Beartic\n|-supereffective|p2a: Beartic\n|-damage|p2a: Beartic|101/321\n|-unboost|p1a: Komala|atk|1\n|-unboost|p1a: Komala|def|1\n|move|p2a: Beartic|Icicle Crash|p1b: Enamorus|[miss]\n|-miss|p2a: Beartic|p1b: Enamorus\n|move|p1b: Enamorus|Springtide Storm|p2b: Gliscor|[spread] \n|-activate|p2b: Gliscor|move: Protect\n|-miss|p1b: Enamorus|p2a: Beartic\n|\n|-heal|p2b: Gliscor|154/254 tox|[from] ability: Poison Heal\n|upkeep\n|turn|10\n|\n|t:|1770759378\n|move|p2b: Gliscor|Swords Dance|p2b: Gliscor\n|-boost|p2b: Gliscor|atk|2\n|move|p1a: Komala|Superpower|p2a: Beartic\n|-supereffective|p2a: Beartic\n|-damage|p2a: Beartic|0 fnt\n|-unboost|p1a: Komala|atk|1\n|-unboost|p1a: Komala|def|1\n|faint|p2a: Beartic\n|move|p1b: Enamorus|Springtide Storm|p2b: Gliscor\n|-crit|p2b: Gliscor\n|-damage|p2b: Gliscor|0 fnt\n|faint|p2b: Gliscor\n|\n|win|JaxAG\n|raw|JaxAG's rating: 1549 &rarr; <strong>1571</strong><br />(+22 for winning)\n|raw|milkduds310's rating: 1583 &rarr; <strong>1561</strong><br />(-22 for losing)\n|l|☆milkduds310\n|player|p2|\n", "inputlog": ">version ccdc32dd7cde25fd9e4bed64820e885f66e78a4e\n>start {\"formatid\":\"gen9randomdoublesbattle\",\"seed\":\"sodium,7912b33cc4d7864dac27450982ed2304\",\"rated\":\"Rated battle\"}\n>player p1 {\"name\":\"JaxAG\",\"avatar\":\"unknown\",\"rating\":1549,\"seed\":\"sodium,b8aab5c1a31072aa471e972667fd6aa5\"}\n>player p2 {\"name\":\"milkduds310\",\"avatar\":\"koga\",\"rating\":1583,\"seed\":\"sodium,8c4a0b68b774c1a7c55b057186247a60\"}\n>p1 switch 6, switch 3\n>p2 move closecombat +2, move knockoff +1\n>p1 move glare +1, move sludgebomb +2\n>p2 switch 3, move tailwind\n>p2 pass, switch 3\n>p1 move protect, move dracometeor +2\n>p2 move spikes, move rockslide\n>p2 pass, switch 4\n>p1 move glare +2, move sludgebomb +2\n>p2 move spikes, move sludgebomb +1\n>p2 pass, switch 6\n>p1 move hyperdrill +1, move sludgebomb +1\n>p2 move spikes, move facade +2\n>p1 pass, switch 5\n>p1 move hyperdrill +1, move springtidestorm\n>p2 move icywind, move protect\n>p1 move hyperdrill +1, move springtidestorm\n>p2 move spikes, move facade +1\n>p1 switch 3, pass\n>p1 move doubleedge +1, move springtidestorm\n>p2 move knockoff +2, move facade +1\n>p2 switch 5, pass\n>p1 move superpower +1, move springtidestorm\n>p2 move iciclecrash +2, move protect\n>p1 move superpower +1, move springtidestorm\n>p2 move iciclecrash +2, move swordsdance", "uploadtime": 1770759399, "views": 70, "formatid": "gen9randomdoublesbattle", "rating": 1561, "private": 0, "password": null}