{"id": "gen9randomdoublesbattle-2540623732", "format": "[Gen 9] Random Doubles Battle", "players": ["kalsonofjor", "JIANGNA"], "log": "|j|☆kalsonofjor\n|j|☆JIANGNA\n|t:|1771229327\n|gametype|doubles\n|player|p1|kalsonofjor|265|1839\n|player|p2|JIANGNA|102|1770\n|gen|9\n|tier|[Gen 9] Random Doubles Battle\n|rated|\n|rule|Species Clause: Limit one of each Pokémon\n|rule|HP Percentage Mod: HP is shown in percentages\n|rule|Illusion Level Mod: Illusion disguises the Pokémon's true level\n|rule|Sleep Clause Mod: Limit one foe put to sleep\n|\n|t:|1771229327\n|teamsize|p1|6\n|teamsize|p2|6\n|start\n|switch|p1a: Malamar|Malamar, L80, F|269/269\n|switch|p1b: Regirock|Regirock, L82|265/265\n|switch|p2a: Donphan|Donphan, L87, M|298/298\n|switch|p2b: Ninetales|Ninetales, L79, F|245/245\n|-weather|SunnyDay|[from] ability: Drought|[of] p2b: Ninetales\n|turn|1\n|\n|t:|1771229356\n|move|p1a: Malamar|Protect|p1a: Malamar\n|-singleturn|p1a: Malamar|Protect\n|move|p2b: Ninetales|Fire Blast|p1a: Malamar\n|-activate|p1a: Malamar|move: Protect\n|move|p2a: Donphan|Knock Off|p1b: Regirock\n|-damage|p1b: Regirock|216/265\n|-enditem|p1b: Regirock|Chesto Berry|[from] move: Knock Off|[of] p2a: Donphan\n|move|p1b: Regirock|Rock Slide|p2a: Donphan|[spread] p2a,p2b\n|-resisted|p2a: Donphan\n|-supereffective|p2b: Ninetales\n|-damage|p2a: Donphan|276/298\n|-damage|p2b: Ninetales|107/245\n|\n|-weather|SunnyDay|[upkeep]\n|upkeep\n|turn|2\n|\n|t:|1771229377\n|switch|p1a: Blissey|Blissey, L96, F|645/645\n|move|p2b: Ninetales|Fire Blast|p1a: Blissey\n|-damage|p1a: Blissey|524/645\n|-damage|p2b: Ninetales|83/245|[from] item: Life Orb\n|move|p2a: Donphan|High Horsepower|p1b: Regirock\n|-supereffective|p1b: Regirock\n|-damage|p1b: Regirock|72/265\n|move|p1b: Regirock|Rock Slide|p2a: Donphan|[spread] p2a,p2b\n|-resisted|p2a: Donphan\n|-supereffective|p2b: Ninetales\n|-damage|p2a: Donphan|252/298\n|-damage|p2b: Ninetales|0 fnt\n|faint|p2b: Ninetales\n|\n|-weather|SunnyDay|[upkeep]\n|upkeep\n|\n|t:|1771229392\n|switch|p2b: Zacian|Zacian, L70|245/245\n|-ability|p2b: Zacian|Intrepid Sword|boost\n|-boost|p2b: Zacian|atk|1\n|turn|3\n|\n|t:|1771229420\n|switch|p1a: Coalossal|Coalossal, L90, F|344/344\n|move|p2b: Zacian|Close Combat|p1a: Coalossal\n|-supereffective|p1a: Coalossal\n|-damage|p1a: Coalossal|131/344\n|-unboost|p2b: Zacian|def|1\n|-unboost|p2b: Zacian|spd|1\n|-status|p2b: Zacian|brn|[from] ability: Flame Body|[of] p1a: Coalossal\n|-enditem|p1a: Coalossal|Sitrus Berry|[eat]\n|-heal|p1a: Coalossal|217/344|[from] item: Sitrus Berry\n|-damage|p2b: Zacian|221/245 brn|[from] item: Life Orb\n|move|p2a: Donphan|High Horsepower|p1b: Regirock\n|-supereffective|p1b: Regirock\n|-damage|p1b: Regirock|0 fnt\n|faint|p1b: Regirock\n|\n|-weather|SunnyDay|[upkeep]\n|-damage|p2b: Zacian|206/245 brn|[from] brn\n|upkeep\n|\n|t:|1771229443\n|switch|p1b: Zacian|Zacian, L70|245/245\n|-ability|p1b: Zacian|Intrepid Sword|boost\n|-boost|p1b: Zacian|atk|1\n|turn|4\n|\n|t:|1771229459\n|-terastallize|p1a: Coalossal|Water\n|move|p2b: Zacian|Play Rough|p1b: Zacian\n|-damage|p1b: Zacian|170/245\n|-damage|p2b: Zacian|182/245 brn|[from] item: Life Orb\n|move|p1b: Zacian|Play Rough|p2b: Zacian\n|-damage|p2b: Zacian|0 fnt\n|faint|p2b: Zacian\n|-damage|p1b: Zacian|146/245|[from] item: Life Orb\n|move|p2a: Donphan|High Horsepower|p1a: Coalossal\n|-damage|p1a: Coalossal|123/344\n|move|p1a: Coalossal|Will-O-Wisp|p2a: Donphan\n|-status|p2a: Donphan|brn\n|\n|-weather|SunnyDay|[upkeep]\n|-damage|p2a: Donphan|234/298 brn|[from] brn\n|upkeep\n|\n|t:|1771229477\n|switch|p2b: Squawkabilly|Squawkabilly, L91, M|297/297\n|-ability|p2b: Squawkabilly|Intimidate|boost\n|-unboost|p1a: Coalossal|atk|1\n|-unboost|p1b: Zacian|atk|1\n|turn|5\n|\n|t:|1771229495\n|move|p1b: Zacian|Protect|p1b: Zacian\n|-singleturn|p1b: Zacian|Protect\n|move|p2b: Squawkabilly|Brave Bird|p1b: Zacian\n|-activate|p1b: Zacian|move: Protect\n|move|p2a: Donphan|Stone Edge|p1b: Zacian\n|-activate|p1b: Zacian|move: Protect\n|move|p1a: Coalossal|Will-O-Wisp|p2b: Squawkabilly\n|-status|p2b: Squawkabilly|brn\n|\n|-weather|none\n|-damage|p2b: Squawkabilly|279/297 brn|[from] brn\n|-damage|p2a: Donphan|216/298 brn|[from] brn\n|upkeep\n|turn|6\n|\n|t:|1771229531\n|switch|p1b: Pincurchin|Pincurchin, L97, F|250/250\n|-fieldstart|move: Electric Terrain|[from] ability: Electric Surge|[of] p1b: Pincurchin\n|move|p2b: Squawkabilly|Brave Bird|p1b: Pincurchin\n|-resisted|p1b: Pincurchin\n|-damage|p1b: Pincurchin|211/250\n|-damage|p2b: Squawkabilly|266/297 brn|[from] Recoil\n|-damage|p2b: Squawkabilly|237/297 brn|[from] item: Life Orb\n|move|p2a: Donphan|High Horsepower|p1b: Pincurchin|[miss]\n|-miss|p2a: Donphan|p1b: Pincurchin\n|move|p1a: Coalossal|Stone Edge|p2b: Squawkabilly\n|-supereffective|p2b: Squawkabilly\n|-crit|p2b: Squawkabilly\n|-damage|p2b: Squawkabilly|0 fnt\n|faint|p2b: Squawkabilly\n|\n|-damage|p2a: Donphan|198/298 brn|[from] brn\n|upkeep\n|\n|t:|1771229536\n|switch|p2b: Archaludon|Archaludon, L77, F|265/265\n|turn|7\n|inactive|Battle timer is ON: inactive players will automatically lose when time's up. (requested by kalsonofjor)\n|\n|t:|1771229596\n|move|p2b: Archaludon|Thunderbolt|p1a: Coalossal\n|-supereffective|p1a: Coalossal\n|-damage|p1a: Coalossal|0 fnt\n|faint|p1a: Coalossal\n|move|p2a: Donphan|High Horsepower|p1b: Pincurchin\n|-supereffective|p1b: Pincurchin\n|-damage|p1b: Pincurchin|111/250\n|-enditem|p1b: Pincurchin|Sitrus Berry|[eat]\n|-heal|p1b: Pincurchin|173/250|[from] item: Sitrus Berry\n|move|p1b: Pincurchin|Electroweb|p2b: Archaludon|[spread] p2b\n|-immune|p2a: Donphan\n|-resisted|p2b: Archaludon\n|-damage|p2b: Archaludon|218/265\n|-unboost|p2b: Archaludon|spe|1\n|-ability|p2b: Archaludon|Stamina|boost\n|-boost|p2b: Archaludon|def|1\n|\n|-damage|p2a: Donphan|180/298 brn|[from] brn\n|upkeep\n|\n|t:|1771229612\n|switch|p1a: Malamar|Malamar, L80, F|269/269\n|turn|8\n|inactive|JIANGNA has 120 seconds left.\n|\n|t:|1771229653\n|-terastallize|p2b: Archaludon|Fighting\n|move|p1a: Malamar|Superpower|p2b: Archaludon\n|-damage|p2b: Archaludon|177/265\n|-boost|p1a: Malamar|atk|1\n|-boost|p1a: Malamar|def|1\n|-ability|p2b: Archaludon|Stamina|boost\n|-boost|p2b: Archaludon|def|1\n|move|p2a: Donphan|High Horsepower|p1b: Pincurchin\n|-supereffective|p1b: Pincurchin\n|-crit|p1b: Pincurchin\n|-damage|p1b: Pincurchin|20/250\n|move|p2b: Archaludon|Thunderbolt|p1a: Malamar\n|-damage|p1a: Malamar|130/269\n|-enditem|p1a: Malamar|Sitrus Berry|[eat]\n|-heal|p1a: Malamar|197/269|[from] item: Sitrus Berry\n|move|p1b: Pincurchin|Thunderbolt|p2b: Archaludon\n|-damage|p2b: Archaludon|0 fnt\n|faint|p2b: Archaludon\n|\n|-damage|p2a: Donphan|162/298 brn|[from] brn\n|upkeep\n|\n|t:|1771229671\n|switch|p2b: Keldeo|Keldeo-Resolute, L78|270/270\n|turn|9\n|inactive|JIANGNA has 120 seconds left.\n|\n|t:|1771229704\n|move|p1a: Malamar|Protect|p1a: Malamar\n|-singleturn|p1a: Malamar|Protect\n|move|p2b: Keldeo|Hydro Pump|p1a: Malamar\n|-activate|p1a: Malamar|move: Protect\n|move|p2a: Donphan|High Horsepower|p1b: Pincurchin\n|-supereffective|p1b: Pincurchin\n|-damage|p1b: Pincurchin|0 fnt\n|faint|p1b: Pincurchin\n|\n|-damage|p2a: Donphan|144/298 brn|[from] brn\n|upkeep\n|\n|t:|1771229712\n|switch|p1b: Zacian|Zacian, L70|146/245\n|turn|10\n|inactive|JIANGNA has 120 seconds left.\n|\n|t:|1771229724\n|move|p1b: Zacian|Play Rough|p2b: Keldeo\n|-supereffective|p2b: Keldeo\n|-crit|p2b: Keldeo\n|-damage|p2b: Keldeo|0 fnt\n|faint|p2b: Keldeo\n|-damage|p1b: Zacian|122/245|[from] item: Life Orb\n|move|p1a: Malamar|Psycho Cut|p2a: Donphan\n|-damage|p2a: Donphan|68/298 brn\n|move|p2a: Donphan|Rapid Spin|p1a: Malamar\n|-damage|p1a: Malamar|180/269\n|-boost|p2a: Donphan|spe|1\n|\n|-damage|p2a: Donphan|50/298 brn|[from] brn\n|-fieldend|move: Electric Terrain\n|upkeep\n|turn|11\n|-message|JIANGNA forfeited.\n|\n|win|kalsonofjor\n|raw|kalsonofjor's rating: 1839 &rarr; <strong>1855</strong><br />(+16 for winning)\n|raw|JIANGNA's rating: 1770 &rarr; <strong>1754</strong><br />(-16 for losing)\n|l|☆JIANGNA\n|player|p2|\n", "inputlog": ">version 686819e5e19f8a7fd2345cfc5a08a5085efa2cc3\n>start {\"formatid\":\"gen9randomdoublesbattle\",\"seed\":\"sodium,f961b89963b73869949d867a458101bb\",\"rated\":\"Rated battle\"}\n>player p1 {\"name\":\"kalsonofjor\",\"avatar\":\"265\",\"rating\":1839,\"seed\":\"sodium,c36c3701246e80d44e818ef76ee31fbc\"}\n>player p2 {\"name\":\"JIANGNA\",\"avatar\":\"102\",\"rating\":1770,\"seed\":\"sodium,aa7a33fc6bc2079ecef7503fcb4bf89c\"}\n>p1 move protect, move rockslide\n>p2 move knockoff +2, move fireblast +1\n>p1 switch 4, move rockslide\n>p2 move highhorsepower +2, move fireblast +1\n>p2 pass, switch 3\n>p1 switch 6, move bodypress +1\n>p2 move highhorsepower +2, move closecombat +1\n>p1 pass, switch 3\n>p1 move willowisp +1 terastallize, move playrough +2\n>p2 move highhorsepower +1, move playrough +2\n>p2 pass, switch 5\n>p1 move willowisp +2, move protect\n>p2 move stoneedge +2, move bravebird +2\n>p1 move stoneedge +2, switch 5\n>p2 move highhorsepower +2, move bravebird +2\n>p2 pass, switch 4\n>p1 move willowisp +2, move electroweb\n>p2 move highhorsepower +2, move thunderbolt +1\n>p1 switch 4, pass\n>p1 move superpower +2, move thunderbolt +2\n>p2 move highhorsepower +2, move thunderbolt +1 terastallize\n>p2 pass, switch 6\n>p1 move protect, move electroweb\n>p2 move highhorsepower +2, move hydropump +1\n>p1 pass, switch 5\n>p1 move psychocut +2, move playrough +2\n>p2 move rapidspin +1, move hydropump +2\n>forcelose p2", "uploadtime": 1771229743, "views": 24, "formatid": "gen9randomdoublesbattle", "rating": 1754, "private": 0, "password": null}