{"id": "gen9randomdoublesbattle-2540934909", "format": "[Gen 9] Random Doubles Battle", "players": ["baseballlover", "cagace"], "log": "|j|☆baseballlover\n|j|‽cagace\n|t:|1771268667\n|gametype|doubles\n|player|p1|baseballlover|265|1690\n|player|p2|cagace|101|1723\n|gen|9\n|tier|[Gen 9] Random Doubles Battle\n|rated|\n|rule|Species Clause: Limit one of each Pokémon\n|rule|HP Percentage Mod: HP is shown in percentages\n|rule|Illusion Level Mod: Illusion disguises the Pokémon's true level\n|rule|Sleep Clause Mod: Limit one foe put to sleep\n|\n|t:|1771268667\n|teamsize|p1|6\n|teamsize|p2|6\n|start\n|switch|p1a: Zapdos|Zapdos-Galar, L77|265/265\n|switch|p1b: Raikou|Raikou, L81|278/278\n|switch|p2a: Iron Crown|Iron Crown, L78|268/268\n|switch|p2b: Regieleki|Regieleki, L79|256/256\n|turn|1\n|inactive|Battle timer is ON: inactive players will automatically lose when time's up. (requested by baseballlover)\n|inactive|cagace also wants the timer to be on.\n|inactive|baseballlover has 120 seconds left.\n|\n|t:|1771268701\n|switch|p1a: Illumise|Illumise, L83, F|244/244\n|move|p2b: Regieleki|Thunderbolt|p1a: Illumise\n|-damage|p1a: Illumise|117/244\n|-enditem|p1a: Illumise|Sitrus Berry|[eat]\n|-heal|p1a: Illumise|178/244|[from] item: Sitrus Berry\n|move|p1b: Raikou|Thunderbolt|p2a: Iron Crown\n|-damage|p2a: Iron Crown|169/268\n|move|p2a: Iron Crown|Psychic|p1b: Raikou\n|-damage|p1b: Raikou|148/278\n|\n|upkeep\n|turn|2\n|\n|t:|1771268727\n|move|p1a: Illumise|Tailwind|p1a: Illumise\n|-sidestart|p1: baseballlover|move: Tailwind\n|move|p1b: Raikou|Volt Switch|p2a: Iron Crown\n|-damage|p2a: Iron Crown|93/268\n|inactive|baseballlover has 120 seconds left.\n|\n|t:|1771268749\n|switch|p1b: Gholdengo|Gholdengo, L78|264/264|[from] Volt Switch\n|move|p2b: Regieleki|Volt Switch|p1a: Illumise\n|-damage|p1a: Illumise|73/244\n|\n|t:|1771268756\n|switch|p2b: Illumise|Illumise, L83, F|244/244|[from] Volt Switch\n|move|p2a: Iron Crown|Psychic|p1b: Gholdengo\n|-resisted|p1b: Gholdengo\n|-damage|p1b: Gholdengo|186/264\n|\n|upkeep\n|turn|3\n|\n|t:|1771268769\n|move|p1a: Illumise|Thunder Wave|p2b: Illumise\n|-status|p2b: Illumise|par\n|move|p2b: Illumise|Tailwind|p2b: Illumise\n|-sidestart|p2: cagace|move: Tailwind\n|move|p2a: Iron Crown|Psychic|p1a: Illumise\n|-damage|p1a: Illumise|0 fnt\n|faint|p1a: Illumise\n|move|p1b: Gholdengo|Shadow Ball|p2a: Iron Crown\n|-supereffective|p2a: Iron Crown\n|-damage|p2a: Iron Crown|0 fnt\n|faint|p2a: Iron Crown\n|-end|p2a: Iron Crown|Quark Drive|[silent]\n|-damage|p1b: Gholdengo|160/264|[from] item: Life Orb\n|\n|upkeep\n|inactive|baseballlover has 120 seconds left.\n|inactive|cagace has 120 seconds left.\n|\n|t:|1771268802\n|switch|p2a: Swampert|Swampert, L82, F|298/298\n|switch|p1a: Zapdos|Zapdos-Galar, L77|265/265\n|turn|4\n|\n|t:|1771268812\n|move|p2b: Illumise|Thunder Wave|p1a: Zapdos\n|-status|p1a: Zapdos|par\n|move|p1b: Gholdengo|Shadow Ball|p2a: Swampert\n|-damage|p2a: Swampert|220/298\n|-damage|p1b: Gholdengo|134/264|[from] item: Life Orb\n|move|p2a: Swampert|Icy Wind|p1a: Zapdos|[spread] p1a,p1b\n|-supereffective|p1a: Zapdos\n|-resisted|p1b: Gholdengo\n|-damage|p1a: Zapdos|213/265 par\n|-damage|p1b: Gholdengo|121/264\n|-unboost|p1a: Zapdos|spe|1\n|-ability|p1a: Zapdos|Defiant|boost\n|-boost|p1a: Zapdos|atk|2\n|-unboost|p1b: Gholdengo|spe|1\n|move|p1a: Zapdos|Brave Bird|p2b: Illumise\n|-supereffective|p2b: Illumise\n|-damage|p2b: Illumise|0 fnt\n|faint|p2b: Illumise\n|-damage|p1a: Zapdos|132/265 par|[from] Recoil\n|-enditem|p1a: Zapdos|Sitrus Berry|[eat]\n|-heal|p1a: Zapdos|198/265 par|[from] item: Sitrus Berry\n|\n|upkeep\n|inactive|cagace has 120 seconds left.\n|\n|t:|1771268841\n|switch|p2b: Regieleki|Regieleki, L79|256/256\n|turn|5\n|inactive|baseballlover has 120 seconds left.\n|\n|t:|1771268877\n|move|p2b: Regieleki|Thunderbolt|p1a: Zapdos\n|-supereffective|p1a: Zapdos\n|-damage|p1a: Zapdos|0 fnt\n|faint|p1a: Zapdos\n|move|p2a: Swampert|High Horsepower|p1b: Gholdengo\n|-supereffective|p1b: Gholdengo\n|-damage|p1b: Gholdengo|0 fnt\n|faint|p1b: Gholdengo\n|\n|-sideend|p1: baseballlover|move: Tailwind\n|upkeep\n|\n|t:|1771268893\n|switch|p1a: Polteageist|Polteageist, L85|241/241\n|switch|p1b: Meowstic|Meowstic-F, L89, F|277/277\n|turn|6\n|inactive|baseballlover has 120 seconds left.\n|\n|t:|1771268922\n|move|p2b: Regieleki|Electroweb|p1b: Meowstic|[spread] p1a,p1b\n|-damage|p1a: Polteageist|190/241\n|-damage|p1b: Meowstic|213/277\n|-unboost|p1a: Polteageist|spe|1\n|-unboost|p1b: Meowstic|spe|1\n|-ability|p1b: Meowstic|Competitive|boost\n|-boost|p1b: Meowstic|spa|2\n|-start|p2b: Regieleki|Disable|Electroweb|[from] ability: Cursed Body|[of] p1a: Polteageist\n|-enditem|p1a: Polteageist|White Herb\n|-clearnegativeboost|p1a: Polteageist|[silent]\n|move|p2a: Swampert|Knock Off|p1a: Polteageist\n|-supereffective|p1a: Polteageist\n|-damage|p1a: Polteageist|78/241\n|move|p1a: Polteageist|Shell Smash|p1a: Polteageist\n|-unboost|p1a: Polteageist|def|1\n|-unboost|p1a: Polteageist|spd|1\n|-boost|p1a: Polteageist|atk|2\n|-boost|p1a: Polteageist|spa|2\n|-boost|p1a: Polteageist|spe|2\n|move|p1b: Meowstic|Psychic|p2a: Swampert\n|-damage|p2a: Swampert|64/298\n|-damage|p1b: Meowstic|186/277|[from] item: Life Orb\n|\n|-sideend|p2: cagace|move: Tailwind\n|upkeep\n|turn|7\n|inactive|baseballlover has 120 seconds left.\n|\n|t:|1771268951\n|move|p1a: Polteageist|Protect|p1a: Polteageist\n|-singleturn|p1a: Polteageist|Protect\n|move|p2b: Regieleki|Thunderbolt|p1a: Polteageist\n|-activate|p1a: Polteageist|move: Protect\n|move|p1b: Meowstic|Psychic|p2b: Regieleki\n|-damage|p2b: Regieleki|0 fnt\n|faint|p2b: Regieleki\n|-damage|p1b: Meowstic|159/277|[from] item: Life Orb\n|move|p2a: Swampert|Knock Off|p1b: Meowstic\n|-supereffective|p1b: Meowstic\n|-damage|p1b: Meowstic|15/277\n|-enditem|p1b: Meowstic|Life Orb|[from] move: Knock Off|[of] p2a: Swampert\n|\n|upkeep\n|inactive|cagace has 120 seconds left.\n|\n|t:|1771268972\n|switch|p2b: Hitmonlee|Hitmonlee, L86, M|226/226\n|turn|8\n|inactive|baseballlover has 120 seconds left.\n|inactive|cagace has 120 seconds left.\n|\n|t:|1771268988\n|-terastallize|p2b: Hitmonlee|Dark\n|move|p1a: Polteageist|Shadow Ball|p2b: Hitmonlee\n|-resisted|p2b: Hitmonlee\n|-damage|p2b: Hitmonlee|124/226\n|move|p2b: Hitmonlee|Knock Off|p1a: Polteageist\n|-supereffective|p1a: Polteageist\n|-damage|p1a: Polteageist|0 fnt\n|-start|p2b: Hitmonlee|Disable|Knock Off|[from] ability: Cursed Body|[of] p1a: Polteageist\n|faint|p1a: Polteageist\n|move|p1b: Meowstic|Psychic|p2a: Swampert\n|-damage|p2a: Swampert|0 fnt\n|faint|p2a: Swampert\n|\n|upkeep\n|inactive|baseballlover has 120 seconds left.\n|inactive|cagace has 120 seconds left.\n|\n|t:|1771269001\n|switch|p1a: Raikou|Raikou, L81|148/278\n|switch|p2a: Chi-Yu|Chi-Yu, L75|206/206\n|-ability|p2a: Chi-Yu|Beads of Ruin\n|turn|9\n|\n|t:|1771269020\n|-terastallize|p1a: Raikou|Water\n|move|p1a: Raikou|Scald|p2a: Chi-Yu\n|-supereffective|p2a: Chi-Yu\n|-damage|p2a: Chi-Yu|42/206\n|move|p2b: Hitmonlee|Close Combat|p1a: Raikou\n|-damage|p1a: Raikou|0 fnt\n|-unboost|p2b: Hitmonlee|def|1\n|-unboost|p2b: Hitmonlee|spd|1\n|faint|p1a: Raikou\n|-enditem|p2b: Hitmonlee|White Herb\n|-clearnegativeboost|p2b: Hitmonlee|[silent]\n|move|p2a: Chi-Yu|Heat Wave|p1b: Meowstic\n|-damage|p1b: Meowstic|0 fnt\n|faint|p1b: Meowstic\n|\n|win|cagace\n|raw|baseballlover's rating: 1690 &rarr; <strong>1672</strong><br />(-18 for losing)\n|raw|cagace's rating: 1723 &rarr; <strong>1741</strong><br />(+18 for winning)\n", "inputlog": ">version 686819e5e19f8a7fd2345cfc5a08a5085efa2cc3\n>start {\"formatid\":\"gen9randomdoublesbattle\",\"seed\":\"sodium,354e35f47f1ec2d40ab171990d123145\",\"rated\":\"Rated battle\"}\n>player p1 {\"name\":\"baseballlover\",\"avatar\":\"265\",\"rating\":1690,\"seed\":\"sodium,37d036e4caa10d8d9454ceae9851d451\"}\n>player p2 {\"name\":\"cagace\",\"avatar\":\"101\",\"rating\":1723,\"seed\":\"sodium,04cc2c6271c8ebdcfb561a835cdbc385\"}\n>p1 switch 5, move thunderbolt +1\n>p2 move psychic +2, move thunderbolt +1\n>p1 move tailwind, move voltswitch +1\n>p2 move psychic +2, move voltswitch +1\n>p1 pass, switch 4\n>p2 pass, switch 6\n>p1 move thunderwave +2, move shadowball +1\n>p2 move psychic +1, move tailwind\n>p1 switch 5, pass\n>p2 switch 4, pass\n>p1 move bravebird +2, move shadowball +1\n>p2 move icywind, move thunderwave +1\n>p2 pass, switch 6\n>p1 move closecombat +2, move shadowball +1\n>p2 move highhorsepower +2, move thunderbolt +1\n>p1 switch 6, switch 3\n>p1 move shellsmash, move psychic +1\n>p2 move knockoff +1, move electroweb\n>p1 move protect, move psychic +2\n>p2 move knockoff +2, move thunderbolt +1\n>p2 pass, switch 3\n>p1 move shadowball +2, move psychic +1\n>p2 move icywind, move knockoff +1 terastallize\n>p1 switch 4, pass\n>p2 switch 5, pass\n>p1 move scald +1 terastallize, move thunderbolt +2\n>p2 move heatwave, move closecombat +1", "uploadtime": 1771269020, "views": 1, "formatid": "gen9randomdoublesbattle", "rating": 1672, "private": 0, "password": null}