{"id": "gen9randomdoublesbattle-2538661621", "format": "[Gen 9] Random Doubles Battle", "players": ["Justaninja1", "caoscontrol"], "log": "|j|☆Justaninja1\n|j|☆caoscontrol\n|t:|1770953440\n|gametype|doubles\n|player|p1|Justaninja1|101|1611\n|player|p2|caoscontrol|101|1568\n|gen|9\n|tier|[Gen 9] Random Doubles Battle\n|rated|\n|rule|Species Clause: Limit one of each Pokémon\n|rule|HP Percentage Mod: HP is shown in percentages\n|rule|Illusion Level Mod: Illusion disguises the Pokémon's true level\n|rule|Sleep Clause Mod: Limit one foe put to sleep\n|\n|t:|1770953440\n|teamsize|p1|6\n|teamsize|p2|6\n|start\n|switch|p1a: Sceptile|Sceptile, L88, M|266/266\n|switch|p1b: Manaphy|Manaphy, L78|284/284\n|switch|p2a: Suicune|Suicune, L79|288/288\n|switch|p2b: Dipplin|Dipplin, L92, F|297/297\n|turn|1\n|inactive|Battle timer is ON: inactive players will automatically lose when time's up. (requested by Justaninja1)\n|\n|t:|1770953460\n|switch|p1b: Entei|Entei, L77|304/304\n|move|p1a: Sceptile|Leaf Storm|p2a: Suicune\n|-supereffective|p2a: Suicune\n|-damage|p2a: Suicune|0 fnt\n|-unboost|p1a: Sceptile|spa|2\n|faint|p2a: Suicune\n|-enditem|p1a: Sceptile|White Herb\n|-clearnegativeboost|p1a: Sceptile|[silent]\n|move|p2b: Dipplin|Syrup Bomb|p1b: Entei\n|-resisted|p1b: Entei\n|-damage|p1b: Entei|259/304\n|-start|p1b: Entei|Syrup Bomb\n|\n|-unboost|p1b: Entei|spe|1\n|upkeep\n|\n|t:|1770953475\n|switch|p2a: Walking Wake|Walking Wake, L78|283/283\n|turn|2\n|\n|t:|1770953493\n|switch|p1b: Tinkaton|Tinkaton, L82, F|274/274\n|-ability|p1b: Tinkaton|Mold Breaker\n|move|p1a: Sceptile|Breaking Swipe|p2b: Dipplin|[spread] p2a,p2b\n|-supereffective|p2a: Walking Wake\n|-supereffective|p2b: Dipplin\n|-damage|p2a: Walking Wake|213/283\n|-damage|p2b: Dipplin|265/297\n|-unboost|p2a: Walking Wake|atk|1\n|-unboost|p2b: Dipplin|atk|1\n|move|p2a: Walking Wake|Hydro Pump|p1b: Tinkaton\n|-damage|p1b: Tinkaton|159/274\n|move|p2b: Dipplin|Pollen Puff|p1a: Sceptile\n|-supereffective|p1a: Sceptile\n|-damage|p1a: Sceptile|110/266\n|\n|upkeep\n|turn|3\n|\n|t:|1770953522\n|switch|p2b: Ceruledge|Ceruledge, L80, M|251/251\n|move|p1a: Sceptile|Breaking Swipe|p2a: Walking Wake|[spread] p2a,p2b\n|-supereffective|p2a: Walking Wake\n|-damage|p2a: Walking Wake|141/283\n|-damage|p2b: Ceruledge|211/251\n|-unboost|p2a: Walking Wake|atk|1\n|-unboost|p2b: Ceruledge|atk|1\n|-ability|p2b: Ceruledge|Weak Armor|boost\n|-unboost|p2b: Ceruledge|def|1\n|-boost|p2b: Ceruledge|spe|2\n|move|p2a: Walking Wake|Hydro Pump|p1b: Tinkaton\n|-damage|p1b: Tinkaton|50/274\n|move|p1b: Tinkaton|Play Rough|p2a: Walking Wake|[miss]\n|-miss|p1b: Tinkaton|p2a: Walking Wake\n|\n|upkeep\n|turn|4\n|\n|t:|1770953546\n|-end|p2a: Walking Wake|Protosynthesis|[silent]\n|switch|p2a: Hatterene|Hatterene, L84, F|233/233\n|move|p1a: Sceptile|Breaking Swipe|p2b: Ceruledge|[spread] p2b\n|-immune|p2a: Hatterene\n|-damage|p2b: Ceruledge|161/251\n|-unboost|p2b: Ceruledge|atk|1\n|-ability|p2b: Ceruledge|Weak Armor|boost\n|-unboost|p2b: Ceruledge|def|1\n|-boost|p2b: Ceruledge|spe|2\n|move|p2b: Ceruledge|Bitter Blade|p1b: Tinkaton\n|-supereffective|p1b: Tinkaton\n|-damage|p1b: Tinkaton|0 fnt\n|-heal|p2b: Ceruledge|186/251|[from] drain|[of] p1b: Tinkaton\n|faint|p1b: Tinkaton\n|-damage|p2b: Ceruledge|161/251|[from] item: Life Orb\n|\n|upkeep\n|inactive|Justaninja1 has 120 seconds left.\n|\n|t:|1770953581\n|switch|p1b: Entei|Entei, L77|259/304\n|turn|5\n|\n|t:|1770953592\n|switch|p2b: Dipplin|Dipplin, L92, F|265/297\n|move|p1a: Sceptile|Leaf Storm|p2a: Hatterene\n|-damage|p2a: Hatterene|95/233\n|-unboost|p1a: Sceptile|spa|2\n|move|p1b: Entei|Stomping Tantrum|p2b: Dipplin\n|-resisted|p2b: Dipplin\n|-damage|p2b: Dipplin|244/297\n|move|p2a: Hatterene|Trick Room|p2a: Hatterene\n|-fieldstart|move: Trick Room|[of] p2a: Hatterene\n|\n|upkeep\n|turn|6\n|\n|t:|1770953608\n|switch|p1b: Ampharos|Ampharos, L86, F|295/295\n|move|p1a: Sceptile|Protect|p1a: Sceptile\n|-singleturn|p1a: Sceptile|Protect\n|move|p2a: Hatterene|Psychic|p1b: Ampharos\n|-damage|p1b: Ampharos|135/295\n|-unboost|p1b: Ampharos|spd|1\n|-enditem|p1b: Ampharos|Sitrus Berry|[eat]\n|-heal|p1b: Ampharos|208/295|[from] item: Sitrus Berry\n|-damage|p2a: Hatterene|72/233|[from] item: Life Orb\n|move|p2b: Dipplin|Dragon Pulse|p1b: Ampharos\n|-damage|p1b: Ampharos|57/295\n|\n|upkeep\n|turn|7\n|\n|t:|1770953625\n|move|p2a: Hatterene|Dazzling Gleam|p1b: Ampharos|[spread] p1a,p1b\n|-damage|p1a: Sceptile|7/266\n|-damage|p1b: Ampharos|0 fnt\n|faint|p1b: Ampharos\n|-damage|p2a: Hatterene|49/233|[from] item: Life Orb\n|move|p2b: Dipplin|Pollen Puff|p1a: Sceptile\n|-supereffective|p1a: Sceptile\n|-damage|p1a: Sceptile|0 fnt\n|faint|p1a: Sceptile\n|\n|upkeep\n|\n|t:|1770953634\n|switch|p1b: Manaphy|Manaphy, L78|284/284\n|switch|p1a: Entei|Entei, L77|259/304\n|turn|8\n|\n|t:|1770953644\n|-terastallize|p1b: Manaphy|Grass\n|move|p1a: Entei|Extreme Speed|p2a: Hatterene\n|-damage|p2a: Hatterene|0 fnt\n|faint|p2a: Hatterene\n|move|p2b: Dipplin|Pollen Puff|p2: Hatterene|[notarget]\n|-fail|p2b: Dipplin\n|move|p1b: Manaphy|Ice Beam|p2b: Dipplin\n|-supereffective|p2b: Dipplin\n|-damage|p2b: Dipplin|100/297\n|-status|p2b: Dipplin|frz\n|\n|upkeep\n|\n|t:|1770953652\n|switch|p2a: Ceruledge|Ceruledge, L80, M|161/251\n|turn|9\n|\n|t:|1770953660\n|switch|p2b: Chesnaught|Chesnaught, L86, F|292/292\n|move|p1a: Entei|Extreme Speed|p2b: Chesnaught\n|-damage|p2b: Chesnaught|230/292\n|move|p2a: Ceruledge|Bitter Blade|p1b: Manaphy\n|-supereffective|p1b: Manaphy\n|-damage|p1b: Manaphy|11/284\n|-heal|p2a: Ceruledge|251/251|[from] drain|[of] p1b: Manaphy\n|-enditem|p1b: Manaphy|Sitrus Berry|[eat]\n|-heal|p1b: Manaphy|82/284|[from] item: Sitrus Berry\n|-damage|p2a: Ceruledge|226/251|[from] item: Life Orb\n|move|p1b: Manaphy|Hydro Pump|p2a: Ceruledge\n|-supereffective|p2a: Ceruledge\n|-damage|p2a: Ceruledge|44/251\n|\n|-heal|p2b: Chesnaught|248/292|[from] item: Leftovers\n|-fieldend|move: Trick Room\n|upkeep\n|turn|10\n|\n|t:|1770953678\n|move|p2a: Ceruledge|Protect|p2a: Ceruledge\n|-singleturn|p2a: Ceruledge|Protect\n|move|p1a: Entei|Extreme Speed|p2b: Chesnaught\n|-damage|p2b: Chesnaught|190/292\n|move|p1b: Manaphy|Ice Beam|p2b: Chesnaught\n|-supereffective|p2b: Chesnaught\n|-damage|p2b: Chesnaught|56/292\n|move|p2b: Chesnaught|Body Press|p1b: Manaphy\n|-damage|p1b: Manaphy|0 fnt\n|faint|p1b: Manaphy\n|\n|-heal|p2b: Chesnaught|74/292|[from] item: Leftovers\n|upkeep\n|\n|t:|1770953687\n|switch|p1b: Iron Bundle|Iron Bundle, L78|215/215\n|-enditem|p1b: Iron Bundle|Booster Energy\n|-activate|p1b: Iron Bundle|ability: Quark Drive|[fromitem]\n|-start|p1b: Iron Bundle|quarkdrivespe\n|turn|11\n|\n|t:|1770953700\n|switch|p2a: Dipplin|Dipplin, L92, F|100/297 frz\n|-terastallize|p2b: Chesnaught|Steel\n|move|p1a: Entei|Extreme Speed|p2b: Chesnaught\n|-resisted|p2b: Chesnaught\n|-damage|p2b: Chesnaught|43/292\n|move|p1b: Iron Bundle|Hydro Pump|p2a: Dipplin|[miss]\n|-miss|p1b: Iron Bundle|p2a: Dipplin\n|move|p2b: Chesnaught|Body Press|p1b: Iron Bundle\n|-supereffective|p1b: Iron Bundle\n|-damage|p1b: Iron Bundle|15/215\n|\n|-heal|p2b: Chesnaught|61/292|[from] item: Leftovers\n|upkeep\n|turn|12\n|\n|t:|1770953719\n|move|p2b: Chesnaught|Spiky Shield|p2b: Chesnaught\n|-singleturn|p2b: Chesnaught|move: Protect\n|move|p1a: Entei|Extreme Speed|p2a: Dipplin\n|-damage|p2a: Dipplin|55/297 frz\n|move|p1b: Iron Bundle|Hydro Pump|p2b: Chesnaught\n|-activate|p2b: Chesnaught|move: Protect\n|cant|p2a: Dipplin|frz\n|\n|-heal|p2b: Chesnaught|79/292|[from] item: Leftovers\n|upkeep\n|turn|13\n|\n|t:|1770953735\n|switch|p2b: Walking Wake|Walking Wake, L78|141/283\n|move|p1a: Entei|Extreme Speed|p2a: Dipplin\n|-damage|p2a: Dipplin|11/297 frz\n|move|p1b: Iron Bundle|Hydro Pump|p2b: Walking Wake\n|-resisted|p2b: Walking Wake\n|-damage|p2b: Walking Wake|109/283\n|cant|p2a: Dipplin|frz\n|\n|upkeep\n|turn|14\n|\n|t:|1770953749\n|switch|p2a: Ceruledge|Ceruledge, L80, M|44/251\n|move|p1a: Entei|Extreme Speed|p2a: Ceruledge\n|-immune|p2a: Ceruledge\n|move|p1b: Iron Bundle|Freeze-Dry|p2b: Walking Wake\n|-supereffective|p2b: Walking Wake\n|-damage|p2b: Walking Wake|0 fnt\n|faint|p2b: Walking Wake\n|-end|p2b: Walking Wake|Protosynthesis|[silent]\n|\n|upkeep\n|\n|t:|1770953759\n|switch|p2b: Chesnaught|Chesnaught, L86, F, tera:Steel|79/292\n|turn|15\n|\n|t:|1770953774\n|move|p2a: Ceruledge|Protect|p2a: Ceruledge\n|-singleturn|p2a: Ceruledge|Protect\n|move|p1a: Entei|Extreme Speed|p2b: Chesnaught\n|-resisted|p2b: Chesnaught\n|-damage|p2b: Chesnaught|48/292\n|move|p1b: Iron Bundle|Hydro Pump|p2a: Ceruledge\n|-activate|p2a: Ceruledge|move: Protect\n|move|p2b: Chesnaught|Body Press|p1b: Iron Bundle\n|-supereffective|p1b: Iron Bundle\n|-damage|p1b: Iron Bundle|0 fnt\n|faint|p1b: Iron Bundle\n|-end|p1b: Iron Bundle|Quark Drive|[silent]\n|\n|-heal|p2b: Chesnaught|66/292|[from] item: Leftovers\n|upkeep\n|turn|16\n|\n|t:|1770953790\n|-activate|p1a: Entei|move: Struggle\n|move|p1a: Entei|Struggle|p2b: Chesnaught\n|-damage|p2b: Chesnaught|28/292\n|-damage|p1a: Entei|183/304|[from] recoil\n|move|p2a: Ceruledge|Swords Dance|p2a: Ceruledge\n|-boost|p2a: Ceruledge|atk|2\n|move|p2b: Chesnaught|Leech Seed|p1a: Entei\n|-start|p1a: Entei|move: Leech Seed\n|\n|-heal|p2b: Chesnaught|46/292|[from] item: Leftovers\n|-damage|p1a: Entei|145/304|[from] Leech Seed|[of] p2b: Chesnaught\n|-heal|p2b: Chesnaught|84/292|[silent]\n|upkeep\n|turn|17\n|inactive|Justaninja1 has 120 seconds left.\n|l|☆Justaninja1\n|inactive|Justaninja1 disconnected and has a minute to reconnect!\n|player|p1|\n|inactive|Justaninja1 has 30 seconds to reconnect!\n|inactive|Justaninja1 has 20 seconds to reconnect!\n|inactive|Justaninja1 has 15 seconds to reconnect!\n|inactive|Justaninja1 has 10 seconds to reconnect!\n|inactive|Justaninja1 has 5 seconds to reconnect!\n|-message|Justaninja1 lost due to inactivity.\n|\n|win|caoscontrol\n|raw|Justaninja1's rating: 1611 &rarr; <strong>1589</strong><br />(-22 for losing)\n|raw|caoscontrol's rating: 1568 &rarr; <strong>1590</strong><br />(+22 for winning)\n", "inputlog": ">version ccdc32dd7cde25fd9e4bed64820e885f66e78a4e\n>start {\"formatid\":\"gen9randomdoublesbattle\",\"seed\":\"sodium,3c840c96f6f5bec19cf1bb82403240f6\",\"rated\":\"Rated battle\"}\n>player p1 {\"name\":\"Justaninja1\",\"avatar\":\"101\",\"rating\":1611,\"seed\":\"sodium,528c9f3d5d492e29f3bf9c658bc84885\"}\n>player p2 {\"name\":\"caoscontrol\",\"avatar\":\"101\",\"rating\":1568,\"seed\":\"sodium,bd28783c930e1713a97f65ea419b3f1d\"}\n>p1 move leafstorm +1, switch 6\n>p2 move tailwind, move syrupbomb +2\n>p2 switch 3, pass\n>p1 move breakingswipe, switch 3\n>p2 move hydropump +2, move pollenpuff +1\n>p1 move breakingswipe, move playrough +1\n>p2 move hydropump +2, switch 6\n>p1 move breakingswipe, move playrough +1\n>p2 switch 5, move bitterblade +2\n>p1 pass, switch 3\n>p1 move leafstorm +1, move stompingtantrum +2\n>p2 move trickroom, switch 6\n>p1 move protect, switch 5\n>p2 move psychic +2, move dragonpulse +2\n>p1 move leafstorm +1, move thunderbolt +1\n>p2 move dazzlinggleam, move pollenpuff +1\n>p1 switch 5, switch 6\n>p1 move extremespeed +1, move icebeam +2 terastallize\n>p2 move psychic +1, move pollenpuff -1\n>p2 switch 6, pass\n>p1 move extremespeed +2, move hydropump +1\n>p2 move bitterblade +2, switch 4\n>p1 move extremespeed +2, move icebeam +2\n>p2 move protect, move bodypress +2\n>p1 pass, switch 4\n>p1 move extremespeed +2, move hydropump +1\n>p2 switch 4, move bodypress +2 terastallize\n>p1 move extremespeed +1, move hydropump +2\n>p2 move syrupbomb +2, move spikyshield\n>p1 move extremespeed +1, move hydropump +2\n>p2 move pollenpuff +2, switch 5\n>p1 move extremespeed +1, move freezedry +2\n>p2 switch 4, move flamethrower +2\n>p2 pass, switch 5\n>p1 move extremespeed +2, move hydropump +1\n>p2 move protect, move bodypress +2\n>p1 move struggle, pass\n>p2 move swordsdance, move leechseed +1\n>forcelose p1", "uploadtime": 1770953900, "views": 71, "formatid": "gen9randomdoublesbattle", "rating": 1589, "private": 0, "password": null}