{"id": "gen9randomdoublesbattle-2536750214", "format": "[Gen 9] Random Doubles Battle", "players": ["Kravell", "kalsonofjor"], "log": "|j|☆Kravell\n|j|☆kalsonofjor\n|t:|1770733279\n|gametype|doubles\n|player|p1|Kravell|backersf|1851\n|player|p2|kalsonofjor|1|1795\n|gen|9\n|tier|[Gen 9] Random Doubles Battle\n|rated|\n|rule|Species Clause: Limit one of each Pokémon\n|rule|HP Percentage Mod: HP is shown in percentages\n|rule|Illusion Level Mod: Illusion disguises the Pokémon's true level\n|rule|Sleep Clause Mod: Limit one foe put to sleep\n|\n|t:|1770733279\n|teamsize|p1|6\n|teamsize|p2|6\n|start\n|switch|p1a: Electivire|Electivire, L86, F|269/269\n|switch|p1b: Scrafty|Scrafty, L83, M|244/244\n|switch|p2a: Dachsbun|Dachsbun, L90, M|249/249\n|switch|p2b: Rhydon|Rhydon, L86, M|321/321\n|-ability|p1b: Scrafty|Intimidate|boost\n|-unboost|p2a: Dachsbun|atk|1\n|-unboost|p2b: Rhydon|atk|1\n|turn|1\n|\n|t:|1770733305\n|switch|p1a: Eelektross|Eelektross, L86, F|286/286\n|move|p1b: Scrafty|Fake Out|p2a: Dachsbun\n|-damage|p2a: Dachsbun|227/249\n|cant|p2a: Dachsbun|flinch\n|move|p2b: Rhydon|Stealth Rock|p1a: Eelektross\n|-sidestart|p1: Kravell|move: Stealth Rock\n|\n|upkeep\n|turn|2\n|\n|t:|1770733320\n|switch|p1b: Iron Crown|Iron Crown, L78|268/268\n|-damage|p1b: Iron Crown|252/268|[from] Stealth Rock\n|-enditem|p1b: Iron Crown|Booster Energy\n|-activate|p1b: Iron Crown|ability: Quark Drive|[fromitem]\n|-start|p1b: Iron Crown|quarkdrivespa\n|switch|p2b: Venusaur|Venusaur, L86, M|278/278\n|move|p2a: Dachsbun|Play Rough|p1b: Iron Crown\n|-resisted|p1b: Iron Crown\n|-damage|p1b: Iron Crown|221/268\n|-unboost|p1b: Iron Crown|atk|1\n|move|p1a: Eelektross|Giga Drain|p2b: Venusaur\n|-resisted|p2b: Venusaur\n|-damage|p2b: Venusaur|265/278\n|\n|upkeep\n|turn|3\n|\n|t:|1770733341\n|move|p2b: Venusaur|Protect|p2b: Venusaur\n|-singleturn|p2b: Venusaur|Protect\n|move|p2a: Dachsbun|Snarl|p1b: Iron Crown|[spread] p1a,p1b\n|-supereffective|p1b: Iron Crown\n|-damage|p1a: Eelektross|270/286\n|-damage|p1b: Iron Crown|183/268\n|-unboost|p1a: Eelektross|spa|1\n|-unboost|p1b: Iron Crown|spa|1\n|move|p1b: Iron Crown|Tachyon Cutter|p2a: Dachsbun\n|-supereffective|p2a: Dachsbun\n|-damage|p2a: Dachsbun|135/249\n|-supereffective|p2a: Dachsbun\n|-damage|p2a: Dachsbun|33/249\n|-enditem|p2a: Dachsbun|Sitrus Berry|[eat]\n|-heal|p2a: Dachsbun|95/249|[from] item: Sitrus Berry\n|-hitcount|p2a: Dachsbun|2\n|move|p1a: Eelektross|Flamethrower|p2b: Venusaur\n|-activate|p2b: Venusaur|move: Protect\n|\n|upkeep\n|turn|4\n|\n|t:|1770733378\n|switch|p1a: Electivire|Electivire, L86, F|269/269\n|-damage|p1a: Electivire|236/269|[from] Stealth Rock\n|move|p2a: Dachsbun|Snarl|p1a: Electivire|[spread] p1a,p1b\n|-supereffective|p1b: Iron Crown\n|-damage|p1a: Electivire|214/269\n|-damage|p1b: Iron Crown|143/268\n|-unboost|p1a: Electivire|spa|1\n|-unboost|p1b: Iron Crown|spa|1\n|move|p1b: Iron Crown|Tachyon Cutter|p2a: Dachsbun\n|-supereffective|p2a: Dachsbun\n|-damage|p2a: Dachsbun|23/249\n|-supereffective|p2a: Dachsbun\n|-damage|p2a: Dachsbun|0 fnt\n|faint|p2a: Dachsbun\n|-hitcount|p2: Dachsbun|2\n|move|p2b: Venusaur|Earth Power|p1b: Iron Crown\n|-supereffective|p1b: Iron Crown\n|-damage|p1b: Iron Crown|0 fnt\n|faint|p1b: Iron Crown\n|-end|p1b: Iron Crown|Quark Drive|[silent]\n|-damage|p2b: Venusaur|238/278|[from] item: Life Orb\n|\n|upkeep\n|\n|t:|1770733411\n|switch|p2a: Excadrill|Excadrill, L82, M|315/315\n|switch|p1b: Cetitan|Cetitan, L83, M|418/418\n|-ability|p2a: Excadrill|Mold Breaker\n|-damage|p1b: Cetitan|314/418|[from] Stealth Rock\n|turn|5\n|\n|t:|1770733425\n|move|p1a: Electivire|Cross Chop|p2a: Excadrill|[miss]\n|-miss|p1a: Electivire|p2a: Excadrill\n|move|p2a: Excadrill|Iron Head|p1b: Cetitan\n|-supereffective|p1b: Cetitan\n|-damage|p1b: Cetitan|74/418\n|move|p2b: Venusaur|Sludge Bomb|p1b: Cetitan\n|-damage|p1b: Cetitan|0 fnt\n|faint|p1b: Cetitan\n|-damage|p2b: Venusaur|211/278|[from] item: Life Orb\n|\n|upkeep\n|-message|Kravell forfeited.\n|\n|win|kalsonofjor\n|raw|Kravell's rating: 1851 &rarr; <strong>1828</strong><br />(-23 for losing)\n|raw|kalsonofjor's rating: 1795 &rarr; <strong>1818</strong><br />(+23 for winning)\n|l|☆Kravell\n|player|p1|\n", "inputlog": ">version ccdc32dd7cde25fd9e4bed64820e885f66e78a4e\n>start {\"formatid\":\"gen9randomdoublesbattle\",\"seed\":\"sodium,a3788f969b860906e668ec6767456aa3\",\"rated\":\"Rated battle\"}\n>player p1 {\"name\":\"Kravell\",\"avatar\":\"backersf\",\"rating\":1851,\"seed\":\"sodium,18a84e2d2f89fc50234845f1aaf62056\"}\n>player p2 {\"name\":\"kalsonofjor\",\"avatar\":\"1\",\"rating\":1795,\"seed\":\"sodium,55cf25d01bfbf2efe749d9cecab75dc1\"}\n>p1 switch 5, move fakeout +1\n>p2 move playrough +2, move stealthrock\n>p1 move gigadrain +2, switch 6\n>p2 move playrough +2, switch 6\n>p1 move flamethrower +2, move tachyoncutter +1\n>p2 move snarl, move protect\n>p1 switch 5, move tachyoncutter +1\n>p2 move snarl, move earthpower +2\n>p1 pass, switch 4\n>p2 switch 5, pass\n>p1 move crosschop +1, move iciclecrash +2\n>p2 move ironhead +2, move sludgebomb +2\n>forcelose p1", "uploadtime": 1770733443, "views": 61, "formatid": "gen9randomdoublesbattle", "rating": 1818, "private": 0, "password": null}