{"id": "gen9randomdoublesbattle-2536934632", "format": "[Gen 9] Random Doubles Battle", "players": ["Slurty", "Anzyll"], "log": "|j|☆Slurty\n|j|☆Anzyll\n|t:|1770749776\n|gametype|doubles\n|player|p1|Slurty|266|1727\n|player|p2|Anzyll|clemont|1885\n|gen|9\n|tier|[Gen 9] Random Doubles Battle\n|rated|\n|rule|Species Clause: Limit one of each Pokémon\n|rule|HP Percentage Mod: HP is shown in percentages\n|rule|Illusion Level Mod: Illusion disguises the Pokémon's true level\n|rule|Sleep Clause Mod: Limit one foe put to sleep\n|\n|t:|1770749776\n|teamsize|p1|6\n|teamsize|p2|6\n|start\n|switch|p1a: Floatzel|Floatzel, L86, F|286/286\n|switch|p1b: Seviper|Seviper, L96, F|296/296\n|switch|p2a: Floatzel|Floatzel, L86, M|286/286\n|switch|p2b: Seviper|Seviper, L96, M|296/296\n|turn|1\n|inactive|Battle timer is ON: inactive players will automatically lose when time's up. (requested by Slurty)\n|c|☆Slurty|Weird\n|c|☆Anzyll|oh yeah I didn't even notice for a sec\n|c|☆Anzyll|that's funny\n|inactive|Anzyll has 120 seconds left.\n|\n|t:|1770749816\n|move|p1a: Floatzel|Wave Crash|p2b: Seviper\n|-damage|p2b: Seviper|66/296\n|-damage|p1a: Floatzel|210/286|[from] Recoil\n|-damage|p1a: Floatzel|182/286|[from] item: Life Orb\n|move|p2a: Floatzel|Wave Crash|p1b: Seviper\n|-damage|p1b: Seviper|50/296\n|-damage|p2a: Floatzel|205/286|[from] Recoil\n|move|p1b: Seviper|Glare|p2a: Floatzel\n|-status|p2a: Floatzel|par\n|move|p2b: Seviper|Glare|p1a: Floatzel\n|-status|p1a: Floatzel|par\n|\n|upkeep\n|turn|2\n|c|☆Anzyll|I'm glad we're so on the same page\n|\n|t:|1770749844\n|switch|p2a: Luvdisc|Luvdisc, M|248/248\n|cant|p1a: Floatzel|par\n|move|p2b: Seviper|Flamethrower|p1b: Seviper\n|-damage|p1b: Seviper|0 fnt\n|faint|p1b: Seviper\n|-damage|p2b: Seviper|37/296|[from] item: Life Orb\n|\n|upkeep\n|c|☆Slurty|Are you…me?\n|c|☆Anzyll|could be\n|\n|t:|1770749859\n|switch|p1b: Luvdisc|Luvdisc, M|248/248\n|turn|3\n|c|☆Anzyll|WHAT\n|\n|t:|1770749870\n|move|p1a: Floatzel|Aqua Jet|p2b: Seviper\n|-damage|p2b: Seviper|0 fnt\n|faint|p2b: Seviper\n|-damage|p1a: Floatzel|154/286 par|[from] item: Life Orb\n|move|p1b: Luvdisc|Icy Wind|p2a: Luvdisc\n|-resisted|p2a: Luvdisc\n|-damage|p2a: Luvdisc|232/248\n|-unboost|p2a: Luvdisc|spe|1\n|move|p2a: Luvdisc|Icy Wind|p1b: Luvdisc|[spread] p1a,p1b\n|-resisted|p1a: Floatzel\n|-resisted|p1b: Luvdisc\n|-damage|p1a: Floatzel|139/286 par\n|-damage|p1b: Luvdisc|236/248\n|-unboost|p1a: Floatzel|spe|1\n|-unboost|p1b: Luvdisc|spe|1\n|\n|upkeep\n|\n|t:|1770749885\n|switch|p2b: Floatzel|Floatzel, L86, M|205/286 par\n|turn|4\n|\n|t:|1770749897\n|move|p2a: Luvdisc|Charm|p1a: Floatzel\n|-unboost|p1a: Floatzel|atk|2\n|move|p1b: Luvdisc|Charm|p2b: Floatzel\n|-unboost|p2b: Floatzel|atk|2\n|move|p2b: Floatzel|Wave Crash|p1b: Luvdisc\n|-resisted|p1b: Luvdisc\n|-damage|p1b: Luvdisc|179/248\n|-damage|p2b: Floatzel|186/286 par|[from] Recoil\n|cant|p1a: Floatzel|par\n|\n|upkeep\n|turn|5\n|\n|t:|1770749917\n|switch|p1a: Probopass|Probopass, L90, F|254/254\n|move|p1b: Luvdisc|Icy Wind|p2b: Floatzel|[spread] p2a,p2b\n|-resisted|p2a: Luvdisc\n|-resisted|p2b: Floatzel\n|-damage|p2a: Luvdisc|220/248\n|-damage|p2b: Floatzel|168/286 par\n|-unboost|p2a: Luvdisc|spe|1\n|-unboost|p2b: Floatzel|spe|1\n|move|p2a: Luvdisc|Icy Wind|p1b: Luvdisc|[spread] p1a,p1b\n|-resisted|p1a: Probopass\n|-resisted|p1b: Luvdisc\n|-damage|p1a: Probopass|247/254\n|-damage|p1b: Luvdisc|168/248\n|-unboost|p1a: Probopass|spe|1\n|-unboost|p1b: Luvdisc|spe|1\n|move|p2b: Floatzel|Wave Crash|p1a: Probopass\n|-supereffective|p1a: Probopass\n|-damage|p1a: Probopass|101/254\n|-damage|p2b: Floatzel|120/286 par|[from] Recoil\n|\n|upkeep\n|turn|6\n|\n|t:|1770749941\n|switch|p2b: Weezing|Weezing, L91, F|266/266\n|move|p2a: Luvdisc|Hydro Pump|p1a: Probopass\n|-supereffective|p1a: Probopass\n|-damage|p1a: Probopass|0 fnt\n|faint|p1a: Probopass\n|move|p1b: Luvdisc|Charm|p2b: Weezing\n|-unboost|p2b: Weezing|atk|2\n|\n|upkeep\n|\n|t:|1770749949\n|switch|p1a: Farigiraf|Farigiraf, L84, F|339/339\n|turn|7\n|\n|t:|1770749967\n|switch|p2b: Jumpluff|Jumpluff, L92, F|238/238\n|move|p1b: Luvdisc|Hydro Pump|p2b: Jumpluff|[miss]\n|-miss|p1b: Luvdisc|p2b: Jumpluff\n|move|p2a: Luvdisc|Endeavor|p1a: Farigiraf\n|-damage|p1a: Farigiraf|220/339\n|move|p1a: Farigiraf|Trick Room|p1a: Farigiraf\n|-fieldstart|move: Trick Room|[of] p1a: Farigiraf\n|\n|upkeep\n|turn|8\n|\n|t:|1770749983\n|move|p2b: Jumpluff|Protect|p2b: Jumpluff\n|-singleturn|p2b: Jumpluff|Protect\n|move|p1a: Farigiraf|Psychic|p2a: Luvdisc\n|-damage|p2a: Luvdisc|118/248\n|-enditem|p2a: Luvdisc|Sitrus Berry|[eat]\n|-heal|p2a: Luvdisc|180/248|[from] item: Sitrus Berry\n|move|p1b: Luvdisc|Hydro Pump|p2a: Luvdisc\n|-resisted|p2a: Luvdisc\n|-damage|p2a: Luvdisc|132/248\n|move|p2a: Luvdisc|Hydro Pump|p1a: Farigiraf\n|-damage|p1a: Farigiraf|114/339\n|-enditem|p1a: Farigiraf|Sitrus Berry|[eat]\n|-heal|p1a: Farigiraf|198/339|[from] item: Sitrus Berry\n|\n|upkeep\n|turn|9\n|\n|t:|1770750007\n|move|p1a: Farigiraf|Psychic|p2b: Jumpluff\n|-immune|p2b: Jumpluff\n|move|p1b: Luvdisc|Charm|p2b: Jumpluff\n|-unboost|p2b: Jumpluff|atk|2\n|move|p2a: Luvdisc|Endeavor|p1b: Luvdisc\n|-damage|p1b: Luvdisc|132/248\n|move|p2b: Jumpluff|Dark Pulse|p1a: Farigiraf\n|-supereffective|p1a: Farigiraf\n|-damage|p1a: Farigiraf|0 fnt\n|faint|p1a: Farigiraf\n|-damage|p2b: Jumpluff|215/238|[from] item: Life Orb\n|\n|upkeep\n|\n|t:|1770750015\n|switch|p1a: Floatzel|Floatzel, L86, F|139/286 par\n|turn|10\n|\n|t:|1770750025\n|switch|p2b: Floatzel|Floatzel, L86, M|120/286 par\n|move|p1a: Floatzel|Wave Crash|p2a: Luvdisc\n|-resisted|p2a: Luvdisc\n|-damage|p2a: Luvdisc|20/248\n|-damage|p1a: Floatzel|102/286 par|[from] Recoil\n|-damage|p1a: Floatzel|74/286 par|[from] item: Life Orb\n|move|p1b: Luvdisc|Hydro Pump|p2b: Floatzel|[miss]\n|-miss|p1b: Luvdisc|p2b: Floatzel\n|move|p2a: Luvdisc|Charm|p1a: Floatzel\n|-unboost|p1a: Floatzel|atk|2\n|\n|upkeep\n|turn|11\n|\n|t:|1770750042\n|switch|p2a: Weezing|Weezing, L91, F|266/266\n|move|p1a: Floatzel|Wave Crash|p2a: Weezing\n|-damage|p2a: Weezing|196/266\n|-damage|p1a: Floatzel|51/286 par|[from] Recoil\n|-damage|p1a: Floatzel|23/286 par|[from] item: Life Orb\n|move|p2b: Floatzel|Wave Crash|p1b: Luvdisc\n|-resisted|p1b: Luvdisc\n|-damage|p1b: Luvdisc|15/248\n|-enditem|p1b: Luvdisc|Sitrus Berry|[eat]\n|-heal|p1b: Luvdisc|77/248|[from] item: Sitrus Berry\n|-damage|p2b: Floatzel|81/286 par|[from] Recoil\n|move|p1b: Luvdisc|Charm|p2b: Floatzel\n|-unboost|p2b: Floatzel|atk|2\n|\n|-fieldend|move: Trick Room\n|upkeep\n|turn|12\n|\n|t:|1770750065\n|switch|p2a: Luvdisc|Luvdisc, M|20/248\n|move|p1b: Luvdisc|Endeavor|p2a: Luvdisc\n|-immune|p2a: Luvdisc\n|cant|p2b: Floatzel|par\n|move|p1a: Floatzel|Wave Crash|p2b: Floatzel\n|-resisted|p2b: Floatzel\n|-damage|p2b: Floatzel|19/286 par\n|-damage|p1a: Floatzel|3/286 par|[from] Recoil\n|-damage|p1a: Floatzel|0 fnt|[from] item: Life Orb\n|faint|p1a: Floatzel\n|\n|upkeep\n|\n|t:|1770750075\n|switch|p1a: Baxcalibur|Baxcalibur, L78, F|307/307\n|turn|13\n|\n|t:|1770750083\n|move|p1a: Baxcalibur|Protect|p1a: Baxcalibur\n|-singleturn|p1a: Baxcalibur|Protect\n|move|p2a: Luvdisc|Endeavor|p1a: Baxcalibur\n|-activate|p1a: Baxcalibur|move: Protect\n|move|p1b: Luvdisc|Icy Wind|p2a: Luvdisc|[spread] p2a,p2b\n|-resisted|p2a: Luvdisc\n|-resisted|p2b: Floatzel\n|-damage|p2a: Luvdisc|8/248\n|-damage|p2b: Floatzel|4/286 par\n|-unboost|p2a: Luvdisc|spe|1\n|-unboost|p2b: Floatzel|spe|1\n|cant|p2b: Floatzel|par\n|\n|upkeep\n|turn|14\n|\n|t:|1770750108\n|switch|p2a: Weezing|Weezing, L91, F|196/266\n|move|p1a: Baxcalibur|Scale Shot|p2a: Weezing|[miss]\n|-miss|p1a: Baxcalibur|p2a: Weezing\n|move|p1b: Luvdisc|Icy Wind|p2a: Weezing|[spread] p2a,p2b\n|-crit|p2a: Weezing\n|-resisted|p2b: Floatzel\n|-damage|p2a: Weezing|158/266\n|-damage|p2b: Floatzel|0 fnt\n|-unboost|p2a: Weezing|spe|1\n|faint|p2b: Floatzel\n|\n|upkeep\n|\n|t:|1770750115\n|switch|p2b: Jumpluff|Jumpluff, L92, F|287/287\n|turn|15\n|\n|t:|1770750125\n|-terastallize|p2b: Jumpluff|Steel\n|move|p2b: Jumpluff|Tailwind|p2b: Jumpluff\n|-sidestart|p2: Anzyll|move: Tailwind\n|move|p2a: Weezing|Gunk Shot|p1b: Luvdisc\n|-damage|p1b: Luvdisc|0 fnt\n|faint|p1b: Luvdisc\n|move|p1a: Baxcalibur|Swords Dance|p1a: Baxcalibur\n|-boost|p1a: Baxcalibur|atk|2\n|\n|upkeep\n|turn|16\n|\n|t:|1770750136\n|-terastallize|p1a: Baxcalibur|Dragon\n|move|p2b: Jumpluff|Encore|p1a: Baxcalibur\n|-start|p1a: Baxcalibur|Encore\n|move|p2a: Weezing|Gunk Shot|p1a: Baxcalibur\n|-damage|p1a: Baxcalibur|163/307\n|move|p1a: Baxcalibur|Swords Dance|p1a: Baxcalibur\n|-boost|p1a: Baxcalibur|atk|2\n|\n|upkeep\n|turn|17\n|-message|Slurty forfeited.\n|\n|win|Anzyll\n|raw|Slurty's rating: 1727 &rarr; <strong>1716</strong><br />(-11 for losing)\n|raw|Anzyll's rating: 1885 &rarr; <strong>1896</strong><br />(+11 for winning)\n|l|☆Slurty\n|player|p1|\n|c|☆Anzyll|gg twin\n", "inputlog": ">version ccdc32dd7cde25fd9e4bed64820e885f66e78a4e\n>start {\"formatid\":\"gen9randomdoublesbattle\",\"seed\":\"sodium,8c81726e06d374517586a448dd06ee0b\",\"rated\":\"Rated battle\"}\n>player p1 {\"name\":\"Slurty\",\"avatar\":\"266\",\"rating\":1727,\"seed\":\"sodium,0be2dd747254d433eeca4ec048c45d60\"}\n>player p2 {\"name\":\"Anzyll\",\"avatar\":\"clemont\",\"rating\":1885,\"seed\":\"sodium,c9b8912c95d53dee4333f4605a0e3f4e\"}\n>chat ☆Slurty|Weird\n>chat ☆Anzyll|oh yeah I didn't even notice for a sec\n>chat ☆Anzyll|that's funny\n>p1 move wavecrash +2, move glare +1\n>p2 move wavecrash +2, move glare +1\n>chat ☆Anzyll|I'm glad we're so on the same page\n>p1 move aquajet +2, move gunkshot +1\n>p2 switch 6, move flamethrower +2\n>chat ☆Slurty|Are you…me?\n>chat ☆Anzyll|could be\n>p1 pass, switch 5\n>chat ☆Anzyll|WHAT\n>p1 move aquajet +2, move icywind\n>p2 move icywind, move glare +2\n>p2 pass, switch 6\n>p1 move wavecrash +2, move charm +2\n>p2 move charm +1, move wavecrash +2\n>p1 switch 4, move icywind\n>p2 move icywind, move wavecrash +1\n>p1 move rest, move charm +2\n>p2 move hydropump +1, switch 3\n>p1 switch 6, pass\n>p1 move trickroom, move hydropump +2\n>p2 move endeavor +1, switch 4\n>p1 move psychic +1, move hydropump +1\n>p2 move hydropump +1, move protect\n>p1 move psychic +2, move charm +2\n>p2 move endeavor +2, move darkpulse +1\n>p1 switch 4, pass\n>p1 move wavecrash +1, move hydropump +2\n>p2 move charm +1, switch 3\n>p1 move wavecrash +1, move charm +2\n>p2 switch 4, move wavecrash +2\n>p1 move wavecrash +2, move endeavor +1\n>p2 switch 4, move wavecrash +2\n>p1 switch 3, pass\n>p1 move protect, move icywind\n>p2 move endeavor +1, move wavecrash +2\n>p1 move scaleshot +1, move icywind\n>p2 switch 4, move wavecrash +2\n>p2 pass, switch 5\n>p1 move swordsdance, move icywind\n>p2 move gunkshot +2, move tailwind terastallize\n>p1 move scaleshot +1 terastallize, pass\n>p2 move gunkshot +1, move encore +1\n>forcelose p1", "uploadtime": 1770750148, "views": 72, "formatid": "gen9randomdoublesbattle", "rating": 1716, "private": 0, "password": null}