{"id": "gen9randomdoublesbattle-2537286030", "format": "[Gen 9] Random Doubles Battle", "players": ["bigbadbabadook", "baseballlover"], "log": "|j|☆bigbadbabadook\n|j|☆baseballlover\n|t:|1770790941\n|gametype|doubles\n|player|p1|bigbadbabadook|bellelba|1495\n|player|p2|baseballlover|266|1623\n|gen|9\n|tier|[Gen 9] Random Doubles Battle\n|rated|\n|rule|Species Clause: Limit one of each Pokémon\n|rule|HP Percentage Mod: HP is shown in percentages\n|rule|Illusion Level Mod: Illusion disguises the Pokémon's true level\n|rule|Sleep Clause Mod: Limit one foe put to sleep\n|\n|t:|1770790941\n|teamsize|p1|6\n|teamsize|p2|6\n|start\n|switch|p1a: Avalugg|Avalugg-Hisui, L88, M|310/310\n|switch|p1b: Braviary|Braviary-Hisui, L84, M|322/322\n|switch|p2a: Zangoose|Zangoose, L87, M|269/269\n|switch|p2b: Annihilape|Annihilape, L77, M|296/296\n|turn|1\n|inactive|Battle timer is ON: inactive players will automatically lose when time's up. (requested by baseballlover)\n|inactive|bigbadbabadook also wants the timer to be on.\n|inactive|baseballlover has 120 seconds left.\n|\n|t:|1770790988\n|switch|p2b: Sableye|Sableye, L92, M|241/241\n|move|p2a: Zangoose|Protect|p2a: Zangoose\n|-singleturn|p2a: Zangoose|Protect\n|move|p1b: Braviary|Heat Wave|p2a: Zangoose|[spread] p2b\n|-activate|p2a: Zangoose|move: Protect\n|-damage|p2b: Sableye|127/241\n|move|p1a: Avalugg|Icicle Spear|p2b: Sableye\n|-damage|p2b: Sableye|88/241\n|-enditem|p2b: Sableye|Sitrus Berry|[eat]\n|-heal|p2b: Sableye|148/241|[from] item: Sitrus Berry\n|-damage|p2b: Sableye|108/241\n|-damage|p2b: Sableye|68/241\n|-damage|p2b: Sableye|34/241\n|-hitcount|p2b: Sableye|4\n|\n|-status|p2a: Zangoose|tox|[from] item: Toxic Orb\n|upkeep\n|turn|2\n|\n|t:|1770791007\n|move|p2b: Sableye|Fake Out|p1a: Avalugg\n|-resisted|p1a: Avalugg\n|-damage|p1a: Avalugg|303/310\n|move|p2a: Zangoose|Knock Off|p1b: Braviary\n|-supereffective|p1b: Braviary\n|-damage|p1b: Braviary|50/322\n|-enditem|p1b: Braviary|Life Orb|[from] move: Knock Off|[of] p2a: Zangoose\n|move|p1b: Braviary|Tailwind|p1b: Braviary\n|-sidestart|p1: bigbadbabadook|move: Tailwind\n|cant|p1a: Avalugg|flinch\n|\n|-damage|p2a: Zangoose|253/269 tox|[from] psn\n|upkeep\n|turn|3\n|\n|t:|1770791033\n|move|p2a: Zangoose|Feint|p1b: Braviary\n|-damage|p1b: Braviary|0 fnt\n|faint|p1b: Braviary\n|move|p2b: Sableye|Thunder Wave|p1a: Avalugg\n|-status|p1a: Avalugg|par\n|cant|p1a: Avalugg|par\n|\n|-damage|p2a: Zangoose|221/269 tox|[from] psn\n|upkeep\n|\n|t:|1770791046\n|switch|p1b: Espeon|Espeon, L84, F|219/219\n|turn|4\n|\n|t:|1770791066\n|move|p2a: Zangoose|Protect|p2a: Zangoose\n|-singleturn|p2a: Zangoose|Protect\n|move|p1b: Espeon|Bitter Malice|p2b: Sableye\n|-damage|p2b: Sableye|0 fnt\n|faint|p2b: Sableye\n|-damage|p1b: Espeon|198/219|[from] item: Life Orb\n|cant|p1a: Avalugg|par\n|\n|-damage|p2a: Zangoose|173/269 tox|[from] psn\n|upkeep\n|inactive|baseballlover has 120 seconds left.\n|\n|t:|1770791099\n|switch|p2b: Yanmega|Yanmega, L84, M|282/282\n|turn|5\n|\n|t:|1770791107\n|switch|p2a: Weezing|Weezing, L91, M|266/266\n|move|p2b: Yanmega|Protect|p2b: Yanmega\n|-singleturn|p2b: Yanmega|Protect\n|move|p1b: Espeon|Focus Blast|p2a: Weezing|[miss]\n|-miss|p1b: Espeon|p2a: Weezing\n|cant|p1a: Avalugg|par\n|\n|-sideend|p1: bigbadbabadook|move: Tailwind\n|-ability|p2b: Yanmega|Speed Boost|boost\n|-boost|p2b: Yanmega|spe|1\n|upkeep\n|turn|6\n|\n|t:|1770791121\n|move|p2b: Yanmega|Bug Buzz|p1b: Espeon\n|-resisted|p1b: Espeon\n|-damage|p1b: Espeon|108/219\n|replace|p1b: Zoroark|Zoroark-Hisui, L80, M\n|-end|p1b: Zoroark|Illusion\n|-hint|Illusion Level Mod is active, so this Pokémon's true level was hidden.\n|-damage|p2b: Yanmega|254/282|[from] item: Life Orb\n|move|p1b: Zoroark|Bitter Malice|p2a: Weezing\n|-damage|p2a: Weezing|140/266\n|-unboost|p2a: Weezing|atk|1\n|-damage|p1b: Zoroark|87/219|[from] item: Life Orb\n|move|p2a: Weezing|Fire Blast|p1a: Avalugg|[miss]\n|-miss|p2a: Weezing|p1a: Avalugg\n|cant|p1a: Avalugg|par\n|\n|-ability|p2b: Yanmega|Speed Boost|boost\n|-boost|p2b: Yanmega|spe|1\n|upkeep\n|turn|7\n|\n|t:|1770791142\n|move|p1b: Zoroark|Protect|p1b: Zoroark\n|-singleturn|p1b: Zoroark|Protect\n|move|p2b: Yanmega|Bug Buzz|p1b: Zoroark\n|-activate|p1b: Zoroark|move: Protect\n|move|p2a: Weezing|Fire Blast|p1a: Avalugg\n|-damage|p1a: Avalugg|166/310 par\n|move|p1a: Avalugg|Rock Blast|p2b: Yanmega\n|-supereffective|p2b: Yanmega\n|-damage|p2b: Yanmega|110/282\n|-supereffective|p2b: Yanmega\n|-damage|p2b: Yanmega|0 fnt\n|faint|p2b: Yanmega\n|-hitcount|p2: Yanmega|2\n|\n|upkeep\n|\n|t:|1770791153\n|switch|p2b: Zangoose|Zangoose, L87, M|173/269 tox\n|turn|8\n|\n|t:|1770791161\n|move|p1a: Avalugg|Protect|p1a: Avalugg\n|-singleturn|p1a: Avalugg|Protect\n|move|p1b: Zoroark|Hyper Voice|p2b: Zangoose|[spread] p2a,p2b\n|-damage|p2a: Weezing|23/266\n|-damage|p2b: Zangoose|35/269 tox\n|-enditem|p2a: Weezing|Sitrus Berry|[eat]\n|-heal|p2a: Weezing|89/266|[from] item: Sitrus Berry\n|-damage|p1b: Zoroark|66/219|[from] item: Life Orb\n|move|p2b: Zangoose|Knock Off|p1b: Zoroark\n|-supereffective|p1b: Zoroark\n|-damage|p1b: Zoroark|0 fnt\n|-enditem|p1b: Zoroark|Life Orb|[from] move: Knock Off|[of] p2b: Zangoose\n|faint|p1b: Zoroark\n|move|p2a: Weezing|Fire Blast|p1a: Avalugg\n|-activate|p1a: Avalugg|move: Protect\n|\n|-damage|p2b: Zangoose|19/269 tox|[from] psn\n|upkeep\n|\n|t:|1770791176\n|switch|p1b: Espeon|Espeon, L84, F|246/246\n|turn|9\n|\n|t:|1770791186\n|move|p1b: Espeon|Protect|p1b: Espeon\n|-singleturn|p1b: Espeon|Protect\n|move|p2b: Zangoose|Facade|p1b: Espeon\n|-activate|p1b: Espeon|move: Protect\n|move|p2a: Weezing|Fire Blast|p1a: Avalugg|[miss]\n|-miss|p2a: Weezing|p1a: Avalugg\n|cant|p1a: Avalugg|par\n|\n|-damage|p2b: Zangoose|0 fnt|[from] psn\n|faint|p2b: Zangoose\n|upkeep\n|\n|t:|1770791191\n|switch|p2b: Florges|Florges-Blue, L84, F|268/268\n|turn|10\n|\n|t:|1770791202\n|move|p1b: Espeon|Psychic|p2a: Weezing\n|-supereffective|p2a: Weezing\n|-damage|p2a: Weezing|0 fnt\n|faint|p2a: Weezing\n|-damage|p1b: Espeon|222/246|[from] item: Life Orb\n|move|p2b: Florges|Moonblast|p1b: Espeon\n|-damage|p1b: Espeon|120/246\n|move|p1a: Avalugg|Icicle Spear|p2b: Florges\n|-damage|p2b: Florges|220/268\n|-damage|p2b: Florges|172/268\n|-damage|p2b: Florges|124/268\n|-damage|p2b: Florges|78/268\n|-damage|p2b: Florges|35/268\n|-hitcount|p2b: Florges|5\n|\n|-heal|p2b: Florges|51/268|[from] item: Leftovers\n|upkeep\n|\n|t:|1770791212\n|switch|p2a: Annihilape|Annihilape, L77, M|296/296\n|turn|11\n|\n|t:|1770791231\n|-terastallize|p2a: Annihilape|Water\n|move|p1b: Espeon|Protect|p1b: Espeon\n|-singleturn|p1b: Espeon|Protect\n|move|p2a: Annihilape|Bulk Up|p2a: Annihilape\n|-boost|p2a: Annihilape|atk|1\n|-boost|p2a: Annihilape|def|1\n|move|p2b: Florges|Moonblast|p1b: Espeon\n|-activate|p1b: Espeon|move: Protect\n|move|p1a: Avalugg|Icicle Spear|p2b: Florges\n|-damage|p2b: Florges|3/268\n|-damage|p2b: Florges|0 fnt\n|faint|p2b: Florges\n|-hitcount|p2: Florges|2\n|\n|upkeep\n|turn|12\n|\n|t:|1770791248\n|switch|p1a: Ogerpon|Ogerpon, L78, F|253/253\n|move|p1b: Espeon|Psychic|p2a: Annihilape\n|-damage|p2a: Annihilape|115/296\n|-damage|p1b: Espeon|96/246|[from] item: Life Orb\n|move|p2a: Annihilape|Rage Fist|p1b: Espeon\n|-supereffective|p1b: Espeon\n|-damage|p1b: Espeon|0 fnt\n|faint|p1b: Espeon\n|\n|-heal|p2a: Annihilape|133/296|[from] item: Leftovers\n|upkeep\n|\n|t:|1770791253\n|switch|p1b: Orthworm|Orthworm, L88, M|266/266\n|turn|13\n|\n|t:|1770791260\n|move|p1a: Ogerpon|Knock Off|p2a: Annihilape\n|-damage|p2a: Annihilape|81/296\n|-enditem|p2a: Annihilape|Leftovers|[from] move: Knock Off|[of] p1a: Ogerpon\n|move|p2a: Annihilape|Drain Punch|p1b: Orthworm\n|-supereffective|p1b: Orthworm\n|-damage|p1b: Orthworm|128/266\n|-heal|p2a: Annihilape|150/296|[from] drain|[of] p1b: Orthworm\n|move|p1b: Orthworm|Iron Defense|p1b: Orthworm\n|-boost|p1b: Orthworm|def|2\n|\n|-heal|p1b: Orthworm|144/266|[from] item: Leftovers\n|upkeep\n|turn|14\n|inactive|baseballlover has 120 seconds left.\n|\n|t:|1770791299\n|-terastallize|p1b: Orthworm|Electric\n|move|p1a: Ogerpon|Ivy Cudgel|p2a: Annihilape\n|-supereffective|p2a: Annihilape\n|-damage|p2a: Annihilape|0 fnt\n|faint|p2a: Annihilape\n|\n|win|bigbadbabadook\n|raw|bigbadbabadook's rating: 1495 &rarr; <strong>1522</strong><br />(+27 for winning)\n|raw|baseballlover's rating: 1623 &rarr; <strong>1596</strong><br />(-27 for losing)\n", "inputlog": ">version ccdc32dd7cde25fd9e4bed64820e885f66e78a4e\n>start {\"formatid\":\"gen9randomdoublesbattle\",\"seed\":\"sodium,112915895dd022d58ed71f270a3e627d\",\"rated\":\"Rated battle\"}\n>player p1 {\"name\":\"bigbadbabadook\",\"avatar\":\"bellelba\",\"rating\":1495,\"seed\":\"sodium,3fdb14c7fec1e21a1e2f8f3ce2c31756\"}\n>player p2 {\"name\":\"baseballlover\",\"avatar\":\"266\",\"rating\":1623,\"seed\":\"sodium,1fec142e3602962ac48810263f9c9679\"}\n>p1 move iciclespear +2, move heatwave\n>p2 move protect, switch 4\n>p1 move iciclespear +2, move tailwind\n>p2 move knockoff +2, move fakeout +1\n>p1 move iciclespear +1, move heatwave\n>p2 move feint +2, move thunderwave +1\n>p1 pass, switch 4\n>p1 move iciclespear +1, move bittermalice +2\n>p2 move protect, move knockoff +2\n>p2 pass, switch 6\n>p1 move rockblast +2, move focusblast +1\n>p2 switch 3, move protect\n>p1 move rockblast +2, move bittermalice +1\n>p2 move fireblast +1, move bugbuzz +2\n>p1 move rockblast +2, move protect\n>p2 move fireblast +1, move bugbuzz +2\n>p2 pass, switch 3\n>p1 move protect, move hypervoice\n>p2 move fireblast +1, move knockoff +2\n>p1 pass, switch 6\n>p1 move iciclespear +1, move protect\n>p2 move fireblast +1, move facade +2\n>p2 pass, switch 5\n>p1 move iciclespear +2, move psychic +1\n>p2 move gunkshot +2, move moonblast +2\n>p2 switch 4, pass\n>p1 move iciclespear +2, move protect\n>p2 move bulkup terastallize, move moonblast +2\n>p1 switch 5, move psychic +1\n>p2 move ragefist +2, pass\n>p1 pass, switch 3\n>p1 move knockoff +1, move irondefense\n>p2 move drainpunch +2, pass\n>p1 move ivycudgel +1, move bodypress +1 terastallize\n>p2 move drainpunch +2, pass", "uploadtime": 1770791299, "views": 65, "formatid": "gen9randomdoublesbattle", "rating": 1522, "private": 0, "password": null}