{"id": "gen9randomdoublesbattle-2539142780", "format": "[Gen 9] Random Doubles Battle", "players": ["coop20", "mashing a"], "log": "|j|☆coop20\n|j|☆mashing a\n|t:|1771015832\n|gametype|doubles\n|player|p1|coop20|265|1740\n|player|p2|mashing a|101|1707\n|gen|9\n|tier|[Gen 9] Random Doubles Battle\n|rated|\n|rule|Species Clause: Limit one of each Pokémon\n|rule|HP Percentage Mod: HP is shown in percentages\n|rule|Illusion Level Mod: Illusion disguises the Pokémon's true level\n|rule|Sleep Clause Mod: Limit one foe put to sleep\n|\n|t:|1771015832\n|teamsize|p1|6\n|teamsize|p2|6\n|start\n|switch|p1a: Rotom|Rotom, L90|236/236\n|switch|p1b: Cyclizar|Cyclizar, L87, M|264/264\n|switch|p2a: Slaking|Slaking, L89, M|412/412\n|switch|p2b: Vespiquen|Vespiquen, F|302/302\n|-ability|p2b: Vespiquen|Unnerve\n|turn|1\n|inactive|Battle timer is ON: inactive players will automatically lose when time's up. (requested by mashing a)\n|inactive|coop20 also wants the timer to be on.\n|\n|t:|1771015860\n|move|p1b: Cyclizar|Shed Tail|p1b: Cyclizar\n|-start|p1b: Cyclizar|Substitute|[from] move: Shed Tail\n|-damage|p1b: Cyclizar|132/264\n|\n|t:|1771015879\n|switch|p1b: Zamazenta|Zamazenta-Crowned, L67|235/235|[from] Shed Tail\n|-ability|p1b: Zamazenta|Dauntless Shield|boost\n|-boost|p1b: Zamazenta|def|1\n|move|p2a: Slaking|Knock Off|p1a: Rotom\n|-supereffective|p1a: Rotom\n|-damage|p1a: Rotom|0 fnt\n|-enditem|p1a: Rotom|Life Orb|[from] move: Knock Off|[of] p2a: Slaking\n|faint|p1a: Rotom\n|move|p2b: Vespiquen|Toxic Spikes|p1b: Zamazenta\n|-sidestart|p1: coop20|move: Toxic Spikes\n|\n|upkeep\n|\n|t:|1771015898\n|switch|p1a: Regice|Regice, L84|272/272\n|-status|p1a: Regice|psn\n|turn|2\n|\n|t:|1771015923\n|switch|p2a: Volbeat|Volbeat, L82, M|241/241\n|move|p1b: Zamazenta|Iron Defense|p1b: Zamazenta\n|-boost|p1b: Zamazenta|def|2\n|move|p2b: Vespiquen|Hurricane|p1b: Zamazenta\n|-end|p1b: Zamazenta|Substitute\n|move|p1a: Regice|Blizzard|p2a: Volbeat|[spread] p2a,p2b\n|-supereffective|p2b: Vespiquen\n|-damage|p2a: Volbeat|144/241\n|-damage|p2b: Vespiquen|156/302\n|\n|-heal|p2b: Vespiquen|174/302|[from] item: Leftovers\n|-damage|p1a: Regice|238/272 psn|[from] psn\n|upkeep\n|turn|3\n|\n|t:|1771015946\n|switch|p1b: Cyclizar|Cyclizar, L87, M|220/264\n|-status|p1b: Cyclizar|psn\n|move|p2a: Volbeat|Encore||[still]\n|-fail|p2a: Volbeat\n|move|p2b: Vespiquen|Roost|p2b: Vespiquen\n|-heal|p2b: Vespiquen|302/302\n|-singleturn|p2b: Vespiquen|move: Roost\n|move|p1a: Regice|Blizzard|p2a: Volbeat|[spread] p2a\n|-miss|p1a: Regice|p2b: Vespiquen\n|-enditem|p1a: Regice|Blunder Policy\n|-boost|p1a: Regice|spe|2\n|-damage|p2a: Volbeat|48/241\n|-enditem|p2a: Volbeat|Sitrus Berry|[eat]\n|-heal|p2a: Volbeat|108/241|[from] item: Sitrus Berry\n|\n|-damage|p1a: Regice|204/272 psn|[from] psn\n|-damage|p1b: Cyclizar|187/264 psn|[from] psn\n|upkeep\n|turn|4\n|inactive|coop20 has 120 seconds left.\n|\n|t:|1771015978\n|move|p2a: Volbeat|Tailwind|p2a: Volbeat\n|-sidestart|p2: mashing a|move: Tailwind\n|move|p2b: Vespiquen|Hurricane|p1b: Cyclizar\n|-damage|p1b: Cyclizar|13/264 psn\n|move|p1a: Regice|Blizzard|p2a: Volbeat|[spread] p2a,p2b\n|-supereffective|p2b: Vespiquen\n|-damage|p2a: Volbeat|15/241\n|-damage|p2b: Vespiquen|174/302\n|move|p1b: Cyclizar|Double-Edge|p2a: Volbeat\n|-damage|p2a: Volbeat|0 fnt\n|faint|p2a: Volbeat\n|-damage|p1b: Cyclizar|8/264 psn|[from] Recoil\n|-damage|p1b: Cyclizar|0 fnt|[from] item: Life Orb\n|faint|p1b: Cyclizar\n|\n|-heal|p2b: Vespiquen|192/302|[from] item: Leftovers\n|-damage|p1a: Regice|170/272 psn|[from] psn\n|upkeep\n|inactive|coop20 has 120 seconds left.\n|\n|t:|1771015997\n|switch|p1b: Gastrodon|Gastrodon, L82, M|316/316\n|switch|p2a: Cyclizar|Cyclizar, L87, M|264/264\n|-status|p1b: Gastrodon|psn\n|turn|5\n|inactive|coop20 has 120 seconds left.\n|\n|t:|1771016022\n|move|p1a: Regice|Protect|p1a: Regice\n|-singleturn|p1a: Regice|Protect\n|move|p2a: Cyclizar|Shed Tail|p2a: Cyclizar\n|-start|p2a: Cyclizar|Substitute|[from] move: Shed Tail\n|-damage|p2a: Cyclizar|132/264\n|-enditem|p2a: Cyclizar|Sitrus Berry|[eat]\n|-heal|p2a: Cyclizar|198/264|[from] item: Sitrus Berry\n|\n|t:|1771016029\n|switch|p2a: Slaking|Slaking, L89, M|412/412|[from] Shed Tail\n|move|p2b: Vespiquen|Hurricane|p1b: Gastrodon|[miss]\n|-miss|p2b: Vespiquen|p1b: Gastrodon\n|move|p1b: Gastrodon|Icy Wind|p2b: Vespiquen|[spread] p2a\n|-miss|p1b: Gastrodon|p2b: Vespiquen\n|-activate|p2a: Slaking|move: Substitute|[damage]\n|\n|-heal|p2b: Vespiquen|210/302|[from] item: Leftovers\n|-damage|p1a: Regice|136/272 psn|[from] psn\n|-damage|p1b: Gastrodon|277/316 psn|[from] psn\n|upkeep\n|turn|6\n|\n|t:|1771016045\n|move|p2a: Slaking|Double-Edge|p1a: Regice\n|-damage|p1a: Regice|0 fnt\n|faint|p1a: Regice\n|-damage|p2a: Slaking|367/412|[from] Recoil\n|move|p2b: Vespiquen|Hurricane|p1b: Gastrodon|[miss]\n|-miss|p2b: Vespiquen|p1b: Gastrodon\n|move|p1b: Gastrodon|Muddy Water|p2a: Slaking|[spread] p2a,p2b\n|-end|p2a: Slaking|Substitute\n|-damage|p2b: Vespiquen|158/302\n|\n|-heal|p2b: Vespiquen|176/302|[from] item: Leftovers\n|-damage|p1b: Gastrodon|238/316 psn|[from] psn\n|upkeep\n|\n|t:|1771016049\n|switch|p1a: Tsareena|Tsareena, L85, F|261/261\n|-status|p1a: Tsareena|psn\n|turn|7\n|\n|t:|1771016059\n|-terastallize|p1a: Tsareena|Fighting\n|cant|p2a: Slaking|ability: Truant\n|move|p2b: Vespiquen|Pollen Puff|p1a: Tsareena\n|-resisted|p1a: Tsareena\n|-damage|p1a: Tsareena|227/261 psn\n|move|p1a: Tsareena|High Jump Kick|p2a: Slaking\n|-supereffective|p2a: Slaking\n|-damage|p2a: Slaking|61/412\n|move|p1b: Gastrodon|Muddy Water|p2b: Vespiquen|[spread] p2a\n|-miss|p1b: Gastrodon|p2b: Vespiquen\n|-damage|p2a: Slaking|0 fnt\n|faint|p2a: Slaking\n|\n|-heal|p2b: Vespiquen|194/302|[from] item: Leftovers\n|-damage|p1a: Tsareena|195/261 psn|[from] psn\n|-damage|p1b: Gastrodon|199/316 psn|[from] psn\n|-sideend|p2: mashing a|move: Tailwind\n|upkeep\n|\n|t:|1771016063\n|switch|p2a: Cyclizar|Cyclizar, L87, M|264/264\n|turn|8\n|\n|t:|1771016088\n|move|p2a: Cyclizar|Shed Tail|p2a: Cyclizar\n|-start|p2a: Cyclizar|Substitute|[from] move: Shed Tail\n|-damage|p2a: Cyclizar|132/264\n|\n|t:|1771016092\n|switch|p2a: Trevenant|Trevenant, L88, M|293/293|[from] Shed Tail\n|move|p1a: Tsareena|Triple Axel|p2b: Vespiquen\n|-supereffective|p2b: Vespiquen\n|-damage|p2b: Vespiquen|168/302\n|-supereffective|p2b: Vespiquen\n|-damage|p2b: Vespiquen|118/302\n|-supereffective|p2b: Vespiquen\n|-damage|p2b: Vespiquen|46/302\n|-hitcount|p2b: Vespiquen|3\n|move|p2b: Vespiquen|Hurricane|p1a: Tsareena\n|-supereffective|p1a: Tsareena\n|-damage|p1a: Tsareena|15/261 psn\n|move|p1b: Gastrodon|Muddy Water|p2b: Vespiquen|[spread] p2b\n|-miss|p1b: Gastrodon|p2a: Trevenant\n|-damage|p2b: Vespiquen|0 fnt\n|faint|p2b: Vespiquen\n|\n|-damage|p1a: Tsareena|0 fnt|[from] psn\n|faint|p1a: Tsareena\n|-damage|p1b: Gastrodon|160/316 psn|[from] psn\n|upkeep\n|inactive|coop20 has 120 seconds left.\n|\n|t:|1771016117\n|switch|p1a: Zamazenta|Zamazenta-Crowned, L67|235/235\n|switch|p2b: Cyclizar|Cyclizar, L87, M|220/264\n|turn|9\n|\n|t:|1771016135\n|move|p2b: Cyclizar|Shed Tail|p2b: Cyclizar\n|-start|p2b: Cyclizar|Substitute|[from] move: Shed Tail\n|-damage|p2b: Cyclizar|88/264\n|\n|t:|1771016138\n|switch|p2b: Slowbro|Slowbro-Galar, L87, F|307/307|[from] Shed Tail\n|move|p1a: Zamazenta|Iron Defense|p1a: Zamazenta\n|-boost|p1a: Zamazenta|def|2\n|move|p1b: Gastrodon|Icy Wind|p2a: Trevenant|[spread] p2a,p2b\n|-supereffective|p2a: Trevenant\n|-activate|p2a: Trevenant|move: Substitute|[damage]\n|-activate|p2b: Slowbro|move: Substitute|[damage]\n|move|p2a: Trevenant|Trick Room|p2a: Trevenant\n|-fieldstart|move: Trick Room|[of] p2a: Trevenant\n|\n|-damage|p1b: Gastrodon|121/316 psn|[from] psn\n|upkeep\n|-enditem|p1b: Gastrodon|Sitrus Berry|[eat]\n|-heal|p1b: Gastrodon|200/316 psn|[from] item: Sitrus Berry\n|turn|10\n|\n|t:|1771016159\n|move|p2b: Slowbro|Fire Blast|p1a: Zamazenta\n|-supereffective|p1a: Zamazenta\n|-damage|p1a: Zamazenta|32/235\n|-damage|p2b: Slowbro|277/307|[from] item: Life Orb\n|move|p2a: Trevenant|Wood Hammer|p1b: Gastrodon\n|-supereffective|p1b: Gastrodon\n|-damage|p1b: Gastrodon|0 fnt\n|faint|p1b: Gastrodon\n|-damage|p2a: Trevenant|227/293|[from] Recoil\n|move|p1a: Zamazenta|Snarl|p2a: Trevenant|[spread] p2a\n|-miss|p1a: Zamazenta|p2b: Slowbro\n|-supereffective|p2a: Trevenant\n|-crit|p2a: Trevenant\n|-damage|p2a: Trevenant|179/293\n|-unboost|p2a: Trevenant|spa|1\n|\n|upkeep\n|turn|11\n|\n|t:|1771016178\n|move|p2b: Slowbro|Psychic|p1a: Zamazenta\n|-crit|p1a: Zamazenta\n|-damage|p1a: Zamazenta|0 fnt\n|faint|p1a: Zamazenta\n|-damage|p2b: Slowbro|247/307|[from] item: Life Orb\n|\n|win|mashing a\n|raw|coop20's rating: 1740 &rarr; <strong>1718</strong><br />(-22 for losing)\n|raw|mashing a's rating: 1707 &rarr; <strong>1729</strong><br />(+22 for winning)\n", "inputlog": ">version ccdc32dd7cde25fd9e4bed64820e885f66e78a4e\n>start {\"formatid\":\"gen9randomdoublesbattle\",\"seed\":\"sodium,48d635ac1314357493c93ec363ca6fce\",\"rated\":\"Rated battle\"}\n>player p1 {\"name\":\"coop20\",\"avatar\":\"265\",\"rating\":1740,\"seed\":\"sodium,cf3b182b407174ba3db7c3bee1cfb871\"}\n>player p2 {\"name\":\"mashing a\",\"avatar\":\"101\",\"rating\":1707,\"seed\":\"sodium,138c7ac21028a7411b82d791f2e77f6a\"}\n>p1 move willowisp +1, move shedtail\n>p2 move knockoff +1, move toxicspikes\n>p1 pass, switch 5\n>p1 switch 4, pass\n>p1 move blizzard, move irondefense\n>p2 switch 4, move hurricane +2\n>p1 move blizzard, switch 5\n>p2 move encore +2, move roost\n>p1 move blizzard, move doubleedge +1\n>p2 move tailwind, move hurricane +2\n>p1 pass, switch 6\n>p2 switch 5, pass\n>p1 move protect, move icywind\n>p2 move shedtail, move hurricane +2\n>p2 switch 4, pass\n>p1 move blizzard, move muddywater\n>p2 move doubleedge +1, move hurricane +2\n>p1 switch 3, pass\n>p1 move highjumpkick +1 terastallize, move muddywater\n>p2 move doubleedge +2, move pollenpuff +1\n>p2 switch 4, pass\n>p1 move tripleaxel +2, move muddywater\n>p2 move shedtail, move hurricane +1\n>p2 switch 3, pass\n>p1 switch 5, pass\n>p2 pass, switch 3\n>p1 move irondefense, move icywind\n>p2 move trickroom, move shedtail\n>p2 pass, switch 6\n>p1 move snarl, move icywind\n>p2 move woodhammer +2, move fireblast +1\n>p1 move snarl, pass\n>p2 move woodhammer +1, move psychic +1", "uploadtime": 1771016183, "views": 82, "formatid": "gen9randomdoublesbattle", "rating": 1718, "private": 0, "password": null}