{"id": "gen9randomdoublesbattle-2539658797", "format": "[Gen 9] Random Doubles Battle", "players": ["pejelegante", "swole badguy fieri"], "log": "|j|☆pejelegante\n|j|☆swole badguy fieri\n|t:|1771093234\n|gametype|doubles\n|player|p1|pejelegante|hugh|1802\n|player|p2|swole badguy fieri|265|1691\n|gen|9\n|tier|[Gen 9] Random Doubles Battle\n|rated|\n|rule|Species Clause: Limit one of each Pokémon\n|rule|HP Percentage Mod: HP is shown in percentages\n|rule|Illusion Level Mod: Illusion disguises the Pokémon's true level\n|rule|Sleep Clause Mod: Limit one foe put to sleep\n|\n|t:|1771093234\n|teamsize|p1|6\n|teamsize|p2|6\n|start\n|switch|p1a: Lugia|Lugia, L71|268/268\n|switch|p1b: Grumpig|Grumpig, L91, F|293/293\n|switch|p2a: Groudon|Groudon, L69|252/252\n|switch|p2b: Gengar|Gengar, L84, F|238/238\n|-weather|SunnyDay|[from] ability: Drought|[of] p2a: Groudon\n|turn|1\n|inactive|Battle timer is ON: inactive players will automatically lose when time's up. (requested by pejelegante)\n|inactive|swole badguy fieri has 120 seconds left.\n|\n|t:|1771093266\n|switch|p1a: Glastrier|Glastrier, L80|291/291\n|switch|p2a: Clefairy|Clefairy, L98, M|296/296\n|move|p2b: Gengar|Protect|p2b: Gengar\n|-singleturn|p2b: Gengar|Protect\n|move|p1b: Grumpig|Psychic|p2b: Gengar\n|-activate|p2b: Gengar|move: Protect\n|\n|-weather|SunnyDay|[upkeep]\n|upkeep\n|turn|2\n|\n|t:|1771093278\n|move|p2a: Clefairy|Follow Me|p2a: Clefairy\n|-singleturn|p2a: Clefairy|move: Follow Me\n|move|p2b: Gengar|Shadow Ball|p1b: Grumpig\n|-supereffective|p1b: Grumpig\n|-damage|p1b: Grumpig|72/293\n|-damage|p2b: Gengar|215/238|[from] item: Life Orb\n|move|p1b: Grumpig|Psychic|p2a: Clefairy\n|-damage|p2a: Clefairy|195/296\n|-damage|p1b: Grumpig|43/293|[from] item: Life Orb\n|move|p1a: Glastrier|Heavy Slam|p2a: Clefairy\n|-supereffective|p2a: Clefairy\n|-damage|p2a: Clefairy|0 fnt\n|faint|p2a: Clefairy\n|-ability|p1a: Glastrier|Chilling Neigh|boost\n|-boost|p1a: Glastrier|atk|1\n|\n|-weather|SunnyDay|[upkeep]\n|upkeep\n|\n|t:|1771093297\n|switch|p2a: Blastoise|Blastoise, L83, F|267/267\n|turn|3\n|\n|t:|1771093303\n|move|p2a: Blastoise|Fake Out|p1a: Glastrier\n|-damage|p1a: Glastrier|273/291\n|move|p2b: Gengar|Sludge Bomb|p1b: Grumpig\n|-damage|p1b: Grumpig|0 fnt\n|faint|p1b: Grumpig\n|-damage|p2b: Gengar|192/238|[from] item: Life Orb\n|cant|p1a: Glastrier|flinch\n|\n|-weather|SunnyDay|[upkeep]\n|upkeep\n|\n|t:|1771093308\n|switch|p1b: Landorus|Landorus-Therian, L77, M|264/264\n|-ability|p1b: Landorus|Intimidate|boost\n|-unboost|p2a: Blastoise|atk|1\n|-unboost|p2b: Gengar|atk|1\n|turn|4\n|inactive|swole badguy fieri has 120 seconds left.\n|\n|t:|1771093340\n|switch|p2a: Milotic|Milotic, L81, M|287/287\n|move|p2b: Gengar|Protect|p2b: Gengar\n|-singleturn|p2b: Gengar|Protect\n|move|p1b: Landorus|U-turn|p2a: Milotic\n|-damage|p2a: Milotic|218/287\n|\n|t:|1771093350\n|switch|p1b: Reshiram|Reshiram, L72|263/263|[from] U-turn\n|-ability|p1b: Reshiram|Turboblaze\n|move|p1a: Glastrier|Icicle Crash|p2b: Gengar\n|-activate|p2b: Gengar|move: Protect\n|\n|-weather|SunnyDay|[upkeep]\n|upkeep\n|turn|5\n|\n|t:|1771093363\n|switch|p2b: Blastoise|Blastoise, L83, F|267/267\n|move|p1a: Glastrier|Protect|p1a: Glastrier\n|-singleturn|p1a: Glastrier|Protect\n|move|p2a: Milotic|Scald|p1a: Glastrier\n|-activate|p1a: Glastrier|move: Protect\n|move|p1b: Reshiram|Tailwind|p1b: Reshiram\n|-sidestart|p1: pejelegante|move: Tailwind\n|\n|-weather|none\n|upkeep\n|turn|6\n|\n|t:|1771093378\n|move|p2b: Blastoise|Fake Out|p1a: Glastrier\n|-damage|p1a: Glastrier|254/291\n|move|p1b: Reshiram|Draco Meteor|p2a: Milotic\n|-damage|p2a: Milotic|66/287\n|-unboost|p1b: Reshiram|spa|2\n|-enditem|p2a: Milotic|Sitrus Berry|[eat]\n|-heal|p2a: Milotic|137/287|[from] item: Sitrus Berry\n|-damage|p1b: Reshiram|237/263|[from] item: Life Orb\n|cant|p1a: Glastrier|flinch\n|move|p2a: Milotic|Scald|p1a: Glastrier\n|-damage|p1a: Glastrier|178/291\n|\n|upkeep\n|turn|7\n|\n|t:|1771093390\n|switch|p1b: Landorus|Landorus-Therian, L77, M|264/264\n|-ability|p1b: Landorus|Intimidate|boost\n|-unboost|p2a: Milotic|atk|1\n|-ability|p2a: Milotic|Competitive|boost\n|-boost|p2a: Milotic|spa|2\n|-unboost|p2b: Blastoise|atk|1\n|move|p1a: Glastrier|Close Combat|p2a: Milotic\n|-crit|p2a: Milotic\n|-damage|p2a: Milotic|0 fnt\n|-unboost|p1a: Glastrier|def|1\n|-unboost|p1a: Glastrier|spd|1\n|faint|p2a: Milotic\n|-ability|p1a: Glastrier|Chilling Neigh|boost\n|-boost|p1a: Glastrier|atk|1\n|move|p2b: Blastoise|Icy Wind|p1b: Landorus|[spread] p1a\n|-miss|p2b: Blastoise|p1b: Landorus\n|-resisted|p1a: Glastrier\n|-damage|p1a: Glastrier|161/291\n|-unboost|p1a: Glastrier|spe|1\n|\n|upkeep\n|\n|t:|1771093404\n|switch|p2a: Groudon|Groudon, L69|252/252\n|-weather|SunnyDay|[from] ability: Drought|[of] p2a: Groudon\n|turn|8\n|\n|t:|1771093416\n|switch|p2b: Toucannon|Toucannon, L87, F|281/281\n|move|p1b: Landorus|U-turn|p2b: Toucannon\n|-resisted|p2b: Toucannon\n|-damage|p2b: Toucannon|253/281\n|\n|t:|1771093422\n|switch|p1b: Reshiram|Reshiram, L72|237/263|[from] U-turn\n|-ability|p1b: Reshiram|Turboblaze\n|move|p2a: Groudon|Stone Edge|p1a: Glastrier\n|-supereffective|p1a: Glastrier\n|-damage|p1a: Glastrier|7/291\n|-enditem|p1a: Glastrier|Sitrus Berry|[eat]\n|-heal|p1a: Glastrier|79/291|[from] item: Sitrus Berry\n|move|p1a: Glastrier|Icicle Crash|p2a: Groudon\n|-supereffective|p2a: Groudon\n|-damage|p2a: Groudon|0 fnt\n|faint|p2a: Groudon\n|-ability|p1a: Glastrier|Chilling Neigh|boost\n|-boost|p1a: Glastrier|atk|1\n|\n|-weather|SunnyDay|[upkeep]\n|-sideend|p1: pejelegante|move: Tailwind\n|upkeep\n|\n|t:|1771093435\n|switch|p2a: Gengar|Gengar, L84, F|192/238\n|turn|9\n|\n|t:|1771093450\n|-terastallize|p1b: Reshiram|Fire\n|move|p2a: Gengar|Shadow Ball|p1a: Glastrier\n|-damage|p1a: Glastrier|0 fnt\n|faint|p1a: Glastrier\n|-damage|p2a: Gengar|169/238|[from] item: Life Orb\n|move|p1b: Reshiram|Heat Wave|p2b: Toucannon|[spread] p2a,p2b\n|-damage|p2a: Gengar|0 fnt\n|-damage|p2b: Toucannon|11/281\n|-status|p2b: Toucannon|brn\n|-start|p1b: Reshiram|Disable|Heat Wave|[from] ability: Cursed Body|[of] p2a: Gengar\n|-enditem|p2b: Toucannon|Sitrus Berry|[eat]\n|-heal|p2b: Toucannon|81/281 brn|[from] item: Sitrus Berry\n|faint|p2a: Gengar\n|-damage|p1b: Reshiram|211/263|[from] item: Life Orb\n|move|p2b: Toucannon|Tailwind|p2b: Toucannon\n|-sidestart|p2: swole badguy fieri|move: Tailwind\n|\n|-weather|SunnyDay|[upkeep]\n|-damage|p2b: Toucannon|64/281 brn|[from] brn\n|upkeep\n|\n|t:|1771093463\n|switch|p2a: Blastoise|Blastoise, L83, F|267/267\n|switch|p1a: Landorus|Landorus-Therian, L77, M|264/264\n|-ability|p1a: Landorus|Intimidate|boost\n|-unboost|p2a: Blastoise|atk|1\n|-unboost|p2b: Toucannon|atk|1\n|turn|10\n|-message|swole badguy fieri forfeited.\n|\n|win|pejelegante\n|raw|pejelegante's rating: 1802 &rarr; <strong>1816</strong><br />(+14 for winning)\n|raw|swole badguy fieri's rating: 1691 &rarr; <strong>1677</strong><br />(-14 for losing)\n|l|☆swole badguy fieri\n|player|p2|\n|c|☆pejelegante|Gg\n", "inputlog": ">version ccdc32dd7cde25fd9e4bed64820e885f66e78a4e\n>start {\"formatid\":\"gen9randomdoublesbattle\",\"seed\":\"sodium,ca4da586399f09a796d022680c2c6281\",\"rated\":\"Rated battle\"}\n>player p1 {\"name\":\"pejelegante\",\"avatar\":\"hugh\",\"rating\":1802,\"seed\":\"sodium,3743768291310c40c89187d9880f9ed5\"}\n>player p2 {\"name\":\"swole badguy fieri\",\"avatar\":\"265\",\"rating\":1691,\"seed\":\"sodium,39d7d9579007f189cfb065eb67ad9bcc\"}\n>p1 switch 4, move psychic +2\n>p2 switch 6, move protect\n>p1 move heavyslam +1, move psychic +2\n>p2 move followme, move shadowball +2\n>p2 switch 3, pass\n>p1 move iciclecrash +2, move psychic +1\n>p2 move fakeout +1, move sludgebomb +2\n>p1 pass, switch 6\n>p1 move iciclecrash +2, move uturn +1\n>p2 switch 4, move protect\n>p1 pass, switch 5\n>p1 move protect, move tailwind\n>p2 move scald +1, switch 4\n>p1 move closecombat +1, move dracometeor +1\n>p2 move scald +1, move fakeout +1\n>p1 move closecombat +1, switch 5\n>p2 move scald +1, move icywind\n>p2 switch 6, pass\n>p1 move iciclecrash +1, move uturn +2\n>p2 move stoneedge +1, switch 5\n>p1 pass, switch 5\n>p2 switch 4, pass\n>p1 move iciclecrash +2, move heatwave terastallize\n>p2 move shadowball +1, move tailwind\n>p1 switch 5, pass\n>p2 switch 5, pass\n>forcelose p2", "uploadtime": 1771093473, "views": 69, "formatid": "gen9randomdoublesbattle", "rating": 1677, "private": 0, "password": null}