{"id": "gen9randomdoublesbattle-2535912068", "format": "[Gen 9] Random Doubles Battle", "players": ["LazzarinoCominazzo", "Cream2905"], "log": "|j|☆LazzarinoCominazzo\n|j|☆Cream2905\n|t:|1770631298\n|gametype|doubles\n|player|p1|LazzarinoCominazzo|169|1646\n|player|p2|Cream2905|101|1735\n|gen|9\n|tier|[Gen 9] Random Doubles Battle\n|rated|\n|rule|Species Clause: Limit one of each Pokémon\n|rule|HP Percentage Mod: HP is shown in percentages\n|rule|Illusion Level Mod: Illusion disguises the Pokémon's true level\n|rule|Sleep Clause Mod: Limit one foe put to sleep\n|\n|t:|1770631298\n|teamsize|p1|6\n|teamsize|p2|6\n|start\n|switch|p1a: Sudowoodo|Sudowoodo, L94, M|284/284\n|switch|p1b: Ditto|Ditto, L97|250/250\n|switch|p2a: Landorus|Landorus, L75, M|257/257\n|switch|p2b: Lokix|Lokix, L88, F|268/268\n|-transform|p1b: Ditto|p2a: Landorus|[from] ability: Imposter\n|turn|1\n|\n|t:|1770631330\n|switch|p2b: Quaquaval|Quaquaval, L82, M|274/274\n|move|p1a: Sudowoodo|Protect|p1a: Sudowoodo\n|-singleturn|p1a: Sudowoodo|Protect\n|move|p2a: Landorus|Rock Slide|p1b: Ditto|[spread] \n|-activate|p1a: Sudowoodo|move: Protect\n|-miss|p2a: Landorus|p1b: Ditto\n|move|p1b: Ditto|Rock Slide|p2b: Quaquaval|[spread] p2a,p2b\n|-resisted|p2b: Quaquaval\n|-damage|p2a: Landorus|187/257\n|-damage|p2b: Quaquaval|241/274\n|\n|upkeep\n|turn|2\n|\n|t:|1770631352\n|switch|p1b: Mesprit|Mesprit, L86|278/278\n|-terastallize|p1a: Sudowoodo|Grass\n|move|p2a: Landorus|Protect|p2a: Landorus\n|-singleturn|p2a: Landorus|Protect\n|move|p2b: Quaquaval|Aqua Step|p1a: Sudowoodo\n|-resisted|p1a: Sudowoodo\n|-damage|p1a: Sudowoodo|237/284\n|-boost|p2b: Quaquaval|spe|1\n|-damage|p2b: Quaquaval|214/274|[from] item: Life Orb\n|move|p1a: Sudowoodo|Wood Hammer|p2b: Quaquaval\n|-supereffective|p2b: Quaquaval\n|-damage|p2b: Quaquaval|0 fnt\n|faint|p2b: Quaquaval\n|-damage|p1a: Sudowoodo|209/284|[from] item: Life Orb\n|\n|upkeep\n|\n|t:|1770631357\n|switch|p2b: Rotom|Rotom-Heat, L84|221/221\n|turn|3\n|\n|t:|1770631379\n|switch|p2a: Lokix|Lokix, L88, F|268/268\n|move|p1a: Sudowoodo|Protect|p1a: Sudowoodo\n|-singleturn|p1a: Sudowoodo|Protect\n|move|p1b: Mesprit|Ice Beam|p2a: Lokix\n|-damage|p2a: Lokix|174/268\n|move|p2b: Rotom|Volt Switch|p1b: Mesprit\n|-damage|p1b: Mesprit|208/278\n|\n|t:|1770631392\n|switch|p2b: Pikachu|Pikachu-Alola, L94, M|218/218|[from] Volt Switch\n|\n|upkeep\n|turn|4\n|\n|t:|1770631419\n|switch|p1b: Falinks|Falinks, L87|255/255\n|switch|p1a: Iron Bundle|Iron Bundle, L78|215/215\n|-enditem|p1a: Iron Bundle|Booster Energy\n|-activate|p1a: Iron Bundle|ability: Quark Drive|[fromitem]\n|-start|p1a: Iron Bundle|quarkdrivespe\n|-terastallize|p2a: Lokix|Bug\n|move|p2b: Pikachu|Fake Out|p1b: Falinks\n|-damage|p1b: Falinks|217/255\n|move|p2a: Lokix|First Impression|p1a: Iron Bundle\n|-damage|p1a: Iron Bundle|51/215\n|-damage|p2a: Lokix|148/268|[from] item: Life Orb\n|\n|upkeep\n|turn|5\n|\n|t:|1770631438\n|move|p2a: Lokix|Sucker Punch||[still]\n|-fail|p2a: Lokix\n|move|p1a: Iron Bundle|Encore|p2a: Lokix\n|-start|p2a: Lokix|Encore\n|move|p2b: Pikachu|Volt Tackle|p1b: Falinks\n|-damage|p1b: Falinks|33/255\n|-damage|p2b: Pikachu|157/218|[from] Recoil\n|move|p1b: Falinks|No Retreat|p1b: Falinks\n|-boost|p1b: Falinks|atk|1\n|-boost|p1b: Falinks|def|1\n|-boost|p1b: Falinks|spa|1\n|-boost|p1b: Falinks|spd|1\n|-boost|p1b: Falinks|spe|1\n|-start|p1b: Falinks|move: No Retreat\n|\n|upkeep\n|turn|6\n|\n|t:|1770631458\n|switch|p2b: Oranguru|Oranguru, L90, F|308/308\n|move|p2a: Lokix|Sucker Punch||[still]\n|-fail|p2a: Lokix\n|move|p1a: Iron Bundle|Hydro Pump|p2a: Lokix\n|-damage|p2a: Lokix|0 fnt\n|faint|p2a: Lokix\n|move|p1b: Falinks|No Retreat||[still]\n|-fail|p1b: Falinks\n|\n|upkeep\n|\n|t:|1770631467\n|switch|p2a: Pikachu|Pikachu-Alola, L94, M|157/218\n|turn|7\n|\n|t:|1770631482\n|move|p1a: Iron Bundle|Protect|p1a: Iron Bundle\n|-singleturn|p1a: Iron Bundle|Protect\n|move|p2a: Pikachu|Fake Out|p1b: Falinks\n|-damage|p1b: Falinks|6/255\n|cant|p1b: Falinks|flinch\n|move|p2b: Oranguru|Trick Room|p2b: Oranguru\n|-fieldstart|move: Trick Room|[of] p2b: Oranguru\n|\n|upkeep\n|turn|8\n|\n|t:|1770631497\n|-end|p1a: Iron Bundle|Quark Drive|[silent]\n|switch|p1a: Ditto|Ditto, L97|250/250\n|-transform|p1a: Ditto|p2b: Oranguru|[from] ability: Imposter\n|move|p2b: Oranguru|Hyper Voice|p1b: Falinks|[spread] p1a,p1b\n|-damage|p1a: Ditto|184/250\n|-damage|p1b: Falinks|0 fnt\n|faint|p1b: Falinks\n|move|p2a: Pikachu|Grass Knot|p1a: Ditto\n|-damage|p1a: Ditto|119/250\n|-enditem|p1a: Ditto|Sitrus Berry|[eat]\n|-heal|p1a: Ditto|181/250|[from] item: Sitrus Berry\n|\n|upkeep\n|\n|t:|1770631510\n|switch|p1b: Sudowoodo|Sudowoodo, L94, M, tera:Grass|209/284\n|turn|9\n|\n|t:|1770631520\n|move|p2a: Pikachu|Protect|p2a: Pikachu\n|-singleturn|p2a: Pikachu|Protect\n|move|p1b: Sudowoodo|Head Smash|p2b: Oranguru\n|-damage|p2b: Oranguru|30/308\n|-enditem|p2b: Oranguru|Sitrus Berry|[eat]\n|-heal|p2b: Oranguru|107/308|[from] item: Sitrus Berry\n|-damage|p1b: Sudowoodo|181/284|[from] item: Life Orb\n|move|p1a: Ditto|Hyper Voice|p2b: Oranguru|[spread] p2b\n|-activate|p2a: Pikachu|move: Protect\n|-damage|p2b: Oranguru|38/308\n|move|p2b: Oranguru|Psychic|p1b: Sudowoodo\n|-crit|p1b: Sudowoodo\n|-damage|p1b: Sudowoodo|0 fnt\n|faint|p1b: Sudowoodo\n|\n|upkeep\n|\n|t:|1770631541\n|switch|p1b: Mesprit|Mesprit, L86|208/278\n|turn|10\n|\n|t:|1770631553\n|move|p2b: Oranguru|Hyper Voice|p1b: Mesprit|[spread] p1a,p1b\n|-damage|p1a: Ditto|124/250\n|-damage|p1b: Mesprit|147/278\n|move|p1a: Ditto|Psychic|p2a: Pikachu\n|-damage|p2a: Pikachu|6/218\n|-unboost|p2a: Pikachu|spd|1\n|move|p2a: Pikachu|Volt Tackle|p1a: Ditto\n|-damage|p1a: Ditto|0 fnt\n|faint|p1a: Ditto\n|-damage|p2a: Pikachu|0 fnt|[from] Recoil\n|faint|p2a: Pikachu\n|move|p1b: Mesprit|U-turn|p2b: Oranguru\n|-supereffective|p2b: Oranguru\n|-damage|p2b: Oranguru|0 fnt\n|faint|p2b: Oranguru\n|\n|t:|1770631569\n|switch|p1b: Espathra|Espathra, L83, M|293/293|[from] U-turn\n|\n|upkeep\n|\n|t:|1770631574\n|switch|p2b: Rotom|Rotom-Heat, L84|221/221\n|switch|p1a: Iron Bundle|Iron Bundle, L78|51/215\n|switch|p2a: Landorus|Landorus, L75, M|187/257\n|turn|11\n|\n|t:|1770631581\n|move|p1b: Espathra|Protect|p1b: Espathra\n|-singleturn|p1b: Espathra|Protect\n|move|p1a: Iron Bundle|Protect|p1a: Iron Bundle\n|-singleturn|p1a: Iron Bundle|Protect\n|move|p2b: Rotom|Thunderbolt|p1b: Espathra\n|-activate|p1b: Espathra|move: Protect\n|move|p2a: Landorus|Rock Slide|p1b: Espathra|[spread] \n|-activate|p1a: Iron Bundle|move: Protect\n|-activate|p1b: Espathra|move: Protect\n|\n|-fieldend|move: Trick Room\n|-ability|p1b: Espathra|Speed Boost|boost\n|-boost|p1b: Espathra|spe|1\n|upkeep\n|turn|12\n|\n|t:|1770631622\n|move|p1b: Espathra|Lumina Crash|p2b: Rotom\n|-damage|p2b: Rotom|126/221\n|-unboost|p2b: Rotom|spd|2\n|-damage|p1b: Espathra|264/293|[from] item: Life Orb\n|move|p1a: Iron Bundle|Hydro Pump|p2b: Rotom\n|-supereffective|p2b: Rotom\n|-damage|p2b: Rotom|0 fnt\n|faint|p2b: Rotom\n|move|p2a: Landorus|Rock Slide|p1a: Iron Bundle|[spread] p1a,p1b\n|-supereffective|p1a: Iron Bundle\n|-damage|p1a: Iron Bundle|0 fnt\n|-damage|p1b: Espathra|178/293\n|faint|p1a: Iron Bundle\n|-end|p1a: Iron Bundle|Quark Drive|[silent]\n|\n|-ability|p1b: Espathra|Speed Boost|boost\n|-boost|p1b: Espathra|spe|1\n|upkeep\n|\n|t:|1770631637\n|switch|p1a: Mesprit|Mesprit, L86|147/278\n|turn|13\n|\n|t:|1770631644\n|move|p1b: Espathra|Lumina Crash|p2a: Landorus\n|-damage|p2a: Landorus|51/257\n|-unboost|p2a: Landorus|spd|2\n|-damage|p1b: Espathra|149/293|[from] item: Life Orb\n|move|p1a: Mesprit|Ice Beam|p2a: Landorus\n|-supereffective|p2a: Landorus\n|-damage|p2a: Landorus|0 fnt\n|faint|p2a: Landorus\n|\n|win|LazzarinoCominazzo\n|raw|LazzarinoCominazzo's rating: 1646 &rarr; <strong>1671</strong><br />(+25 for winning)\n|raw|Cream2905's rating: 1735 &rarr; <strong>1710</strong><br />(-25 for losing)\n|l|☆Cream2905\n|player|p2|\n", "inputlog": ">version ccdc32dd7cde25fd9e4bed64820e885f66e78a4e\n>start {\"formatid\":\"gen9randomdoublesbattle\",\"seed\":\"sodium,1a51a60571d09ab6024d688df4f47d24\",\"rated\":\"Rated battle\"}\n>player p1 {\"name\":\"LazzarinoCominazzo\",\"avatar\":\"169\",\"rating\":1646,\"seed\":\"sodium,5a4b9b69cd7f66317418b6b0e40f1fa8\"}\n>player p2 {\"name\":\"Cream2905\",\"avatar\":\"101\",\"rating\":1735,\"seed\":\"sodium,7d29222de1be1455655d31643d699a24\"}\n>p1 move protect, move rockslide\n>p2 move rockslide, switch 4\n>p1 move woodhammer +2 terastallize, switch 6\n>p2 move protect, move aquastep +1\n>p2 pass, switch 5\n>p1 move protect, move icebeam +1\n>p2 switch 4, move voltswitch +2\n>p2 pass, switch 3\n>p1 switch 3, switch 5\n>p2 move firstimpression +1 terastallize, move fakeout +2\n>p1 move encore +1, move noretreat\n>p2 move suckerpunch +1, move volttackle +2\n>p1 move hydropump +1, move noretreat\n>p2 move suckerpunch +2, switch 6\n>p2 switch 6, pass\n>p1 move protect, move rockslide\n>p2 move fakeout +2, move trickroom\n>p1 switch 6, move closecombat +1\n>p2 move grassknot +1, move hypervoice\n>p1 pass, switch 3\n>p1 move hypervoice, move headsmash +2\n>p2 move protect, move psychic +2\n>p1 pass, switch 5\n>p1 move psychic +1, move uturn +2\n>p2 move volttackle +1, move hypervoice\n>p1 pass, switch 4\n>p1 switch 6, pass\n>p2 switch 4, switch 3\n>p1 move protect, move protect\n>p2 move rockslide, move thunderbolt +2\n>p1 move hydropump +2, move luminacrash +2\n>p2 move rockslide, move overheat +2\n>p1 switch 4, pass\n>p1 move icebeam +1, move luminacrash +1\n>p2 move rockslide, pass", "uploadtime": 1770631662, "views": 74, "formatid": "gen9randomdoublesbattle", "rating": 1671, "private": 0, "password": null}