{"id": "gen9randomdoublesbattle-2536482427", "format": "[Gen 9] Random Doubles Battle", "players": ["mr.christie", "zakarii"], "log": "|j|☆mr.christie\n|j|☆zakarii\n|t:|1770693511\n|gametype|doubles\n|player|p1|mr.christie|steven|1672\n|player|p2|zakarii|2|1648\n|gen|9\n|tier|[Gen 9] Random Doubles Battle\n|rated|\n|rule|Species Clause: Limit one of each Pokémon\n|rule|HP Percentage Mod: HP is shown in percentages\n|rule|Illusion Level Mod: Illusion disguises the Pokémon's true level\n|rule|Sleep Clause Mod: Limit one foe put to sleep\n|\n|t:|1770693511\n|teamsize|p1|6\n|teamsize|p2|6\n|start\n|switch|p1a: Oinkologne|Oinkologne, L92, M|352/352\n|switch|p1b: Rotom|Rotom-Heat, L84|221/221\n|switch|p2a: Morpeko|Morpeko, L88, M|245/245\n|switch|p2b: Wigglytuff|Wigglytuff, L91, M|403/403\n|turn|1\n|inactive|Battle timer is ON: inactive players will automatically lose when time's up. (requested by mr.christie)\n|inactive|zakarii has 120 seconds left.\n|\n|t:|1770693554\n|move|p2a: Morpeko|Knock Off|p1a: Oinkologne\n|-damage|p1a: Oinkologne|216/352\n|-enditem|p1a: Oinkologne|Wiki Berry|[from] move: Knock Off|[of] p2a: Morpeko\n|-damage|p2a: Morpeko|221/245|[from] item: Life Orb\n|move|p1b: Rotom|Thunderbolt|p2b: Wigglytuff\n|-damage|p2b: Wigglytuff|259/403\n|move|p1a: Oinkologne|Yawn|p2a: Morpeko\n|-start|p2a: Morpeko|move: Yawn|[of] p1a: Oinkologne\n|move|p2b: Wigglytuff|Thunder Wave|p1a: Oinkologne|[miss]\n|-miss|p2b: Wigglytuff|p1a: Oinkologne\n|\n|-formechange|p2a: Morpeko|Morpeko-Hangry||[from] ability: Hunger Switch\n|upkeep\n|turn|2\n|inactive|zakarii has 120 seconds left.\n|\n|t:|1770693594\n|move|p2a: Morpeko|Parting Shot|p1b: Rotom\n|-unboost|p1b: Rotom|atk|1\n|-unboost|p1b: Rotom|spa|1\n|\n|t:|1770693601\n|switch|p2a: Hypno|Hypno, L95, M|315/315|[from] Parting Shot\n|move|p1b: Rotom|Thunderbolt|p2b: Wigglytuff\n|-damage|p2b: Wigglytuff|168/403\n|-enditem|p2b: Wigglytuff|Sitrus Berry|[eat]\n|-heal|p2b: Wigglytuff|268/403|[from] item: Sitrus Berry\n|move|p1a: Oinkologne|Double-Edge|p2b: Wigglytuff\n|-damage|p2b: Wigglytuff|52/403\n|-damage|p1a: Oinkologne|145/352|[from] Recoil\n|move|p2b: Wigglytuff|Heal Pulse|p2a: Hypno\n|-fail|p2a: Hypno|heal\n|\n|upkeep\n|turn|3\n|\n|t:|1770693620\n|move|p1b: Rotom|Thunderbolt|p2b: Wigglytuff\n|-damage|p2b: Wigglytuff|0 fnt\n|faint|p2b: Wigglytuff\n|move|p2a: Hypno|Low Sweep|p1a: Oinkologne\n|-supereffective|p1a: Oinkologne\n|-damage|p1a: Oinkologne|41/352\n|-unboost|p1a: Oinkologne|spe|1\n|move|p1a: Oinkologne|Lash Out|p2a: Hypno\n|-supereffective|p2a: Hypno\n|-damage|p2a: Hypno|61/315\n|-enditem|p2a: Hypno|Sitrus Berry|[eat]\n|-heal|p2a: Hypno|139/315|[from] item: Sitrus Berry\n|\n|upkeep\n|\n|t:|1770693626\n|switch|p2b: Morpeko|Morpeko, L88, M|221/245\n|turn|4\n|inactive|mr.christie has 120 seconds left.\n|\n|t:|1770693658\n|move|p2b: Morpeko|Knock Off|p1b: Rotom\n|-damage|p1b: Rotom|95/221\n|-enditem|p1b: Rotom|Sitrus Berry|[from] move: Knock Off|[of] p2b: Morpeko\n|-damage|p2b: Morpeko|197/245|[from] item: Life Orb\n|move|p1b: Rotom|Will-O-Wisp|p2b: Morpeko\n|-status|p2b: Morpeko|brn\n|move|p2a: Hypno|Low Sweep|p1a: Oinkologne\n|-supereffective|p1a: Oinkologne\n|-crit|p1a: Oinkologne\n|-damage|p1a: Oinkologne|0 fnt\n|faint|p1a: Oinkologne\n|\n|-damage|p2b: Morpeko|182/245 brn|[from] brn\n|-formechange|p2b: Morpeko|Morpeko-Hangry||[from] ability: Hunger Switch\n|upkeep\n|inactive|mr.christie has 120 seconds left.\n|\n|t:|1770693678\n|switch|p1a: Granbull|Granbull, L88, M|302/302\n|-ability|p1a: Granbull|Intimidate|boost\n|-fail|p2a: Hypno|unboost|Attack|[from] ability: Inner Focus|[of] p2a: Hypno\n|-unboost|p2b: Morpeko|atk|1\n|turn|5\n|inactive|mr.christie has 120 seconds left.\n|inactive|zakarii has 120 seconds left.\n|\n|t:|1770693719\n|switch|p1b: Tentacruel|Tentacruel, L85, F|275/275\n|move|p2b: Morpeko|Parting Shot|p1a: Granbull\n|-unboost|p1a: Granbull|atk|1\n|-unboost|p1a: Granbull|spa|1\n|\n|t:|1770693729\n|switch|p2b: Bronzong|Bronzong, L87|258/258|[from] Parting Shot\n|move|p2a: Hypno|Psychic|p1b: Tentacruel\n|-supereffective|p1b: Tentacruel\n|-damage|p1b: Tentacruel|165/275\n|move|p1a: Granbull|Play Rough|p2a: Hypno\n|-damage|p2a: Hypno|48/315\n|\n|upkeep\n|turn|6\n|inactive|zakarii has 120 seconds left.\n|\n|t:|1770693753\n|move|p1b: Tentacruel|Muddy Water|p2b: Bronzong|[spread] p2a,p2b\n|-damage|p2a: Hypno|2/315\n|-damage|p2b: Bronzong|206/258\n|-unboost|p2a: Hypno|accuracy|1\n|-unboost|p2b: Bronzong|accuracy|1\n|move|p2a: Hypno|Psychic|p1b: Tentacruel|[miss]\n|-miss|p2a: Hypno|p1b: Tentacruel\n|move|p1a: Granbull|Super Fang|p2b: Bronzong\n|-damage|p2b: Bronzong|103/258\n|move|p2b: Bronzong|Psychic Noise|p1b: Tentacruel\n|-supereffective|p1b: Tentacruel\n|-damage|p1b: Tentacruel|97/275\n|-start|p1b: Tentacruel|move: Heal Block\n|\n|-heal|p2b: Bronzong|119/258|[from] item: Leftovers\n|upkeep\n|turn|7\n|inactive|zakarii has 120 seconds left.\n|inactive|mr.christie has 120 seconds left.\n|\n|t:|1770693793\n|switch|p2b: Morpeko|Morpeko, L88, M|182/245 brn\n|move|p1b: Tentacruel|Muddy Water|p2b: Morpeko|[spread] p2a,p2b\n|-damage|p2a: Hypno|0 fnt\n|-damage|p2b: Morpeko|100/245 brn\n|faint|p2a: Hypno\n|move|p1a: Granbull|Super Fang|p2b: Morpeko\n|-damage|p2b: Morpeko|50/245 brn\n|\n|-damage|p2b: Morpeko|35/245 brn|[from] brn\n|-end|p1b: Tentacruel|move: Heal Block\n|-formechange|p2b: Morpeko|Morpeko-Hangry||[from] ability: Hunger Switch\n|upkeep\n|\n|t:|1770693806\n|switch|p2a: Bronzong|Bronzong, L87|119/258\n|turn|8\n|inactive|zakarii has 120 seconds left.\n|\n|t:|1770693822\n|move|p2b: Morpeko|Knock Off|p1b: Tentacruel\n|-damage|p1b: Tentacruel|10/275\n|-enditem|p1b: Tentacruel|Assault Vest|[from] move: Knock Off|[of] p2b: Morpeko\n|-damage|p2b: Morpeko|11/245 brn|[from] item: Life Orb\n|move|p1b: Tentacruel|Muddy Water|p2b: Morpeko|[spread] p2b\n|-miss|p1b: Tentacruel|p2a: Bronzong\n|-damage|p2b: Morpeko|0 fnt\n|faint|p2b: Morpeko\n|move|p1a: Granbull|Super Fang|p2a: Bronzong\n|-damage|p2a: Bronzong|60/258\n|move|p2a: Bronzong|Psychic Noise|p1b: Tentacruel\n|-supereffective|p1b: Tentacruel\n|-damage|p1b: Tentacruel|0 fnt\n|faint|p1b: Tentacruel\n|\n|-heal|p2a: Bronzong|76/258|[from] item: Leftovers\n|upkeep\n|\n|t:|1770693848\n|switch|p2b: Volcarona|Volcarona, L78, M|261/261\n|switch|p1b: Rotom|Rotom-Heat, L84|95/221\n|turn|9\n|\n|t:|1770693877\n|move|p2b: Volcarona|Quiver Dance|p2b: Volcarona\n|-boost|p2b: Volcarona|spa|1\n|-boost|p2b: Volcarona|spd|1\n|-boost|p2b: Volcarona|spe|1\n|move|p1b: Rotom|Thunderbolt|p2b: Volcarona\n|-damage|p2b: Volcarona|201/261\n|move|p1a: Granbull|Stomping Tantrum|p2b: Volcarona\n|-damage|p2b: Volcarona|140/261\n|move|p2a: Bronzong|Psychic Noise|p1b: Rotom\n|-damage|p1b: Rotom|35/221\n|-start|p1b: Rotom|move: Heal Block\n|\n|-heal|p2a: Bronzong|92/258|[from] item: Leftovers\n|upkeep\n|turn|10\n|\n|t:|1770693906\n|move|p2b: Volcarona|Heat Wave|p1b: Rotom|[spread] p1a,p1b\n|-resisted|p1b: Rotom\n|-damage|p1a: Granbull|197/302\n|-damage|p1b: Rotom|0 fnt\n|faint|p1b: Rotom\n|move|p1a: Granbull|Super Fang|p2b: Volcarona\n|-damage|p2b: Volcarona|70/261\n|move|p2a: Bronzong|Iron Defense|p2a: Bronzong\n|-boost|p2a: Bronzong|def|2\n|\n|-heal|p2a: Bronzong|108/258|[from] item: Leftovers\n|upkeep\n|\n|t:|1770693916\n|switch|p1b: Excadrill|Excadrill, L82, M|315/315\n|-ability|p1b: Excadrill|Mold Breaker\n|turn|11\n|\n|t:|1770693928\n|-terastallize|p1b: Excadrill|Water\n|move|p2b: Volcarona|Protect|p2b: Volcarona\n|-singleturn|p2b: Volcarona|Protect\n|move|p1b: Excadrill|Rock Slide|p2a: Bronzong|[spread] p2a\n|-activate|p2b: Volcarona|move: Protect\n|-resisted|p2a: Bronzong\n|-damage|p2a: Bronzong|99/258\n|move|p1a: Granbull|Stomping Tantrum|p2b: Volcarona\n|-activate|p2b: Volcarona|move: Protect\n|cant|p2a: Bronzong|flinch\n|\n|-heal|p2a: Bronzong|115/258|[from] item: Leftovers\n|upkeep\n|turn|12\n|inactive|zakarii has 120 seconds left.\n|\n|t:|1770693979\n|move|p2b: Volcarona|Bug Buzz|p1b: Excadrill\n|-damage|p1b: Excadrill|165/315\n|move|p1b: Excadrill|Rock Slide|p2a: Bronzong|[spread] p2a,p2b\n|-resisted|p2a: Bronzong\n|-supereffective|p2b: Volcarona\n|-damage|p2a: Bronzong|104/258\n|-damage|p2b: Volcarona|0 fnt\n|faint|p2b: Volcarona\n|move|p1a: Granbull|Stomping Tantrum|p2a: Bronzong\n|-immune|p2a: Bronzong|[from] ability: Levitate\n|move|p2a: Bronzong|Body Press|p1b: Excadrill\n|-damage|p1b: Excadrill|0 fnt\n|faint|p1b: Excadrill\n|\n|-heal|p2a: Bronzong|120/258|[from] item: Leftovers\n|upkeep\n|\n|t:|1770693993\n|switch|p2b: Rillaboom|Rillaboom, L81, M|295/295\n|switch|p1b: Ribombee|Ribombee, L86, F|243/243\n|-fieldstart|move: Grassy Terrain|[from] ability: Grassy Surge|[of] p2b: Rillaboom\n|turn|13\n|\n|t:|1770694017\n|move|p2b: Rillaboom|Fake Out|p1b: Ribombee\n|-damage|p1b: Ribombee|204/243\n|move|p1b: Ribombee|Quiver Dance|p1b: Ribombee\n|-boost|p1b: Ribombee|spa|1\n|-boost|p1b: Ribombee|spd|1\n|-boost|p1b: Ribombee|spe|1\n|move|p1a: Granbull|Close Combat|p2a: Bronzong\n|-damage|p2a: Bronzong|93/258\n|-unboost|p1a: Granbull|def|1\n|-unboost|p1a: Granbull|spd|1\n|move|p2a: Bronzong|Iron Defense|p2a: Bronzong\n|-boost|p2a: Bronzong|def|2\n|\n|-heal|p1b: Ribombee|219/243|[from] Grassy Terrain\n|-heal|p1a: Granbull|215/302|[from] Grassy Terrain\n|-heal|p2a: Bronzong|109/258|[from] item: Leftovers\n|upkeep\n|turn|14\n|inactive|zakarii has 120 seconds left.\n|\n|t:|1770694038\n|move|p1b: Ribombee|Quiver Dance|p1b: Ribombee\n|-boost|p1b: Ribombee|spa|1\n|-boost|p1b: Ribombee|spd|1\n|-boost|p1b: Ribombee|spe|1\n|move|p2b: Rillaboom|Wood Hammer|p1b: Ribombee\n|-resisted|p1b: Ribombee\n|-damage|p1b: Ribombee|95/243\n|-damage|p2b: Rillaboom|254/295|[from] Recoil\n|move|p1a: Granbull|Super Fang|p2b: Rillaboom\n|-damage|p2b: Rillaboom|127/295\n|move|p2a: Bronzong|Body Press|p1a: Granbull\n|-resisted|p1a: Granbull\n|-damage|p1a: Granbull|55/302\n|\n|-heal|p1b: Ribombee|110/243|[from] Grassy Terrain\n|-heal|p2b: Rillaboom|145/295|[from] Grassy Terrain\n|-heal|p1a: Granbull|73/302|[from] Grassy Terrain\n|-heal|p2a: Bronzong|125/258|[from] item: Leftovers\n|upkeep\n|turn|15\n|inactive|zakarii has 120 seconds left.\n|inactive|mr.christie has 120 seconds left.\n|\n|t:|1770694070\n|move|p2b: Rillaboom|Grassy Glide|p1a: Granbull\n|-damage|p1a: Granbull|0 fnt\n|faint|p1a: Granbull\n|move|p1b: Ribombee|Moonblast|p2b: Rillaboom\n|-damage|p2b: Rillaboom|0 fnt\n|faint|p2b: Rillaboom\n|-damage|p1b: Ribombee|86/243|[from] item: Life Orb\n|move|p2a: Bronzong|Body Press|p1b: Ribombee\n|-resisted|p1b: Ribombee\n|-damage|p1b: Ribombee|24/243\n|\n|-heal|p1b: Ribombee|39/243|[from] Grassy Terrain\n|-heal|p2a: Bronzong|141/258|[from] item: Leftovers\n|upkeep\n|turn|16\n|\n|t:|1770694091\n|move|p1b: Ribombee|Moonblast|p2a: Bronzong\n|-resisted|p2a: Bronzong\n|-damage|p2a: Bronzong|38/258\n|-damage|p1b: Ribombee|15/243|[from] item: Life Orb\n|move|p2a: Bronzong|Body Press|p1b: Ribombee\n|-resisted|p1b: Ribombee\n|-damage|p1b: Ribombee|0 fnt\n|faint|p1b: Ribombee\n|\n|win|zakarii\n|raw|mr.christie's rating: 1672 &rarr; <strong>1651</strong><br />(-21 for losing)\n|raw|zakarii's rating: 1648 &rarr; <strong>1669</strong><br />(+21 for winning)\n", "inputlog": ">version ccdc32dd7cde25fd9e4bed64820e885f66e78a4e\n>start {\"formatid\":\"gen9randomdoublesbattle\",\"seed\":\"sodium,18e691fc74a39f401f66c01e1836b5ee\",\"rated\":\"Rated battle\"}\n>player p1 {\"name\":\"mr.christie\",\"avatar\":\"steven\",\"rating\":1672,\"seed\":\"sodium,8263c4dd6d9bcfc360201327d3880aa2\"}\n>player p2 {\"name\":\"zakarii\",\"avatar\":\"2\",\"rating\":1648,\"seed\":\"sodium,98a81a1a6afd1660dbabc26a003981e0\"}\n>p1 move yawn +1, move thunderbolt +2\n>p2 move knockoff +1, move thunderwave +1\n>p1 move doubleedge +2, move thunderbolt +2\n>p2 move partingshot +2, move healpulse -1\n>p2 switch 3, pass\n>p1 move lashout +1, move thunderbolt +2\n>p2 move lowsweep +1, move dazzlinggleam\n>p2 pass, switch 3\n>p1 move lashout +1, move willowisp +2\n>p2 move lowsweep +1, move knockoff +2\n>p1 switch 3, pass\n>p1 move playrough +1, switch 6\n>p2 move psychic +2, move partingshot +1\n>p2 pass, switch 5\n>p1 move superfang +2, move muddywater\n>p2 move psychic +2, move psychicnoise +2\n>p1 move superfang +2, move muddywater\n>p2 move psychic +2, switch 5\n>p2 switch 5, pass\n>p1 move superfang +1, move muddywater\n>p2 move psychicnoise +2, move knockoff +2\n>p1 pass, switch 6\n>p2 pass, switch 6\n>p1 move stompingtantrum +2, move thunderbolt +2\n>p2 move psychicnoise +2, move quiverdance\n>p1 move superfang +2, move overheat +1\n>p2 move irondefense, move heatwave\n>p1 pass, switch 4\n>p1 move stompingtantrum +2, move rockslide terastallize\n>p2 move bodypress +2, move protect\n>p1 move stompingtantrum +2, move rockslide\n>p2 move bodypress +2, move bugbuzz +2\n>p1 pass, switch 5\n>p2 pass, switch 4\n>p1 move closecombat +1, move quiverdance\n>p2 move irondefense, move fakeout +2\n>p1 move superfang +2, move quiverdance\n>p2 move bodypress +1, move woodhammer +2\n>p1 move playrough +2, move moonblast +2\n>p2 move bodypress +2, move grassyglide +1\n>p1 pass, move moonblast +1\n>p2 move bodypress +2, pass", "uploadtime": 1770694120, "views": 74, "formatid": "gen9randomdoublesbattle", "rating": 1651, "private": 0, "password": null}