{"id": "gen9randomdoublesbattle-2537968979", "format": "[Gen 9] Random Doubles Battle", "players": ["monetors", "themismatcher"], "log": "|j|☆monetors\n|j|☆themismatcher\n|t:|1770870371\n|gametype|doubles\n|player|p1|monetors|266|1557\n|player|p2|themismatcher|benga|1670\n|gen|9\n|tier|[Gen 9] Random Doubles Battle\n|rated|\n|rule|Species Clause: Limit one of each Pokémon\n|rule|HP Percentage Mod: HP is shown in percentages\n|rule|Illusion Level Mod: Illusion disguises the Pokémon's true level\n|rule|Sleep Clause Mod: Limit one foe put to sleep\n|\n|t:|1770870371\n|teamsize|p1|6\n|teamsize|p2|6\n|start\n|switch|p1a: Glimmora|Glimmora, L77, F|254/254\n|switch|p1b: Dondozo|Dondozo, L85, F|394/394\n|switch|p2a: Granbull|Granbull, L88, F|302/302\n|switch|p2b: Phione|Phione, L90|290/290\n|-ability|p2a: Granbull|Intimidate|boost\n|-unboost|p1a: Glimmora|atk|1\n|-unboost|p1b: Dondozo|atk|1\n|turn|1\n|\n|t:|1770870406\n|switch|p1b: Virizion|Virizion, L86|297/297\n|move|p2b: Phione|Take Heart|p2b: Phione\n|-boost|p2b: Phione|spa|1\n|-boost|p2b: Phione|spd|1\n|move|p1a: Glimmora|Sludge Bomb|p2a: Granbull\n|-supereffective|p2a: Granbull\n|-damage|p2a: Granbull|116/302\n|move|p2a: Granbull|Super Fang|p1b: Virizion\n|-damage|p1b: Virizion|149/297\n|\n|upkeep\n|turn|2\n|inactive|Battle timer is ON: inactive players will automatically lose when time's up. (requested by monetors)\n|\n|t:|1770870426\n|-terastallize|p2b: Phione|Dragon\n|move|p1b: Virizion|Leaf Storm|p2b: Phione\n|-resisted|p2b: Phione\n|-damage|p2b: Phione|247/290\n|-unboost|p1b: Virizion|spa|2\n|move|p2b: Phione|Scald|p1a: Glimmora\n|-supereffective|p1a: Glimmora\n|-enditem|p1a: Glimmora|Focus Sash\n|-damage|p1a: Glimmora|1/254\n|move|p1a: Glimmora|Sludge Bomb|p2a: Granbull\n|-supereffective|p2a: Granbull\n|-damage|p2a: Granbull|0 fnt\n|faint|p2a: Granbull\n|\n|-heal|p2b: Phione|265/290|[from] item: Leftovers\n|upkeep\n|\n|t:|1770870447\n|switch|p2a: Clefairy|Clefairy, L98, F|296/296\n|turn|3\n|\n|t:|1770870470\n|move|p1b: Virizion|Close Combat|p2b: Phione\n|-damage|p2b: Phione|171/290\n|-unboost|p1b: Virizion|def|1\n|-unboost|p1b: Virizion|spd|1\n|move|p2b: Phione|Ice Beam|p1a: Glimmora\n|-damage|p1a: Glimmora|0 fnt\n|faint|p1a: Glimmora\n|move|p2a: Clefairy|Life Dew||[still]|[spread] p2a,p2b\n|-fail|p2a: Clefairy|heal\n|-heal|p2b: Phione|244/290\n|\n|-heal|p2b: Phione|262/290|[from] item: Leftovers\n|upkeep\n|inactive|monetors has 120 seconds left.\n|\n|t:|1770870487\n|switch|p1a: Dondozo|Dondozo, L85, F|394/394\n|turn|4\n|inactive|themismatcher has 120 seconds left.\n|\n|t:|1770870524\n|switch|p1b: Vikavolt|Vikavolt, L84, F|267/267\n|move|p2b: Phione|Ice Beam|p1b: Vikavolt\n|-damage|p1b: Vikavolt|167/267\n|move|p2a: Clefairy|Life Dew||[still]|[spread] p2a,p2b\n|-fail|p2a: Clefairy|heal\n|-heal|p2b: Phione|290/290\n|move|p1a: Dondozo|Heavy Slam|p2a: Clefairy\n|-supereffective|p2a: Clefairy\n|-damage|p2a: Clefairy|130/296\n|\n|upkeep\n|turn|5\n|inactive|themismatcher has 120 seconds left.\n|\n|t:|1770870555\n|switch|p2a: Glaceon|Glaceon, L86, M|252/252\n|move|p2b: Phione|Take Heart|p2b: Phione\n|-boost|p2b: Phione|spa|1\n|-boost|p2b: Phione|spd|1\n|move|p1b: Vikavolt|Sticky Web|p2b: Phione\n|-sidestart|p2: themismatcher|move: Sticky Web\n|move|p1a: Dondozo|Heavy Slam|p2a: Glaceon\n|-supereffective|p2a: Glaceon\n|-damage|p2a: Glaceon|96/252\n|\n|upkeep\n|turn|6\n|\n|t:|1770870577\n|move|p2b: Phione|Scald|p1b: Vikavolt\n|-damage|p1b: Vikavolt|0 fnt\n|faint|p1b: Vikavolt\n|move|p2a: Glaceon|Freeze-Dry|p1a: Dondozo\n|-supereffective|p1a: Dondozo\n|-damage|p1a: Dondozo|230/394\n|-status|p1a: Dondozo|frz\n|cant|p1a: Dondozo|frz\n|\n|upkeep\n|\n|t:|1770870587\n|switch|p1b: Virizion|Virizion, L86|149/297\n|turn|7\n|\n|t:|1770870601\n|switch|p2a: Clefairy|Clefairy, L98, F|130/296\n|-activate|p2a: Clefairy|move: Sticky Web\n|-unboost|p2a: Clefairy|spe|1\n|-terastallize|p1b: Virizion|Steel\n|move|p1b: Virizion|Close Combat|p2b: Phione\n|-damage|p2b: Phione|202/290\n|-unboost|p1b: Virizion|def|1\n|-unboost|p1b: Virizion|spd|1\n|move|p2b: Phione|Ice Beam|p1b: Virizion\n|-resisted|p1b: Virizion\n|-damage|p1b: Virizion|85/297\n|-enditem|p1b: Virizion|Sitrus Berry|[eat]\n|-heal|p1b: Virizion|159/297|[from] item: Sitrus Berry\n|cant|p1a: Dondozo|frz\n|\n|-heal|p2b: Phione|220/290|[from] item: Leftovers\n|upkeep\n|turn|8\n|\n|t:|1770870615\n|move|p1b: Virizion|Protect|p1b: Virizion\n|-singleturn|p1b: Virizion|Protect\n|move|p2b: Phione|Scald|p1b: Virizion\n|-activate|p1b: Virizion|move: Protect\n|move|p2a: Clefairy|Life Dew|p2a: Clefairy|[spread] p2a,p2b\n|-heal|p2a: Clefairy|204/296\n|-heal|p2b: Phione|290/290\n|cant|p1a: Dondozo|frz\n|\n|upkeep\n|turn|9\n|\n|t:|1770870627\n|move|p1b: Virizion|Close Combat|p2b: Phione\n|-damage|p2b: Phione|188/290\n|-unboost|p1b: Virizion|def|1\n|-unboost|p1b: Virizion|spd|1\n|move|p2b: Phione|Scald|p1b: Virizion\n|-damage|p1b: Virizion|0 fnt\n|faint|p1b: Virizion\n|move|p2a: Clefairy|Life Dew|p2a: Clefairy|[spread] p2a,p2b\n|-heal|p2a: Clefairy|278/296\n|-heal|p2b: Phione|261/290\n|cant|p1a: Dondozo|frz\n|\n|-heal|p2b: Phione|279/290|[from] item: Leftovers\n|upkeep\n|\n|t:|1770870636\n|switch|p1b: Raichu|Raichu-Alola, L89, F|252/252\n|turn|10\n|\n|t:|1770870659\n|move|p2a: Clefairy|Helping Hand|p2b: Phione\n|-singleturn|p2b: Phione|Helping Hand|[of] p2a: Clefairy\n|move|p1b: Raichu|Nasty Plot|p1b: Raichu\n|-boost|p1b: Raichu|spa|2\n|move|p2b: Phione|Scald|p1b: Raichu\n|-damage|p1b: Raichu|21/252\n|-curestatus|p1a: Dondozo|frz|[msg]\n|move|p1a: Dondozo|Avalanche|p2b: Phione\n|-supereffective|p2b: Phione\n|-damage|p2b: Phione|206/290\n|\n|-heal|p2b: Phione|224/290|[from] item: Leftovers\n|upkeep\n|turn|11\n|\n|t:|1770870678\n|move|p1b: Raichu|Protect|p1b: Raichu\n|-singleturn|p1b: Raichu|Protect\n|move|p2b: Phione|Scald|p1b: Raichu\n|-activate|p1b: Raichu|move: Protect\n|move|p1a: Dondozo|Body Press|p2b: Phione\n|-crit|p2b: Phione\n|-damage|p2b: Phione|141/290\n|move|p2a: Clefairy|Life Dew|p2a: Clefairy|[spread] p2a,p2b\n|-heal|p2a: Clefairy|296/296\n|-heal|p2b: Phione|214/290\n|\n|-heal|p2b: Phione|232/290|[from] item: Leftovers\n|upkeep\n|turn|12\n|\n|t:|1770870693\n|move|p1b: Raichu|Thunderbolt|p2a: Clefairy\n|-damage|p2a: Clefairy|115/296\n|-damage|p1b: Raichu|0 fnt|[from] item: Life Orb\n|faint|p1b: Raichu\n|move|p2b: Phione|Scald|p1a: Dondozo\n|-resisted|p1a: Dondozo\n|-damage|p1a: Dondozo|198/394\n|-status|p1a: Dondozo|brn\n|move|p1a: Dondozo|Wave Crash|p2a: Clefairy\n|-damage|p2a: Clefairy|56/296\n|-damage|p1a: Dondozo|179/394 brn|[from] Recoil\n|move|p2a: Clefairy|Life Dew|p2a: Clefairy|[spread] p2a,p2b\n|-heal|p2a: Clefairy|130/296\n|-heal|p2b: Phione|290/290\n|\n|-damage|p1a: Dondozo|155/394 brn|[from] brn\n|upkeep\n|\n|t:|1770870703\n|switch|p1b: Slowking|Slowking, L88, M|310/310\n|turn|13\n|-message|monetors forfeited.\n|\n|win|themismatcher\n|raw|monetors's rating: 1557 &rarr; <strong>1543</strong><br />(-14 for losing)\n|raw|themismatcher's rating: 1670 &rarr; <strong>1684</strong><br />(+14 for winning)\n|c|☆themismatcher|pokemon\n", "inputlog": ">version ccdc32dd7cde25fd9e4bed64820e885f66e78a4e\n>start {\"formatid\":\"gen9randomdoublesbattle\",\"seed\":\"sodium,47802311a3b42b164192406f5d1ea9fd\",\"rated\":\"Rated battle\"}\n>player p1 {\"name\":\"monetors\",\"avatar\":\"266\",\"rating\":1557,\"seed\":\"sodium,754687cde16c3a341f9c5e7e0e3683c9\"}\n>player p2 {\"name\":\"themismatcher\",\"avatar\":\"benga\",\"rating\":1670,\"seed\":\"sodium,7f37fe30f4728386a02d8117f9a53027\"}\n>p1 move sludgebomb +1, switch 3\n>p2 move superfang +2, move takeheart\n>p1 move sludgebomb +1, move leafstorm +2\n>p2 move playrough +2, move scald +1 terastallize\n>p2 switch 4, pass\n>p1 move mortalspin, move closecombat +2\n>p2 move lifedew, move icebeam +1\n>p1 switch 3, pass\n>p1 move heavyslam +1, switch 6\n>p2 move lifedew, move icebeam +2\n>p1 move heavyslam +1, move stickyweb\n>p2 switch 5, move takeheart\n>p1 move avalanche +2, move thunderbolt +1\n>p2 move freezedry +1, move scald +2\n>p1 pass, switch 6\n>p1 move avalanche +2, move closecombat +2 terastallize\n>p2 switch 5, move icebeam +2\n>p1 move avalanche +2, move protect\n>p2 move lifedew, move scald +2\n>p1 move avalanche +2, move closecombat +2\n>p2 move lifedew, move scald +2\n>p1 pass, switch 5\n>p1 move avalanche +2, move nastyplot\n>p2 move helpinghand -2, move scald +2\n>p1 move bodypress +2, move protect\n>p2 move lifedew, move scald +2\n>p1 move wavecrash +1, move thunderbolt +1\n>p2 move lifedew, move scald +2\n>p1 pass, switch 4\n>forcelose p1", "uploadtime": 1770870724, "views": 77, "formatid": "gen9randomdoublesbattle", "rating": 1543, "private": 0, "password": null}