{"id": "gen9randomdoublesbattle-2534975878", "format": "[Gen 9] Random Doubles Battle", "players": ["guilhoes", "Showdownkween"], "log": "|j|☆guilhoes\n|j|☆Showdownkween\n|t:|1770498903\n|gametype|doubles\n|player|p1|guilhoes|marshal|2031\n|player|p2|Showdownkween|beauty|1945\n|gen|9\n|tier|[Gen 9] Random Doubles Battle\n|rated|\n|rule|Species Clause: Limit one of each Pokémon\n|rule|HP Percentage Mod: HP is shown in percentages\n|rule|Illusion Level Mod: Illusion disguises the Pokémon's true level\n|rule|Sleep Clause Mod: Limit one foe put to sleep\n|\n|t:|1770498903\n|teamsize|p1|6\n|teamsize|p2|6\n|start\n|switch|p1a: Grafaiai|Grafaiai, L88, F|254/254\n|switch|p1b: Walking Wake|Walking Wake, L78|283/283\n|switch|p2a: Ogerpon|Ogerpon-Cornerstone, L75, F|244/244\n|switch|p2b: Bombirdier|Bombirdier, L84, M|255/255\n|turn|1\n|inactive|Battle timer is ON: inactive players will automatically lose when time's up. (requested by guilhoes)\n|inactive|Showdownkween has 120 seconds left.\n|\n|t:|1770498941\n|switch|p2b: Lanturn|Lanturn, L87, F|359/359\n|move|p2a: Ogerpon|Spiky Shield|p2a: Ogerpon\n|-singleturn|p2a: Ogerpon|move: Protect\n|move|p1a: Grafaiai|Gunk Shot|p2a: Ogerpon\n|-activate|p2a: Ogerpon|move: Protect\n|move|p1b: Walking Wake|Draco Meteor|p2b: Lanturn\n|-damage|p2b: Lanturn|143/359\n|-unboost|p1b: Walking Wake|spa|2\n|-enditem|p2b: Lanturn|Sitrus Berry|[eat]\n|-heal|p2b: Lanturn|232/359|[from] item: Sitrus Berry\n|-damage|p1b: Walking Wake|255/283|[from] item: Life Orb\n|\n|upkeep\n|turn|2\n|inactive|guilhoes has 120 seconds left.\n|\n|t:|1770498979\n|move|p1a: Grafaiai|Gunk Shot|p2a: Ogerpon\n|-damage|p2a: Ogerpon|78/244\n|-status|p2a: Ogerpon|psn\n|move|p1b: Walking Wake|Draco Meteor|p2a: Ogerpon\n|-damage|p2a: Ogerpon|0 fnt\n|-unboost|p1b: Walking Wake|spa|2\n|faint|p2a: Ogerpon\n|-damage|p1b: Walking Wake|227/283|[from] item: Life Orb\n|move|p2b: Lanturn|Electroweb|p1b: Walking Wake|[spread] p1a,p1b\n|-crit|p1b: Walking Wake\n|-damage|p1a: Grafaiai|215/254\n|-damage|p1b: Walking Wake|160/283\n|-unboost|p1a: Grafaiai|spe|1\n|-unboost|p1b: Walking Wake|spe|1\n|\n|upkeep\n|inactive|Showdownkween has 120 seconds left.\n|\n|t:|1770499007\n|switch|p2a: Bombirdier|Bombirdier, L84, M|255/255\n|turn|3\n|inactive|guilhoes has 120 seconds left.\n|\n|t:|1770499054\n|-end|p1b: Walking Wake|Protosynthesis|[silent]\n|switch|p1b: Perrserker|Perrserker, L88, F|266/266\n|-terastallize|p2a: Bombirdier|Rock\n|move|p1a: Grafaiai|Parting Shot|p2b: Lanturn\n|-unboost|p2b: Lanturn|atk|1\n|-unboost|p2b: Lanturn|spa|1\n|\n|t:|1770499059\n|switch|p1a: Pincurchin|Pincurchin, L97, F|250/250|[from] Parting Shot\n|-fieldstart|move: Electric Terrain|[from] ability: Electric Surge|[of] p1a: Pincurchin\n|move|p2a: Bombirdier|Rock Slide|p1a: Pincurchin|[spread] p1a,p1b\n|-resisted|p1b: Perrserker\n|-damage|p1a: Pincurchin|153/250\n|-damage|p1b: Perrserker|211/266\n|-damage|p2a: Bombirdier|230/255|[from] item: Life Orb\n|move|p2b: Lanturn|Electroweb|p1b: Perrserker|[spread] p1a,p1b\n|-resisted|p1a: Pincurchin\n|-damage|p1a: Pincurchin|138/250\n|-damage|p1b: Perrserker|172/266\n|-unboost|p1a: Pincurchin|spe|1\n|-unboost|p1b: Perrserker|spe|1\n|\n|upkeep\n|turn|4\n|\n|t:|1770499078\n|move|p2a: Bombirdier|Protect|p2a: Bombirdier\n|-singleturn|p2a: Bombirdier|Protect\n|move|p2b: Lanturn|Thunderbolt|p1b: Perrserker\n|-damage|p1b: Perrserker|88/266\n|move|p1b: Perrserker|Iron Head|p2a: Bombirdier\n|-activate|p2a: Bombirdier|move: Protect\n|move|p1a: Pincurchin|Recover|p1a: Pincurchin\n|-heal|p1a: Pincurchin|250/250\n|\n|upkeep\n|turn|5\n|\n|t:|1770499098\n|switch|p2a: Decidueye|Decidueye, L89, F|284/284\n|move|p2b: Lanturn|Thunderbolt|p1b: Perrserker\n|-damage|p1b: Perrserker|0 fnt\n|faint|p1b: Perrserker\n|move|p1a: Pincurchin|Thunderbolt|p2a: Decidueye\n|-resisted|p2a: Decidueye\n|-damage|p2a: Decidueye|220/284\n|\n|upkeep\n|\n|t:|1770499105\n|switch|p1b: Grafaiai|Grafaiai, L88, F|215/254\n|turn|6\n|\n|t:|1770499113\n|move|p1b: Grafaiai|Knock Off|p2a: Decidueye\n|-supereffective|p2a: Decidueye\n|-damage|p2a: Decidueye|74/284\n|-enditem|p2a: Decidueye|Sitrus Berry|[from] move: Knock Off|[of] p1b: Grafaiai\n|move|p2a: Decidueye|Tailwind|p2a: Decidueye\n|-sidestart|p2: Showdownkween|move: Tailwind\n|move|p2b: Lanturn|Electroweb|p1a: Pincurchin|[spread] p1a,p1b\n|-resisted|p1a: Pincurchin\n|-damage|p1a: Pincurchin|235/250\n|-damage|p1b: Grafaiai|175/254\n|-unboost|p1a: Pincurchin|spe|1\n|-unboost|p1b: Grafaiai|spe|1\n|move|p1a: Pincurchin|Thunderbolt|p2a: Decidueye\n|-resisted|p2a: Decidueye\n|-damage|p2a: Decidueye|2/284\n|\n|upkeep\n|turn|7\n|\n|t:|1770499139\n|move|p1b: Grafaiai|Protect|p1b: Grafaiai\n|-singleturn|p1b: Grafaiai|Protect\n|move|p2a: Decidueye|Leaf Storm|p1a: Pincurchin\n|-damage|p1a: Pincurchin|30/250\n|-unboost|p2a: Decidueye|spa|2\n|-enditem|p1a: Pincurchin|Sitrus Berry|[eat]\n|-heal|p1a: Pincurchin|92/250|[from] item: Sitrus Berry\n|move|p2b: Lanturn|Scald|p1b: Grafaiai\n|-activate|p1b: Grafaiai|move: Protect\n|move|p1a: Pincurchin|Thunderbolt|p2a: Decidueye\n|-resisted|p2a: Decidueye\n|-damage|p2a: Decidueye|0 fnt\n|faint|p2a: Decidueye\n|\n|-fieldend|move: Electric Terrain\n|upkeep\n|\n|t:|1770499146\n|switch|p2a: Bombirdier|Bombirdier, L84, M, tera:Rock|230/255\n|turn|8\n|\n|t:|1770499163\n|move|p1b: Grafaiai|Parting Shot|p2a: Bombirdier\n|-unboost|p2a: Bombirdier|atk|1\n|-unboost|p2a: Bombirdier|spa|1\n|\n|t:|1770499170\n|switch|p1b: Walking Wake|Walking Wake, L78|160/283|[from] Parting Shot\n|move|p2a: Bombirdier|Rock Slide|p1b: Walking Wake|[spread] p1a\n|-miss|p2a: Bombirdier|p1b: Walking Wake\n|-damage|p1a: Pincurchin|21/250\n|-damage|p2a: Bombirdier|205/255|[from] item: Life Orb\n|move|p2b: Lanturn|Scald|p1b: Walking Wake\n|-resisted|p1b: Walking Wake\n|-damage|p1b: Walking Wake|145/283\n|cant|p1a: Pincurchin|flinch\n|\n|upkeep\n|turn|9\n|\n|t:|1770499197\n|switch|p2a: Delibird|Delibird, F|252/252\n|move|p1b: Walking Wake|Protect|p1b: Walking Wake\n|-singleturn|p1b: Walking Wake|Protect\n|move|p2b: Lanturn|Scald|p1a: Pincurchin\n|-damage|p1a: Pincurchin|0 fnt\n|faint|p1a: Pincurchin\n|\n|-sideend|p2: Showdownkween|move: Tailwind\n|upkeep\n|\n|t:|1770499209\n|switch|p1a: Dodrio|Dodrio, L85, F|241/241\n|turn|10\n|\n|t:|1770499218\n|-terastallize|p1b: Walking Wake|Fire\n|move|p2a: Delibird|Fake Out|p1a: Dodrio\n|-damage|p1a: Dodrio|210/241\n|cant|p1a: Dodrio|flinch\n|move|p1b: Walking Wake|Flamethrower|p2a: Delibird\n|-supereffective|p2a: Delibird\n|-damage|p2a: Delibird|0 fnt\n|faint|p2a: Delibird\n|-damage|p1b: Walking Wake|117/283|[from] item: Life Orb\n|move|p2b: Lanturn|Scald|p1a: Dodrio\n|-damage|p1a: Dodrio|146/241\n|\n|upkeep\n|\n|t:|1770499234\n|switch|p2a: Darkrai|Darkrai, L80|243/243\n|turn|11\n|\n|t:|1770499245\n|move|p2a: Darkrai|Dark Pulse|p1a: Dodrio\n|-damage|p1a: Dodrio|0 fnt\n|faint|p1a: Dodrio\n|-damage|p2a: Darkrai|219/243|[from] item: Life Orb\n|move|p1b: Walking Wake|Draco Meteor|p2a: Darkrai\n|-damage|p2a: Darkrai|38/243\n|-unboost|p1b: Walking Wake|spa|2\n|-damage|p1b: Walking Wake|89/283|[from] item: Life Orb\n|move|p2b: Lanturn|Scald|p1b: Walking Wake\n|-supereffective|p1b: Walking Wake\n|-damage|p1b: Walking Wake|0 fnt\n|faint|p1b: Walking Wake\n|-end|p1b: Walking Wake|Protosynthesis|[silent]\n|\n|upkeep\n|\n|t:|1770499249\n|switch|p1a: Grafaiai|Grafaiai, L88, F|175/254\n|switch|p1b: Slither Wing|Slither Wing, L83|277/277\n|turn|12\n|\n|t:|1770499264\n|move|p2a: Darkrai|Protect|p2a: Darkrai\n|-singleturn|p2a: Darkrai|Protect\n|move|p1b: Slither Wing|First Impression|p2b: Lanturn\n|-damage|p2b: Lanturn|33/359\n|-damage|p1b: Slither Wing|250/277|[from] item: Life Orb\n|move|p1a: Grafaiai|Knock Off|p2b: Lanturn\n|-damage|p2b: Lanturn|0 fnt\n|faint|p2b: Lanturn\n|\n|upkeep\n|\n|t:|1770499271\n|switch|p2b: Bombirdier|Bombirdier, L84, M, tera:Rock|205/255\n|turn|13\n|\n|t:|1770499294\n|move|p2a: Darkrai|Dark Pulse|p1a: Grafaiai\n|-damage|p1a: Grafaiai|27/254\n|-enditem|p1a: Grafaiai|Sitrus Berry|[eat]\n|-heal|p1a: Grafaiai|90/254|[from] item: Sitrus Berry\n|-damage|p2a: Darkrai|14/243|[from] item: Life Orb\n|cant|p1a: Grafaiai|flinch\n|move|p2b: Bombirdier|Rock Slide|p1b: Slither Wing|[spread] p1a,p1b\n|-damage|p1a: Grafaiai|0 fnt\n|-damage|p1b: Slither Wing|116/277\n|faint|p1a: Grafaiai\n|-damage|p2b: Bombirdier|180/255|[from] item: Life Orb\n|cant|p1b: Slither Wing|flinch\n|\n|upkeep\n|turn|14\n|c|☆Showdownkween|gg honey\n|c|☆Showdownkween|<3\n|inactive|guilhoes has 120 seconds left.\n|inactive|guilhoes has 90 seconds left.\n|inactive|guilhoes has 60 seconds left.\n|inactive|guilhoes has 30 seconds left.\n|inactive|guilhoes has 20 seconds left.\n|inactive|guilhoes has 15 seconds left.\n|inactive|guilhoes has 10 seconds left.\n|inactive|guilhoes has 5 seconds left.\n|c|☆guilhoes|wtf\n|-message|guilhoes forfeited.\n|\n|win|Showdownkween\n|raw|guilhoes's rating: 2031 &rarr; <strong>2006</strong><br />(-25 for losing)\n|raw|Showdownkween's rating: 1945 &rarr; <strong>1970</strong><br />(+25 for winning)\n|l|☆guilhoes\n|player|p1|\n", "inputlog": ">version ccdc32dd7cde25fd9e4bed64820e885f66e78a4e\n>start {\"formatid\":\"gen9randomdoublesbattle\",\"seed\":\"sodium,f38e2f46533ad91223a0b2e36befdb95\",\"rated\":\"Rated battle\"}\n>player p1 {\"name\":\"guilhoes\",\"avatar\":\"marshal\",\"rating\":2031,\"seed\":\"sodium,18b8472439f4c4e9234b424b137efd3f\"}\n>player p2 {\"name\":\"Showdownkween\",\"avatar\":\"beauty\",\"rating\":1945,\"seed\":\"sodium,4add88ff74e89376d5360d2f6ae1d814\"}\n>p1 move gunkshot +1, move dracometeor +2\n>p2 move spikyshield, switch 6\n>p1 move gunkshot +1, move dracometeor +1\n>p2 move swordsdance, move electroweb\n>p2 switch 6, pass\n>p1 move partingshot +2, switch 4\n>p2 move rockslide terastallize, move electroweb\n>p1 switch 5, pass\n>p1 move recover, move ironhead +1\n>p2 move protect, move thunderbolt +2\n>p1 move thunderbolt +1, move ironhead +1\n>p2 switch 5, move thunderbolt +2\n>p1 pass, switch 5\n>p1 move thunderbolt +1, move knockoff +1\n>p2 move tailwind, move electroweb\n>p1 move thunderbolt +1, move protect\n>p2 move leafstorm +1, move scald +2\n>p2 switch 5, pass\n>p1 move recover, move partingshot +1\n>p2 move rockslide, move scald +2\n>p1 pass, switch 4\n>p1 move recover, move protect\n>p2 switch 4, move scald +1\n>p1 switch 3, pass\n>p1 move doubleedge +2, move flamethrower +1 terastallize\n>p2 move fakeout +1, move scald +1\n>p2 switch 3, pass\n>p1 move doubleedge +2, move dracometeor +1\n>p2 move darkpulse +1, move scald +2\n>p1 switch 4, switch 6\n>p1 move knockoff +2, move firstimpression +2\n>p2 move protect, move electroweb\n>p2 pass, switch 4\n>p1 move knockoff +1, move closecombat +2\n>p2 move darkpulse +1, move rockslide\n>chat ☆Showdownkween|gg honey\n>chat ☆Showdownkween|<3\n>chat ☆guilhoes|wtf\n>forcelose p1", "uploadtime": 1770499450, "views": 95, "formatid": "gen9randomdoublesbattle", "rating": 1970, "private": 0, "password": null}