{"id": "gen9randomdoublesbattle-2534860579", "format": "[Gen 9] Random Doubles Battle", "players": ["marco365", "Ale218"], "log": "|j|☆marco365\n|j|☆Ale218\n|t:|1770485972\n|gametype|doubles\n|player|p1|marco365|lucian|1672\n|player|p2|Ale218|170|1699\n|gen|9\n|tier|[Gen 9] Random Doubles Battle\n|rated|\n|rule|Species Clause: Limit one of each Pokémon\n|rule|HP Percentage Mod: HP is shown in percentages\n|rule|Illusion Level Mod: Illusion disguises the Pokémon's true level\n|rule|Sleep Clause Mod: Limit one foe put to sleep\n|\n|t:|1770485972\n|teamsize|p1|6\n|teamsize|p2|6\n|start\n|switch|p1a: Honchkrow|Honchkrow, L85, F|309/309\n|switch|p1b: Inteleon|Inteleon, L78, M|237/237\n|switch|p2a: Crabominable|Crabominable, L89, M|317/317\n|switch|p2b: Mimikyu|Mimikyu, L82, M|224/224\n|turn|1\n|\n|t:|1770485993\n|move|p1b: Inteleon|Muddy Water|p2a: Crabominable|[spread] p2a,p2b\n|-damage|p2a: Crabominable|176/317\n|-activate|p2b: Mimikyu|ability: Disguise\n|-damage|p2b: Mimikyu|224/224\n|-unboost|p2b: Mimikyu|accuracy|1\n|detailschange|p2b: Mimikyu|Mimikyu-Busted, L82, M\n|-damage|p2b: Mimikyu|196/224|[from] pokemon: Mimikyu-Busted\n|move|p2b: Mimikyu|Swords Dance|p2b: Mimikyu\n|-boost|p2b: Mimikyu|atk|2\n|move|p1a: Honchkrow|Heat Wave|p2b: Mimikyu|[spread] p2a,p2b\n|-supereffective|p2a: Crabominable\n|-damage|p2a: Crabominable|4/317\n|-damage|p2b: Mimikyu|136/224\n|-damage|p1a: Honchkrow|279/309|[from] item: Life Orb\n|move|p2a: Crabominable|Ice Hammer|p1a: Honchkrow\n|-supereffective|p1a: Honchkrow\n|-damage|p1a: Honchkrow|0 fnt\n|-unboost|p2a: Crabominable|spe|1\n|faint|p1a: Honchkrow\n|-damage|p2a: Crabominable|0 fnt|[from] item: Life Orb\n|faint|p2a: Crabominable\n|\n|upkeep\n|inactive|Battle timer is ON: inactive players will automatically lose when time's up. (requested by marco365)\n|\n|t:|1770486042\n|switch|p1a: Tyranitar|Tyranitar, L81, M|295/295\n|switch|p2a: Magearna|Magearna-Original, L71|231/231\n|-weather|Sandstorm|[from] ability: Sand Stream|[of] p1a: Tyranitar\n|turn|2\n|inactive|marco365 has 120 seconds left.\n|\n|t:|1770486076\n|-terastallize|p1b: Inteleon|Water\n|move|p1b: Inteleon|Muddy Water|p2a: Magearna|[spread] p2a,p2b\n|-damage|p2a: Magearna|135/231\n|-damage|p2b: Mimikyu|0 fnt\n|faint|p2b: Mimikyu\n|-ability|p2a: Magearna|Soul-Heart|boost\n|-boost|p2a: Magearna|spa|1\n|move|p1a: Tyranitar|Dragon Dance|p1a: Tyranitar\n|-boost|p1a: Tyranitar|atk|1\n|-boost|p1a: Tyranitar|spe|1\n|move|p2a: Magearna|Aura Sphere|p1a: Tyranitar\n|-supereffective|p1a: Tyranitar\n|-damage|p1a: Tyranitar|111/295\n|\n|-weather|Sandstorm|[upkeep]\n|-damage|p1b: Inteleon|223/237|[from] Sandstorm\n|upkeep\n|\n|t:|1770486092\n|switch|p2b: Spiritomb|Spiritomb, L89, F|234/234\n|turn|3\n|inactive|marco365 has 120 seconds left.\n|inactive|Ale218 has 120 seconds left.\n|\n|t:|1770486145\n|move|p1b: Inteleon|Muddy Water|p2b: Spiritomb|[spread] p2a,p2b\n|-damage|p2a: Magearna|43/231\n|-damage|p2b: Spiritomb|120/234\n|move|p1a: Tyranitar|Stone Edge|p2b: Spiritomb\n|-damage|p2b: Spiritomb|0 fnt\n|faint|p2b: Spiritomb\n|-ability|p2a: Magearna|Soul-Heart|boost\n|-boost|p2a: Magearna|spa|1\n|move|p2a: Magearna|Dazzling Gleam|p1a: Tyranitar|[spread] p1a,p1b\n|-supereffective|p1a: Tyranitar\n|-crit|p1b: Inteleon\n|-damage|p1a: Tyranitar|0 fnt\n|-damage|p1b: Inteleon|0 fnt\n|faint|p1a: Tyranitar\n|-ability|p2a: Magearna|Soul-Heart|boost\n|-boost|p2a: Magearna|spa|1\n|faint|p1b: Inteleon\n|-ability|p2a: Magearna|Soul-Heart|boost\n|-boost|p2a: Magearna|spa|1\n|\n|-weather|Sandstorm|[upkeep]\n|upkeep\n|inactive|Ale218 has 120 seconds left.\n|inactive|marco365 has 90 seconds left.\n|\n|t:|1770486166\n|switch|p1b: Dipplin|Dipplin, L92, F|297/297\n|switch|p1a: Gouging Fire|Gouging Fire, L75|281/281\n|switch|p2b: Iron Moth|Iron Moth, L78|253/253\n|turn|4\n|inactive|Ale218 has 120 seconds left.\n|\n|t:|1770486190\n|move|p2b: Iron Moth|Heat Wave|p1a: Gouging Fire|[spread] p1a,p1b\n|-resisted|p1a: Gouging Fire\n|-damage|p1a: Gouging Fire|256/281\n|-damage|p1b: Dipplin|243/297\n|-status|p1b: Dipplin|brn\n|move|p1a: Gouging Fire|Heat Crash|p2a: Magearna\n|-supereffective|p2a: Magearna\n|-damage|p2a: Magearna|0 fnt\n|faint|p2a: Magearna\n|move|p1b: Dipplin|Syrup Bomb|p2b: Iron Moth\n|-resisted|p2b: Iron Moth\n|-damage|p2b: Iron Moth|235/253\n|-start|p2b: Iron Moth|Syrup Bomb\n|\n|-weather|Sandstorm|[upkeep]\n|-damage|p2b: Iron Moth|220/253|[from] Sandstorm\n|-damage|p1a: Gouging Fire|239/281|[from] Sandstorm\n|-damage|p1b: Dipplin|225/297 brn|[from] Sandstorm\n|-damage|p1b: Dipplin|207/297 brn|[from] brn\n|-unboost|p2b: Iron Moth|spe|1\n|upkeep\n|\n|t:|1770486201\n|switch|p2a: Delibird|Delibird, M|252/252\n|turn|5\n|inactive|marco365 has 120 seconds left.\n|inactive|Ale218 has 120 seconds left.\n|\n|t:|1770486225\n|move|p2a: Delibird|Ice Spinner|p1b: Dipplin\n|-supereffective|p1b: Dipplin\n|-damage|p1b: Dipplin|0 fnt\n|faint|p1b: Dipplin\n|-end|p2b: Iron Moth|Syrup Bomb|[silent]\n|move|p1a: Gouging Fire|Dragon Dance|p1a: Gouging Fire\n|-boost|p1a: Gouging Fire|atk|1\n|-boost|p1a: Gouging Fire|spe|1\n|move|p2b: Iron Moth|Heat Wave|p1a: Gouging Fire\n|-resisted|p1a: Gouging Fire\n|-damage|p1a: Gouging Fire|205/281\n|\n|-weather|Sandstorm|[upkeep]\n|-damage|p1a: Gouging Fire|188/281|[from] Sandstorm\n|-damage|p2a: Delibird|237/252|[from] Sandstorm\n|-damage|p2b: Iron Moth|205/253|[from] Sandstorm\n|upkeep\n|\n|t:|1770486235\n|switch|p1b: Lugia|Lugia, L71|268/268\n|turn|6\n|inactive|marco365 has 120 seconds left.\n|\n|t:|1770486263\n|move|p1a: Gouging Fire|Heat Crash|p2a: Delibird\n|-supereffective|p2a: Delibird\n|-damage|p2a: Delibird|0 fnt\n|faint|p2a: Delibird\n|move|p1b: Lugia|Calm Mind|p1b: Lugia\n|-boost|p1b: Lugia|spa|1\n|-boost|p1b: Lugia|spd|1\n|move|p2b: Iron Moth|Acid Spray|p1a: Gouging Fire\n|-damage|p1a: Gouging Fire|134/281\n|\n|-weather|none\n|upkeep\n|turn|7\n|inactive|marco365 has 120 seconds left.\n|\n|t:|1770486280\n|move|p1a: Gouging Fire|Dragon Dance|p1a: Gouging Fire\n|-boost|p1a: Gouging Fire|atk|1\n|-boost|p1a: Gouging Fire|spe|1\n|move|p1b: Lugia|Earth Power|p2b: Iron Moth\n|-supereffective|p2b: Iron Moth\n|-damage|p2b: Iron Moth|0 fnt\n|faint|p2b: Iron Moth\n|-end|p2b: Iron Moth|Quark Drive|[silent]\n|\n|win|marco365\n|raw|marco365's rating: 1672 &rarr; <strong>1694</strong><br />(+22 for winning)\n|raw|Ale218's rating: 1699 &rarr; <strong>1677</strong><br />(-22 for losing)\n|l|☆Ale218\n|player|p2|\n", "inputlog": ">version ccdc32dd7cde25fd9e4bed64820e885f66e78a4e\n>start {\"formatid\":\"gen9randomdoublesbattle\",\"seed\":\"sodium,72d2f858229bf6a4a0516393723fa9be\",\"rated\":\"Rated battle\"}\n>player p1 {\"name\":\"marco365\",\"avatar\":\"lucian\",\"rating\":1672,\"seed\":\"sodium,cfdd2f6f3aa65e73b0ff3d32ec3b9744\"}\n>player p2 {\"name\":\"Ale218\",\"avatar\":\"170\",\"rating\":1699,\"seed\":\"sodium,d8d316811138806d851876633c0966a0\"}\n>p1 move heatwave, move muddywater\n>p2 move icehammer +1, move swordsdance\n>p1 switch 5, pass\n>p2 switch 3, pass\n>p1 move dragondance, move muddywater terastallize\n>p2 move aurasphere +1, move playrough +2\n>p2 pass, switch 4\n>p1 move stoneedge +2, move muddywater\n>p2 move dazzlinggleam, move snarl\n>p1 switch 3, switch 6\n>p2 pass, switch 6\n>p1 move heatcrash +1, move syrupbomb +1\n>p2 move dazzlinggleam, move heatwave\n>p2 switch 5, pass\n>p1 move dragondance, move pollenpuff -1\n>p2 move icespinner +2, move heatwave\n>p1 pass, switch 4\n>p1 move heatcrash +1, move calmmind\n>p2 move icespinner +2, move acidspray +1\n>p1 move dragondance, move earthpower +2\n>p2 pass, move heatwave", "uploadtime": 1770486291, "views": 90, "formatid": "gen9randomdoublesbattle", "rating": 1677, "private": 0, "password": null}