{"id": "gen9randomdoublesbattle-2536630366", "format": "[Gen 9] Random Doubles Battle", "players": ["ozymandio1221", "kalsonofjor"], "log": "|j|☆ozymandio1221\n|j|☆kalsonofjor\n|t:|1770717632\n|gametype|doubles\n|player|p1|ozymandio1221|101|1813\n|player|p2|kalsonofjor|2|1882\n|gen|9\n|tier|[Gen 9] Random Doubles Battle\n|rated|\n|rule|Species Clause: Limit one of each Pokémon\n|rule|HP Percentage Mod: HP is shown in percentages\n|rule|Illusion Level Mod: Illusion disguises the Pokémon's true level\n|rule|Sleep Clause Mod: Limit one foe put to sleep\n|\n|t:|1770717632\n|teamsize|p1|6\n|teamsize|p2|6\n|start\n|switch|p1a: Venomoth|Venomoth, L90, M|272/272\n|switch|p1b: Leafeon|Leafeon, L90, M|263/263\n|switch|p2a: Maushold|Maushold, L79|247/247\n|switch|p2b: Sableye|Sableye, L92, F|241/241\n|turn|1\n|\n|t:|1770717666\n|move|p1b: Leafeon|Protect|p1b: Leafeon\n|-singleturn|p1b: Leafeon|Protect\n|move|p2a: Maushold|Protect|p2a: Maushold\n|-singleturn|p2a: Maushold|Protect\n|move|p2b: Sableye|Fake Out|p1a: Venomoth\n|-damage|p1a: Venomoth|236/272\n|cant|p1a: Venomoth|flinch\n|\n|upkeep\n|turn|2\n|\n|t:|1770717687\n|move|p2b: Sableye|Encore|p1b: Leafeon\n|-start|p1b: Leafeon|Encore\n|move|p1b: Leafeon|Protect||[still]\n|-fail|p1b: Leafeon\n|move|p2a: Maushold|Population Bomb|p1a: Venomoth\n|-damage|p1a: Venomoth|203/272\n|-damage|p1a: Venomoth|173/272\n|-damage|p1a: Venomoth|142/272\n|-damage|p1a: Venomoth|111/272\n|-damage|p1a: Venomoth|78/272\n|-damage|p1a: Venomoth|50/272\n|-damage|p1a: Venomoth|22/272\n|-damage|p1a: Venomoth|0 fnt\n|faint|p1a: Venomoth\n|-hitcount|p1: Venomoth|8\n|\n|upkeep\n|\n|t:|1770717695\n|switch|p1a: Corviknight|Corviknight, L80, F|288/288\n|turn|3\n|\n|t:|1770717714\n|switch|p1b: Eternatus|Eternatus, L70|312/312\n|-ability|p1b: Eternatus|Pressure\n|switch|p2a: Armarouge|Armarouge, L80, F|267/267\n|move|p2b: Sableye|Thunder Wave|p1a: Corviknight\n|-status|p1a: Corviknight|par\n|move|p1a: Corviknight|Iron Head|p2b: Sableye\n|-damage|p2b: Sableye|163/241\n|\n|upkeep\n|turn|4\n|\n|t:|1770717736\n|move|p2b: Sableye|Thunder Wave|p1b: Eternatus\n|-status|p1b: Eternatus|par\n|move|p2a: Armarouge|Psychic|p1b: Eternatus\n|-supereffective|p1b: Eternatus\n|-damage|p1b: Eternatus|60/312 par\n|cant|p1b: Eternatus|par\n|move|p1a: Corviknight|Iron Head|p2b: Sableye\n|-damage|p2b: Sableye|88/241\n|-enditem|p2b: Sableye|Sitrus Berry|[eat]\n|-heal|p2b: Sableye|148/241|[from] item: Sitrus Berry\n|\n|-heal|p1b: Eternatus|79/312 par|[from] item: Leftovers\n|upkeep\n|turn|5\n|\n|t:|1770717756\n|move|p2a: Armarouge|Heat Wave|p1b: Eternatus|[spread] p1a\n|-miss|p2a: Armarouge|p1b: Eternatus\n|-supereffective|p1a: Corviknight\n|-damage|p1a: Corviknight|102/288 par\n|-enditem|p1a: Corviknight|Sitrus Berry|[eat]\n|-heal|p1a: Corviknight|174/288 par|[from] item: Sitrus Berry\n|move|p2b: Sableye|Foul Play|p1b: Eternatus\n|-crit|p1b: Eternatus\n|-damage|p1b: Eternatus|0 fnt\n|faint|p1b: Eternatus\n|move|p1a: Corviknight|Iron Head|p2b: Sableye\n|-damage|p2b: Sableye|75/241\n|\n|upkeep\n|\n|t:|1770717771\n|switch|p1b: Leafeon|Leafeon, L90, M|263/263\n|turn|6\n|-message|ozymandio1221 forfeited.\n|\n|win|kalsonofjor\n|raw|ozymandio1221's rating: 1813 &rarr; <strong>1797</strong><br />(-16 for losing)\n|raw|kalsonofjor's rating: 1882 &rarr; <strong>1898</strong><br />(+16 for winning)\n", "inputlog": ">version ccdc32dd7cde25fd9e4bed64820e885f66e78a4e\n>start {\"formatid\":\"gen9randomdoublesbattle\",\"seed\":\"sodium,41b053038c8d3298eae1c9aaf7ab032b\",\"rated\":\"Rated battle\"}\n>player p1 {\"name\":\"ozymandio1221\",\"avatar\":\"101\",\"rating\":1813,\"seed\":\"sodium,bff17e1378e9dfc6f0d0358d11cd42fb\"}\n>player p2 {\"name\":\"kalsonofjor\",\"avatar\":\"2\",\"rating\":1882,\"seed\":\"sodium,09afbbf6d70e4b0caa10905061072207\"}\n>p1 move sleeppowder +1, move protect\n>p2 move protect, move fakeout +1\n>p1 move quiverdance, move leafblade +1\n>p2 move populationbomb +1, move encore +2\n>p1 switch 3, pass\n>p1 move ironhead +2, switch 5\n>p2 switch 6, move thunderwave +1\n>p1 move ironhead +2, move dynamaxcannon +2\n>p2 move psychic +2, move thunderwave +2\n>p1 move ironhead +2, move dynamaxcannon +2\n>p2 move heatwave, move foulplay +2\n>p1 pass, switch 5\n>forcelose p1", "uploadtime": 1770717777, "views": 59, "formatid": "gen9randomdoublesbattle", "rating": 1797, "private": 0, "password": null}