{"id": "gen9randomdoublesbattle-2536947098", "format": "[Gen 9] Random Doubles Battle", "players": ["Yolotanker", "NegaiFreak"], "log": "|j|☆Yolotanker\n|j|☆NegaiFreak\n|t:|1770750849\n|gametype|doubles\n|player|p1|Yolotanker|265|1561\n|player|p2|NegaiFreak|2|1521\n|gen|9\n|tier|[Gen 9] Random Doubles Battle\n|rated|\n|rule|Species Clause: Limit one of each Pokémon\n|rule|HP Percentage Mod: HP is shown in percentages\n|rule|Illusion Level Mod: Illusion disguises the Pokémon's true level\n|rule|Sleep Clause Mod: Limit one foe put to sleep\n|\n|t:|1770750849\n|teamsize|p1|6\n|teamsize|p2|6\n|start\n|switch|p1a: Quagsire|Quagsire, L91, M|321/321\n|switch|p1b: Beartic|Beartic, L91, M|321/321\n|switch|p2a: Blaziken|Blaziken, L79, M|256/256\n|switch|p2b: Meowstic|Meowstic, L88, M|274/274\n|turn|1\n|c|☆NegaiFreak|GLHF\n|inactive|Battle timer is ON: inactive players will automatically lose when time's up. (requested by Yolotanker)\n|l|☆NegaiFreak\n|inactive|NegaiFreak disconnected and has a minute to reconnect!\n|player|p2|\n|j|☆NegaiFreak\n|inactive|NegaiFreak reconnected and has 130 seconds left.\n|player|p2|NegaiFreak|2|\n|inactive|NegaiFreak has 120 seconds left.\n|\n|t:|1770750888\n|move|p1a: Quagsire|Helping Hand|p1b: Beartic\n|-singleturn|p1b: Beartic|Helping Hand|[of] p1a: Quagsire\n|move|p2a: Blaziken|Protect|p2a: Blaziken\n|-singleturn|p2a: Blaziken|Protect\n|move|p2b: Meowstic|Reflect|p2b: Meowstic\n|-sidestart|p2: NegaiFreak|Reflect\n|move|p1b: Beartic|Aqua Jet|p2a: Blaziken\n|-activate|p2a: Blaziken|move: Protect\n|\n|-ability|p2a: Blaziken|Speed Boost|boost\n|-boost|p2a: Blaziken|spe|1\n|upkeep\n|turn|2\n|\n|t:|1770750907\n|move|p1b: Beartic|Aqua Jet|p2a: Blaziken\n|-supereffective|p2a: Blaziken\n|-damage|p2a: Blaziken|166/256\n|-damage|p1b: Beartic|289/321|[from] item: Life Orb\n|move|p2a: Blaziken|Knock Off|p1a: Quagsire\n|-damage|p1a: Quagsire|235/321\n|-enditem|p1a: Quagsire|Leftovers|[from] move: Knock Off|[of] p2a: Blaziken\n|-damage|p2a: Blaziken|141/256|[from] item: Life Orb\n|move|p2b: Meowstic|Psychic|p1b: Beartic\n|-damage|p1b: Beartic|198/321\n|move|p1a: Quagsire|Liquidation|p2a: Blaziken\n|-supereffective|p2a: Blaziken\n|-damage|p2a: Blaziken|0 fnt\n|faint|p2a: Blaziken\n|\n|upkeep\n|inactive|NegaiFreak has 120 seconds left.\n|\n|t:|1770750930\n|switch|p2a: Noivern|Noivern, L84, M|280/280\n|-item|p1b: Beartic|Life Orb|[from] ability: Frisk|[of] p2a: Noivern\n|turn|3\n|\n|t:|1770750945\n|-terastallize|p2a: Noivern|Fire\n|move|p2a: Noivern|Flamethrower|p1b: Beartic\n|-supereffective|p1b: Beartic\n|-damage|p1b: Beartic|0 fnt\n|faint|p1b: Beartic\n|-damage|p2a: Noivern|252/280|[from] item: Life Orb\n|move|p2b: Meowstic|Psychic|p1a: Quagsire\n|-damage|p1a: Quagsire|133/321\n|move|p1a: Quagsire|Liquidation|p2b: Meowstic\n|-damage|p2b: Meowstic|209/274\n|\n|upkeep\n|\n|t:|1770750957\n|switch|p1b: Dondozo|Dondozo, L85, F|394/394\n|turn|4\n|\n|t:|1770750968\n|move|p2a: Noivern|Hurricane|p1a: Quagsire\n|-damage|p1a: Quagsire|0 fnt\n|faint|p1a: Quagsire\n|-damage|p2a: Noivern|224/280|[from] item: Life Orb\n|move|p2b: Meowstic|Psychic|p1b: Dondozo\n|-damage|p1b: Dondozo|313/394\n|move|p1b: Dondozo|Wave Crash|p2a: Noivern\n|-supereffective|p2a: Noivern\n|-crit|p2a: Noivern\n|-damage|p2a: Noivern|0 fnt\n|faint|p2a: Noivern\n|-damage|p1b: Dondozo|239/394|[from] Recoil\n|\n|upkeep\n|\n|t:|1770750984\n|switch|p2a: Miraidon|Miraidon, L65|238/238\n|switch|p1a: Sandaconda|Sandaconda, L88, F|270/270\n|-fieldstart|move: Electric Terrain|[from] ability: Hadron Engine|[of] p2a: Miraidon\n|turn|5\n|\n|t:|1770751005\n|-terastallize|p1b: Dondozo|Grass\n|move|p2b: Meowstic|Psychic|p1a: Sandaconda\n|-damage|p1a: Sandaconda|155/270\n|move|p2a: Miraidon|Electro Drift|p1b: Dondozo\n|-resisted|p1b: Dondozo\n|-damage|p1b: Dondozo|165/394\n|-damage|p2a: Miraidon|215/238|[from] item: Life Orb\n|move|p1a: Sandaconda|High Horsepower|p2a: Miraidon\n|-supereffective|p2a: Miraidon\n|-damage|p2a: Miraidon|26/238\n|move|p1b: Dondozo|Avalanche|p2a: Miraidon\n|-supereffective|p2a: Miraidon\n|-damage|p2a: Miraidon|0 fnt\n|faint|p2a: Miraidon\n|\n|upkeep\n|\n|t:|1770751016\n|switch|p2a: Iron Moth|Iron Moth, L78|253/253\n|-activate|p2a: Iron Moth|ability: Quark Drive\n|-start|p2a: Iron Moth|quarkdrivespa\n|turn|6\n|\n|t:|1770751038\n|move|p2b: Meowstic|Psychic|p1b: Dondozo\n|-crit|p1b: Dondozo\n|-damage|p1b: Dondozo|59/394\n|move|p2a: Iron Moth|Energy Ball|p1a: Sandaconda\n|-supereffective|p1a: Sandaconda\n|-damage|p1a: Sandaconda|0 fnt\n|faint|p1a: Sandaconda\n|move|p1b: Dondozo|Wave Crash|p2b: Meowstic\n|-damage|p2b: Meowstic|116/274\n|-damage|p1b: Dondozo|28/394|[from] Recoil\n|\n|upkeep\n|\n|t:|1770751048\n|switch|p1a: Jirachi|Jirachi, L80|291/291\n|turn|7\n|\n|t:|1770751056\n|move|p1a: Jirachi|Psychic|p2a: Iron Moth\n|-supereffective|p2a: Iron Moth\n|-damage|p2a: Iron Moth|77/253\n|move|p2b: Meowstic|Psychic|p1b: Dondozo\n|-damage|p1b: Dondozo|0 fnt\n|faint|p1b: Dondozo\n|move|p2a: Iron Moth|Fiery Dance|p1a: Jirachi\n|-supereffective|p1a: Jirachi\n|-damage|p1a: Jirachi|37/291\n|-boost|p2a: Iron Moth|spa|1\n|\n|upkeep\n|\n|t:|1770751068\n|switch|p1b: Baxcalibur|Baxcalibur, L78, M|307/307\n|turn|8\n|\n|t:|1770751077\n|move|p2a: Iron Moth|Protect|p2a: Iron Moth\n|-singleturn|p2a: Iron Moth|Protect\n|move|p2b: Meowstic|Light Screen|p2b: Meowstic\n|-sidestart|p2: NegaiFreak|move: Light Screen\n|move|p1a: Jirachi|Psychic|p2a: Iron Moth\n|-activate|p2a: Iron Moth|move: Protect\n|move|p1b: Baxcalibur|Icicle Crash|p2b: Meowstic\n|-damage|p2b: Meowstic|1/274\n|\n|-sideend|p2: NegaiFreak|Reflect\n|upkeep\n|turn|9\n|\n|t:|1770751096\n|move|p1a: Jirachi|Psychic|p2a: Iron Moth\n|-supereffective|p2a: Iron Moth\n|-damage|p2a: Iron Moth|0 fnt\n|faint|p2a: Iron Moth\n|-end|p2a: Iron Moth|Quark Drive|[silent]\n|move|p2b: Meowstic|Psychic|p1a: Jirachi\n|-resisted|p1a: Jirachi\n|-crit|p1a: Jirachi\n|-damage|p1a: Jirachi|1/291\n|move|p1b: Baxcalibur|Icicle Crash|p2b: Meowstic\n|-damage|p2b: Meowstic|0 fnt\n|faint|p2b: Meowstic\n|\n|-fieldend|move: Electric Terrain\n|upkeep\n|\n|t:|1770751100\n|switch|p2b: Lugia|Lugia, L71|268/268\n|turn|10\n|\n|t:|1770751114\n|move|p1a: Jirachi|Psychic|p2b: Lugia\n|-resisted|p2b: Lugia\n|-damage|p2b: Lugia|257/268\n|-unboost|p2b: Lugia|spd|1\n|move|p2b: Lugia|Earth Power|p1a: Jirachi\n|-supereffective|p1a: Jirachi\n|-damage|p1a: Jirachi|0 fnt\n|faint|p1a: Jirachi\n|move|p1b: Baxcalibur|Icicle Crash|p2b: Lugia\n|-supereffective|p2b: Lugia\n|-damage|p2b: Lugia|0 fnt\n|faint|p2b: Lugia\n|\n|win|Yolotanker\n|raw|Yolotanker's rating: 1561 &rarr; <strong>1579</strong><br />(+18 for winning)\n|raw|NegaiFreak's rating: 1521 &rarr; <strong>1503</strong><br />(-18 for losing)\n|c|☆NegaiFreak|GG\n|l|☆Yolotanker\n|player|p1|\n", "inputlog": ">version ccdc32dd7cde25fd9e4bed64820e885f66e78a4e\n>start {\"formatid\":\"gen9randomdoublesbattle\",\"seed\":\"sodium,f63f18554575e6d8e96cf23e27015179\",\"rated\":\"Rated battle\"}\n>player p1 {\"name\":\"Yolotanker\",\"avatar\":\"265\",\"rating\":1561,\"seed\":\"sodium,900f3f62e9bb85d21dc85b201c31eefd\"}\n>player p2 {\"name\":\"NegaiFreak\",\"avatar\":\"2\",\"rating\":1521,\"seed\":\"sodium,f167aec86597555a4c46494b40577c1a\"}\n>chat ☆NegaiFreak|GLHF\n>p1 move helpinghand -2, move aquajet +1\n>p2 move protect, move reflect\n>p1 move liquidation +1, move aquajet +1\n>p2 move knockoff +1, move psychic +2\n>p2 switch 5, pass\n>p1 move liquidation +2, move iciclecrash +1\n>p2 move flamethrower +2 terastallize, move psychic +1\n>p1 pass, switch 5\n>p1 move liquidation +1, move wavecrash +1\n>p2 move hurricane +1, move psychic +2\n>p1 switch 4, pass\n>p2 switch 3, pass\n>p1 move highhorsepower +1, move avalanche +1 terastallize\n>p2 move electrodrift +2, move psychic +1\n>p2 switch 6, pass\n>p1 move highhorsepower +1, move wavecrash +2\n>p2 move energyball +1, move psychic +2\n>p1 switch 6, pass\n>p1 move psychic +1, move wavecrash +1\n>p2 move fierydance +1, move psychic +2\n>p1 pass, switch 3\n>p1 move psychic +1, move iciclecrash +2\n>p2 move protect, move lightscreen\n>p1 move psychic +1, move iciclecrash +2\n>p2 move fierydance +1, move psychic +1\n>p2 pass, switch 4\n>p1 move psychic +2, move iciclecrash +2\n>p2 pass, move earthpower +1", "uploadtime": 1770751130, "views": 70, "formatid": "gen9randomdoublesbattle", "rating": 1503, "private": 0, "password": null}