{"id": "gen9randomdoublesbattle-2538627776", "format": "[Gen 9] Random Doubles Battle", "players": ["PokeChupon4", "pejelegante"], "log": "|j|☆PokeChupon4\n|j|☆pejelegante\n|t:|1770948975\n|gametype|doubles\n|player|p1|PokeChupon4|101|1648\n|player|p2|pejelegante|hugh|1791\n|gen|9\n|tier|[Gen 9] Random Doubles Battle\n|rated|\n|rule|Species Clause: Limit one of each Pokémon\n|rule|HP Percentage Mod: HP is shown in percentages\n|rule|Illusion Level Mod: Illusion disguises the Pokémon's true level\n|rule|Sleep Clause Mod: Limit one foe put to sleep\n|\n|t:|1770948975\n|teamsize|p1|6\n|teamsize|p2|6\n|start\n|switch|p1a: Feraligatr|Feraligatr, L82, M|274/274\n|switch|p1b: Meowstic|Meowstic, L88, M|274/274\n|switch|p2a: Morpeko|Morpeko, L88, M|245/245\n|switch|p2b: Oranguru|Oranguru, L90, F|308/308\n|turn|1\n|inactive|Battle timer is ON: inactive players will automatically lose when time's up. (requested by pejelegante)\n|inactive|PokeChupon4 has 120 seconds left.\n|inactive|pejelegante has 120 seconds left.\n|inactive|PokeChupon4 has 90 seconds left.\n|\n|t:|1770949043\n|move|p1b: Meowstic|Light Screen|p1b: Meowstic\n|-sidestart|p1: PokeChupon4|move: Light Screen\n|move|p2a: Morpeko|Aura Wheel|p1b: Meowstic\n|-damage|p1b: Meowstic|144/274\n|-boost|p2a: Morpeko|spe|1\n|move|p1a: Feraligatr|Liquidation|p2a: Morpeko\n|-damage|p2a: Morpeko|37/245\n|-enditem|p2a: Morpeko|Sitrus Berry|[eat]\n|-heal|p2a: Morpeko|98/245|[from] item: Sitrus Berry\n|move|p2b: Oranguru|Hyper Voice|p1a: Feraligatr|[spread] p1a,p1b\n|-damage|p1a: Feraligatr|218/274\n|-damage|p1b: Meowstic|95/274\n|\n|-formechange|p2a: Morpeko|Morpeko-Hangry||[from] ability: Hunger Switch\n|upkeep\n|turn|2\n|\n|t:|1770949059\n|move|p2a: Morpeko|Protect|p2a: Morpeko\n|-singleturn|p2a: Morpeko|Protect\n|move|p1b: Meowstic|Reflect|p1b: Meowstic\n|-sidestart|p1: PokeChupon4|Reflect\n|move|p1a: Feraligatr|Swords Dance|p1a: Feraligatr\n|-boost|p1a: Feraligatr|atk|2\n|move|p2b: Oranguru|Hyper Voice|p1a: Feraligatr|[spread] p1a,p1b\n|-crit|p1a: Feraligatr\n|-damage|p1a: Feraligatr|98/274\n|-damage|p1b: Meowstic|43/274\n|\n|-formechange|p2a: Morpeko|Morpeko||[from] ability: Hunger Switch\n|upkeep\n|turn|3\n|\n|t:|1770949077\n|move|p1b: Meowstic|Thunder Wave|p2b: Oranguru\n|-status|p2b: Oranguru|par\n|move|p1a: Feraligatr|Aqua Jet|p2a: Morpeko\n|-damage|p2a: Morpeko|0 fnt\n|faint|p2a: Morpeko\n|-damage|p1a: Feraligatr|71/274|[from] item: Life Orb\n|move|p2b: Oranguru|Hyper Voice|p1a: Feraligatr|[spread] p1a,p1b\n|-damage|p1a: Feraligatr|12/274\n|-damage|p1b: Meowstic|0 fnt\n|faint|p1b: Meowstic\n|\n|upkeep\n|\n|t:|1770949088\n|switch|p1b: Clefable|Clefable, L87, M|307/307\n|switch|p2a: Kricketune|Kricketune, M|316/316\n|turn|4\n|\n|t:|1770949095\n|move|p1b: Clefable|Follow Me|p1b: Clefable\n|-singleturn|p1b: Clefable|move: Follow Me\n|move|p2a: Kricketune|Sticky Web|p1b: Clefable\n|-sidestart|p1: PokeChupon4|move: Sticky Web\n|move|p1a: Feraligatr|Liquidation|p2b: Oranguru\n|-damage|p2b: Oranguru|0 fnt\n|faint|p2b: Oranguru\n|\n|upkeep\n|\n|t:|1770949104\n|switch|p2b: Pikachu|Pikachu-Unova, L94, M|218/218\n|turn|5\n|\n|t:|1770949113\n|move|p2b: Pikachu|Fake Out|p1b: Clefable\n|-damage|p1b: Clefable|275/307\n|-damage|p2b: Pikachu|182/218|[from] item: Rocky Helmet|[of] p1b: Clefable\n|cant|p1b: Clefable|flinch\n|move|p2a: Kricketune|Knock Off|p1a: Feraligatr\n|-damage|p1a: Feraligatr|0 fnt\n|-enditem|p1a: Feraligatr|Life Orb|[from] move: Knock Off|[of] p2a: Kricketune\n|faint|p1a: Feraligatr\n|\n|upkeep\n|\n|t:|1770949120\n|switch|p1a: Forretress|Forretress, L90, M|281/281\n|-activate|p1a: Forretress|move: Sticky Web\n|-unboost|p1a: Forretress|spe|1\n|turn|6\n|inactive|PokeChupon4 has 120 seconds left.\n|\n|t:|1770949157\n|move|p1b: Clefable|Follow Me|p1b: Clefable\n|-singleturn|p1b: Clefable|move: Follow Me\n|move|p2b: Pikachu|Encore|p1b: Clefable\n|-start|p1b: Clefable|Encore\n|move|p2a: Kricketune|Taunt|p1b: Clefable\n|-start|p1b: Clefable|move: Taunt\n|move|p1a: Forretress|Body Press|p2b: Pikachu\n|-crit|p2b: Pikachu\n|-damage|p2b: Pikachu|0 fnt\n|faint|p2b: Pikachu\n|\n|upkeep\n|\n|t:|1770949165\n|switch|p2b: Bombirdier|Bombirdier, L84, F|255/255\n|turn|7\n|\n|t:|1770949177\n|switch|p1b: Cinccino|Cinccino, L85, M|266/266\n|-activate|p1b: Cinccino|move: Sticky Web\n|-unboost|p1b: Cinccino|spe|1\n|switch|p1a: Espathra|Espathra, L83, M|293/293\n|-activate|p1a: Espathra|move: Sticky Web\n|-unboost|p1a: Espathra|spe|1\n|move|p2a: Kricketune|Taunt|p1a: Espathra\n|-start|p1a: Espathra|move: Taunt\n|move|p2b: Bombirdier|Rock Slide|p1a: Espathra|[spread] p1a,p1b\n|-damage|p1a: Espathra|218/293\n|-damage|p1b: Cinccino|197/266\n|-damage|p2b: Bombirdier|230/255|[from] item: Life Orb\n|\n|upkeep\n|turn|8\n|\n|t:|1770949191\n|-terastallize|p1a: Espathra|Fairy\n|move|p2a: Kricketune|Knock Off|p1a: Espathra\n|-resisted|p1a: Espathra\n|-damage|p1a: Espathra|178/293\n|-enditem|p1a: Espathra|Life Orb|[from] move: Knock Off|[of] p2a: Kricketune\n|move|p2b: Bombirdier|Knock Off|p1b: Cinccino\n|-damage|p1b: Cinccino|85/266\n|-enditem|p1b: Cinccino|Loaded Dice|[from] move: Knock Off|[of] p2b: Bombirdier\n|-damage|p2b: Bombirdier|205/255|[from] item: Life Orb\n|move|p1b: Cinccino|Knock Off|p2b: Bombirdier\n|-resisted|p2b: Bombirdier\n|-damage|p2b: Bombirdier|169/255\n|-enditem|p2b: Bombirdier|Life Orb|[from] move: Knock Off|[of] p1b: Cinccino\n|move|p1a: Espathra|Dazzling Gleam|p2a: Kricketune|[spread] p2a,p2b\n|-supereffective|p2b: Bombirdier\n|-damage|p2a: Kricketune|229/316\n|-damage|p2b: Bombirdier|37/255\n|\n|-sideend|p1: PokeChupon4|move: Light Screen\n|-ability|p1a: Espathra|Speed Boost|boost\n|-boost|p1a: Espathra|spe|1\n|upkeep\n|turn|9\n|\n|t:|1770949216\n|move|p1a: Espathra|Dazzling Gleam|p2a: Kricketune|[spread] p2a,p2b\n|-supereffective|p2b: Bombirdier\n|-damage|p2a: Kricketune|148/316\n|-damage|p2b: Bombirdier|0 fnt\n|-enditem|p2a: Kricketune|Sitrus Berry|[eat]\n|-heal|p2a: Kricketune|227/316|[from] item: Sitrus Berry\n|faint|p2b: Bombirdier\n|move|p2a: Kricketune|Bug Bite|p1a: Espathra\n|-resisted|p1a: Espathra\n|-damage|p1a: Espathra|122/293\n|move|p1b: Cinccino|Knock Off|p2a: Kricketune\n|-damage|p2a: Kricketune|172/316\n|\n|-end|p1a: Espathra|move: Taunt\n|-sideend|p1: PokeChupon4|Reflect\n|-ability|p1a: Espathra|Speed Boost|boost\n|-boost|p1a: Espathra|spe|1\n|upkeep\n|\n|t:|1770949220\n|switch|p2b: Arceus|Arceus-Steel, L73|296/296\n|turn|10\n|\n|t:|1770949239\n|move|p1a: Espathra|Lumina Crash|p2b: Arceus\n|-resisted|p2b: Arceus\n|-crit|p2b: Arceus\n|-damage|p2b: Arceus|242/296\n|-unboost|p2b: Arceus|spd|2\n|move|p2b: Arceus|Judgment|p1a: Espathra\n|-supereffective|p1a: Espathra\n|-damage|p1a: Espathra|0 fnt\n|faint|p1a: Espathra\n|move|p2a: Kricketune|Bug Bite|p1b: Cinccino\n|-damage|p1b: Cinccino|0 fnt\n|faint|p1b: Cinccino\n|\n|upkeep\n|\n|t:|1770949252\n|switch|p1b: Clefable|Clefable, L87, M|275/307\n|switch|p1a: Forretress|Forretress, L90, M|281/281\n|-activate|p1b: Clefable|move: Sticky Web\n|-unboost|p1b: Clefable|spe|1\n|-activate|p1a: Forretress|move: Sticky Web\n|-unboost|p1a: Forretress|spe|1\n|turn|11\n|\n|t:|1770949263\n|-terastallize|p2b: Arceus|Ghost\n|move|p1b: Clefable|Follow Me|p1b: Clefable\n|-singleturn|p1b: Clefable|move: Follow Me\n|move|p2b: Arceus|Judgment|p1b: Clefable\n|-supereffective|p1b: Clefable\n|-damage|p1b: Clefable|45/307\n|move|p2a: Kricketune|Knock Off|p1b: Clefable\n|-resisted|p1b: Clefable\n|-damage|p1b: Clefable|0 fnt\n|-damage|p2a: Kricketune|120/316|[from] item: Rocky Helmet|[of] p1b: Clefable\n|-enditem|p1b: Clefable|Rocky Helmet|[from] move: Knock Off|[of] p2a: Kricketune\n|faint|p1b: Clefable\n|move|p1a: Forretress|Body Press|p2b: Arceus\n|-immune|p2b: Arceus\n|\n|upkeep\n|turn|12\n|inactive|PokeChupon4 has 120 seconds left.\n|inactive|PokeChupon4 has 90 seconds left.\n|inactive|PokeChupon4 has 60 seconds left.\n|inactive|PokeChupon4 has 30 seconds left.\n|inactive|PokeChupon4 has 20 seconds left.\n|inactive|PokeChupon4 has 15 seconds left.\n|inactive|PokeChupon4 has 10 seconds left.\n|inactive|PokeChupon4 has 5 seconds left.\n|-message|PokeChupon4 lost due to inactivity.\n|\n|win|pejelegante\n|raw|PokeChupon4's rating: 1667 &rarr; <strong>1654</strong><br />(-13 for losing)\n|raw|pejelegante's rating: 1791 &rarr; <strong>1804</strong><br />(+13 for winning)\n|c|☆pejelegante|Gg\n", "inputlog": ">version ccdc32dd7cde25fd9e4bed64820e885f66e78a4e\n>start {\"formatid\":\"gen9randomdoublesbattle\",\"seed\":\"sodium,cec239e46d88a8b3c70bd63e3924afce\",\"rated\":\"Rated battle\"}\n>player p1 {\"name\":\"PokeChupon4\",\"avatar\":\"101\",\"rating\":1648,\"seed\":\"sodium,995fd7a73c0ce50af400d5dab4094259\"}\n>player p2 {\"name\":\"pejelegante\",\"avatar\":\"hugh\",\"rating\":1791,\"seed\":\"sodium,cdbea479c95435cdb837ae010baee9ee\"}\n>p1 move liquidation +1, move lightscreen\n>p2 move aurawheel +2, move hypervoice\n>p1 move swordsdance, move reflect\n>p2 move protect, move hypervoice\n>p1 move aquajet +1, move thunderwave +2\n>p2 move aurawheel +1, move hypervoice\n>p1 pass, switch 4\n>p2 switch 6, pass\n>p1 move liquidation +2, move followme\n>p2 move stickyweb, move hypervoice\n>p2 pass, switch 4\n>p1 move liquidation +1, move followme\n>p2 move knockoff +1, move fakeout +2\n>p1 switch 3, pass\n>p1 move bodypress +2, move followme\n>p2 move taunt +2, move encore +2\n>p2 pass, switch 5\n>p1 switch 5, switch 6\n>p2 move taunt +1, move rockslide\n>p1 move dazzlinggleam terastallize, move knockoff +2\n>p2 move knockoff +1, move knockoff +2\n>p1 move dazzlinggleam, move knockoff +1\n>p2 move bugbite +1, move rockslide\n>p2 pass, switch 3\n>p1 move luminacrash +2, move tailslap +1\n>p2 move bugbite +2, move judgment +1\n>p1 switch 5, switch 6\n>p1 move bodypress +2, move followme\n>p2 move knockoff +2, move judgment +2 terastallize\n>forcelose p1", "uploadtime": 1770949423, "views": 66, "formatid": "gen9randomdoublesbattle", "rating": 1654, "private": 0, "password": null}