{"id": "gen9randomdoublesbattle-2535195475", "format": "[Gen 9] Random Doubles Battle", "players": ["marco365", "walnut3072"], "log": "|j|☆marco365\n|j|☆walnut3072\n|t:|1770526936\n|gametype|doubles\n|player|p1|marco365|lucian|1739\n|player|p2|walnut3072|lucas|1791\n|gen|9\n|tier|[Gen 9] Random Doubles Battle\n|rated|\n|rule|Species Clause: Limit one of each Pokémon\n|rule|HP Percentage Mod: HP is shown in percentages\n|rule|Illusion Level Mod: Illusion disguises the Pokémon's true level\n|rule|Sleep Clause Mod: Limit one foe put to sleep\n|\n|t:|1770526936\n|teamsize|p1|6\n|teamsize|p2|6\n|start\n|switch|p1a: Eelektross|Eelektross, L86, M|286/286\n|switch|p1b: Lanturn|Lanturn, L87, M|359/359\n|switch|p2a: Furret|Furret, L98, F|325/325\n|switch|p2b: Shiftry|Shiftry, L84, M|288/288\n|-item|p1a: Eelektross|Assault Vest|[from] ability: Frisk|[of] p2a: Furret\n|-item|p1b: Lanturn|Sitrus Berry|[from] ability: Frisk|[of] p2a: Furret\n|turn|1\n|inactive|Battle timer is ON: inactive players will automatically lose when time's up. (requested by walnut3072)\n|inactive|marco365 has 120 seconds left.\n|\n|t:|1770526972\n|move|p2a: Furret|Knock Off|p1b: Lanturn\n|-damage|p1b: Lanturn|267/359\n|-enditem|p1b: Lanturn|Sitrus Berry|[from] move: Knock Off|[of] p2a: Furret\n|move|p2b: Shiftry|Leaf Blade|p1b: Lanturn\n|-supereffective|p1b: Lanturn\n|-damage|p1b: Lanturn|0 fnt\n|faint|p1b: Lanturn\n|-damage|p2b: Shiftry|260/288|[from] item: Life Orb\n|move|p1a: Eelektross|Flamethrower|p2b: Shiftry\n|-supereffective|p2b: Shiftry\n|-damage|p2b: Shiftry|82/288\n|\n|upkeep\n|inactive|marco365 has 120 seconds left.\n|\n|t:|1770527002\n|switch|p1b: Masquerain|Masquerain, L90, F|272/272\n|-ability|p1b: Masquerain|Intimidate|boost\n|-unboost|p2a: Furret|atk|1\n|-unboost|p2b: Shiftry|atk|1\n|turn|2\n|\n|t:|1770527025\n|move|p2a: Furret|Follow Me|p2a: Furret\n|-singleturn|p2a: Furret|move: Follow Me\n|move|p1b: Masquerain|Quiver Dance|p1b: Masquerain\n|-boost|p1b: Masquerain|spa|1\n|-boost|p1b: Masquerain|spd|1\n|-boost|p1b: Masquerain|spe|1\n|move|p2b: Shiftry|Tailwind|p2b: Shiftry\n|-sidestart|p2: walnut3072|move: Tailwind\n|-ability|p2b: Shiftry|Wind Rider|boost\n|-boost|p2b: Shiftry|atk|1\n|move|p1a: Eelektross|Flamethrower|p2a: Furret\n|-damage|p2a: Furret|246/325\n|\n|upkeep\n|turn|3\n|inactive|marco365 has 120 seconds left.\n|\n|t:|1770527064\n|move|p2a: Furret|Body Slam|p1b: Masquerain\n|-damage|p1b: Masquerain|196/272\n|move|p2b: Shiftry|Knock Off|p1b: Masquerain\n|-damage|p1b: Masquerain|23/272\n|-enditem|p1b: Masquerain|Heavy-Duty Boots|[from] move: Knock Off|[of] p2b: Shiftry\n|-damage|p2b: Shiftry|54/288|[from] item: Life Orb\n|move|p1b: Masquerain|Quiver Dance|p1b: Masquerain\n|-boost|p1b: Masquerain|spa|1\n|-boost|p1b: Masquerain|spd|1\n|-boost|p1b: Masquerain|spe|1\n|move|p1a: Eelektross|Close Combat|p2b: Shiftry\n|-supereffective|p2b: Shiftry\n|-damage|p2b: Shiftry|0 fnt\n|-unboost|p1a: Eelektross|def|1\n|-unboost|p1a: Eelektross|spd|1\n|faint|p2b: Shiftry\n|\n|upkeep\n|inactive|walnut3072 has 120 seconds left.\n|\n|t:|1770527090\n|switch|p2b: Gallade|Gallade, L80, M|240/240\n|turn|4\n|inactive|walnut3072 has 120 seconds left.\n|\n|t:|1770527108\n|switch|p1b: Hoopa|Hoopa, L86|278/278\n|move|p2a: Furret|Body Slam|p1b: Hoopa\n|-immune|p1b: Hoopa\n|move|p2b: Gallade|Sacred Sword|p1a: Eelektross\n|-damage|p1a: Eelektross|21/286\n|move|p1a: Eelektross|Close Combat|p2a: Furret\n|-supereffective|p2a: Furret\n|-damage|p2a: Furret|40/325\n|-unboost|p1a: Eelektross|def|1\n|-unboost|p1a: Eelektross|spd|1\n|-enditem|p2a: Furret|Sitrus Berry|[eat]\n|-heal|p2a: Furret|121/325|[from] item: Sitrus Berry\n|\n|upkeep\n|turn|5\n|\n|t:|1770527138\n|switch|p1b: Masquerain|Masquerain, L90, F|23/272\n|-ability|p1b: Masquerain|Intimidate|boost\n|-unboost|p2a: Furret|atk|1\n|-unboost|p2b: Gallade|atk|1\n|move|p2a: Furret|Knock Off|p1b: Masquerain\n|-crit|p1b: Masquerain\n|-damage|p1b: Masquerain|0 fnt\n|faint|p1b: Masquerain\n|move|p2b: Gallade|Sacred Sword|p1a: Eelektross\n|-damage|p1a: Eelektross|0 fnt\n|faint|p1a: Eelektross\n|\n|-sideend|p2: walnut3072|move: Tailwind\n|upkeep\n|inactive|marco365 has 120 seconds left.\n|\n|t:|1770527155\n|switch|p1b: Politoed|Politoed, L82, F|282/282\n|switch|p1a: Virizion|Virizion, L86|297/297\n|-weather|RainDance|[from] ability: Drizzle|[of] p1b: Politoed\n|turn|6\n|inactive|marco365 has 120 seconds left.\n|inactive|walnut3072 has 120 seconds left.\n|\n|t:|1770527197\n|switch|p2a: Raichu|Raichu, L87, F|246/246\n|switch|p2b: Annihilape|Annihilape, L77, F|296/296\n|-terastallize|p1b: Politoed|Water\n|move|p1a: Virizion|Close Combat|p2a: Raichu\n|-damage|p2a: Raichu|77/246\n|-unboost|p1a: Virizion|def|1\n|-unboost|p1a: Virizion|spd|1\n|move|p1b: Politoed|Muddy Water|p2a: Raichu|[spread] p2a,p2b\n|-damage|p2a: Raichu|0 fnt\n|-damage|p2b: Annihilape|104/296\n|faint|p2a: Raichu\n|\n|-weather|RainDance|[upkeep]\n|-heal|p2b: Annihilape|122/296|[from] item: Leftovers\n|upkeep\n|\n|t:|1770527219\n|switch|p2a: Houndstone|Houndstone, L73, M|226/226\n|turn|7\n|\n|t:|1770527237\n|move|p1a: Virizion|Leaf Storm|p2b: Annihilape\n|-damage|p2b: Annihilape|0 fnt\n|-unboost|p1a: Virizion|spa|2\n|faint|p2b: Annihilape\n|move|p2a: Houndstone|Last Respects|p1b: Politoed\n|-damage|p1b: Politoed|81/282\n|move|p1b: Politoed|Muddy Water|p2a: Houndstone\n|-damage|p2a: Houndstone|0 fnt\n|faint|p2a: Houndstone\n|\n|-weather|RainDance|[upkeep]\n|upkeep\n|\n|t:|1770527251\n|switch|p2b: Gallade|Gallade, L80, M|240/240\n|switch|p2a: Furret|Furret, L98, F|121/325\n|-item|p1a: Virizion|Sitrus Berry|[from] ability: Frisk|[of] p2a: Furret\n|-item|p1b: Politoed|Choice Specs|[from] ability: Frisk|[of] p2a: Furret\n|turn|8\n|inactive|walnut3072 has 120 seconds left.\n|\n|t:|1770527273\n|move|p2a: Furret|Protect|p2a: Furret\n|-singleturn|p2a: Furret|Protect\n|move|p1a: Virizion|Close Combat|p2a: Furret\n|-activate|p2a: Furret|move: Protect\n|move|p2b: Gallade|Sacred Sword|p1a: Virizion\n|-damage|p1a: Virizion|8/297\n|-enditem|p1a: Virizion|Sitrus Berry|[eat]\n|-heal|p1a: Virizion|82/297|[from] item: Sitrus Berry\n|move|p1b: Politoed|Muddy Water|p2a: Furret|[spread] p2b\n|-activate|p2a: Furret|move: Protect\n|-damage|p2b: Gallade|92/240\n|\n|-weather|RainDance|[upkeep]\n|upkeep\n|turn|9\n|inactive|walnut3072 has 120 seconds left.\n|inactive|marco365 has 120 seconds left.\n|\n|t:|1770527314\n|-terastallize|p2a: Furret|Ghost\n|move|p1a: Virizion|Protect|p1a: Virizion\n|-singleturn|p1a: Virizion|Protect\n|move|p2a: Furret|Body Slam|p1b: Politoed\n|-damage|p1b: Politoed|0 fnt\n|faint|p1b: Politoed\n|move|p2b: Gallade|Sacred Sword|p1a: Virizion\n|-activate|p1a: Virizion|move: Protect\n|\n|-weather|RainDance|[upkeep]\n|upkeep\n|\n|t:|1770527327\n|switch|p1b: Hoopa|Hoopa, L86|278/278\n|turn|10\n|inactive|marco365 has 120 seconds left.\n|\n|t:|1770527357\n|move|p1b: Hoopa|Hyperspace Hole|p2a: Furret\n|-damage|p2a: Furret|0 fnt\n|faint|p2a: Furret\n|move|p1a: Virizion|Stone Edge|p2b: Gallade\n|-resisted|p2b: Gallade\n|-damage|p2b: Gallade|43/240\n|move|p2b: Gallade|Sacred Sword|p1a: Virizion\n|-damage|p1a: Virizion|0 fnt\n|faint|p1a: Virizion\n|\n|-weather|none\n|upkeep\n|turn|11\n|-message|walnut3072 forfeited.\n|\n|win|marco365\n|raw|marco365's rating: 1739 &rarr; <strong>1762</strong><br />(+23 for winning)\n|raw|walnut3072's rating: 1791 &rarr; <strong>1768</strong><br />(-23 for losing)\n|l|☆walnut3072\n|player|p2|\n", "inputlog": ">version ccdc32dd7cde25fd9e4bed64820e885f66e78a4e\n>start {\"formatid\":\"gen9randomdoublesbattle\",\"seed\":\"sodium,47178b3364dca70e88c28e5ee36aac9f\",\"rated\":\"Rated battle\"}\n>player p1 {\"name\":\"marco365\",\"avatar\":\"lucian\",\"rating\":1739,\"seed\":\"sodium,2df14f98557799159aad6c77c933fba7\"}\n>player p2 {\"name\":\"walnut3072\",\"avatar\":\"lucas\",\"rating\":1791,\"seed\":\"sodium,27b7dafbcf56e14c5922460b538f1693\"}\n>p1 move flamethrower +2, move electroweb\n>p2 move knockoff +2, move leafblade +2\n>p1 pass, switch 6\n>p1 move flamethrower +2, move quiverdance\n>p2 move followme, move tailwind\n>p1 move closecombat +2, move quiverdance\n>p2 move bodyslam +2, move knockoff +2\n>p2 pass, switch 4\n>p1 move closecombat +1, switch 3\n>p2 move bodyslam +2, move sacredsword +1\n>p1 move electroweb, switch 3\n>p2 move knockoff +2, move sacredsword +1\n>p1 switch 4, switch 5\n>p1 move closecombat +1, move muddywater terastallize\n>p2 switch 6, switch 3\n>p2 switch 5, pass\n>p1 move leafstorm +2, move muddywater\n>p2 move lastrespects +2, move ragefist +2\n>p2 switch 6, switch 3\n>p1 move closecombat +1, move muddywater\n>p2 move protect, move sacredsword +1\n>p1 move protect, move muddywater\n>p2 move bodyslam +2 terastallize, move sacredsword +1\n>p1 pass, switch 3\n>p1 move stoneedge +1, move hyperspacehole +1\n>p2 move knockoff +2, move sacredsword +1\n>forcelose p2", "uploadtime": 1770527374, "views": 101, "formatid": "gen9randomdoublesbattle", "rating": 1762, "private": 0, "password": null}