{"id": "gen9randomdoublesbattle-2536584186", "format": "[Gen 9] Random Doubles Battle", "players": ["baseballlover", "rungunpun"], "log": "|j|☆baseballlover\n|j|☆rungunpun\n|t:|1770710004\n|gametype|doubles\n|player|p1|baseballlover|2|1565\n|player|p2|rungunpun|265|1605\n|gen|9\n|tier|[Gen 9] Random Doubles Battle\n|rated|\n|rule|Species Clause: Limit one of each Pokémon\n|rule|HP Percentage Mod: HP is shown in percentages\n|rule|Illusion Level Mod: Illusion disguises the Pokémon's true level\n|rule|Sleep Clause Mod: Limit one foe put to sleep\n|\n|t:|1770710004\n|teamsize|p1|6\n|teamsize|p2|6\n|start\n|switch|p1a: Appletun|Appletun, L92, F|352/352\n|switch|p1b: Electabuzz|Electabuzz, L84, M|246/246\n|switch|p2a: Gumshoos|Gumshoos, L93, M|315/315\n|switch|p2b: Mimikyu|Mimikyu, L82, F|224/224\n|turn|1\n|inactive|Battle timer is ON: inactive players will automatically lose when time's up. (requested by baseballlover)\n|\n|t:|1770710032\n|move|p1b: Electabuzz|Electroweb|p2b: Mimikyu|[spread] p2a,p2b\n|-damage|p2a: Gumshoos|266/315\n|-activate|p2b: Mimikyu|ability: Disguise\n|-damage|p2b: Mimikyu|224/224\n|-unboost|p2a: Gumshoos|spe|1\n|-unboost|p2b: Mimikyu|spe|1\n|detailschange|p2b: Mimikyu|Mimikyu-Busted, L82, F\n|-damage|p2b: Mimikyu|196/224|[from] pokemon: Mimikyu-Busted\n|move|p2b: Mimikyu|Swords Dance|p2b: Mimikyu\n|-boost|p2b: Mimikyu|atk|2\n|move|p1a: Appletun|Leech Seed|p2b: Mimikyu\n|-start|p2b: Mimikyu|move: Leech Seed\n|move|p2a: Gumshoos|Knock Off|p1b: Electabuzz\n|-damage|p1b: Electabuzz|121/246\n|-status|p2a: Gumshoos|par|[from] ability: Static|[of] p1b: Electabuzz\n|-enditem|p1b: Electabuzz|Eviolite|[from] move: Knock Off|[of] p2a: Gumshoos\n|\n|-damage|p2b: Mimikyu|168/224|[from] Leech Seed|[of] p1a: Appletun\n|upkeep\n|turn|2\n|\n|t:|1770710054\n|move|p1b: Electabuzz|Electroweb|p2a: Gumshoos|[spread] p2a,p2b\n|-crit|p2b: Mimikyu\n|-damage|p2a: Gumshoos|215/315 par\n|-damage|p2b: Mimikyu|114/224\n|-unboost|p2a: Gumshoos|spe|1\n|-unboost|p2b: Mimikyu|spe|1\n|move|p1a: Appletun|Apple Acid|p2b: Mimikyu\n|-damage|p2b: Mimikyu|15/224\n|-unboost|p2b: Mimikyu|spd|1\n|move|p2b: Mimikyu|Play Rough|p1a: Appletun\n|-supereffective|p1a: Appletun\n|-damage|p1a: Appletun|0 fnt\n|faint|p1a: Appletun\n|-damage|p2b: Mimikyu|0 fnt|[from] item: Life Orb\n|faint|p2b: Mimikyu\n|cant|p2a: Gumshoos|par\n|\n|upkeep\n|inactive|baseballlover has 120 seconds left.\n|inactive|rungunpun has 120 seconds left.\n|\n|t:|1770710087\n|switch|p2b: Thundurus|Thundurus, L79, M|254/254\n|switch|p1a: Masquerain|Masquerain, L90, M|272/272\n|-ability|p1a: Masquerain|Intimidate|boost\n|-unboost|p2a: Gumshoos|atk|1\n|-unboost|p2b: Thundurus|atk|1\n|-ability|p2b: Thundurus|Defiant|boost\n|-boost|p2b: Thundurus|atk|2\n|turn|3\n|inactive|baseballlover has 120 seconds left.\n|\n|t:|1770710107\n|switch|p2a: Munkidori|Munkidori, L80, M|272/272\n|move|p1b: Electabuzz|Electroweb|p2a: Munkidori|[spread] p2a,p2b\n|-damage|p2a: Munkidori|241/272\n|-damage|p2b: Thundurus|205/254\n|-unboost|p2a: Munkidori|spe|1\n|-unboost|p2b: Thundurus|spe|1\n|-ability|p2b: Thundurus|Defiant|boost\n|-boost|p2b: Thundurus|atk|2\n|move|p1a: Masquerain|Quiver Dance|p1a: Masquerain\n|-boost|p1a: Masquerain|spa|1\n|-boost|p1a: Masquerain|spd|1\n|-boost|p1a: Masquerain|spe|1\n|move|p2b: Thundurus|Wildbolt Storm|p1b: Electabuzz|[spread] p1a,p1b\n|-supereffective|p1a: Masquerain\n|-resisted|p1b: Electabuzz\n|-damage|p1a: Masquerain|121/272\n|-damage|p1b: Electabuzz|65/246\n|-status|p1a: Masquerain|par\n|-damage|p2b: Thundurus|180/254|[from] item: Life Orb\n|\n|upkeep\n|turn|4\n|inactive|baseballlover has 120 seconds left.\n|inactive|rungunpun has 120 seconds left.\n|\n|t:|1770710146\n|switch|p2a: Gumshoos|Gumshoos, L93, M|215/315 par\n|move|p1b: Electabuzz|Thunderbolt|p2b: Thundurus\n|-damage|p2b: Thundurus|69/254\n|move|p2b: Thundurus|Wildbolt Storm|p1a: Masquerain|[spread] p1a,p1b\n|-supereffective|p1a: Masquerain\n|-resisted|p1b: Electabuzz\n|-damage|p1a: Masquerain|0 fnt\n|-damage|p1b: Electabuzz|7/246\n|faint|p1a: Masquerain\n|-damage|p2b: Thundurus|44/254|[from] item: Life Orb\n|\n|upkeep\n|\n|t:|1770710154\n|switch|p1a: Klawf|Klawf, L91, F|275/275\n|turn|5\n|\n|t:|1770710172\n|switch|p2b: Corviknight|Corviknight, L80, F|288/288\n|move|p1b: Electabuzz|Thunderbolt|p2a: Gumshoos\n|-damage|p2a: Gumshoos|107/315 par\n|move|p1a: Klawf|Rock Slide|p2b: Corviknight|[spread] p2a,p2b\n|-damage|p2a: Gumshoos|0 fnt\n|-damage|p2b: Corviknight|209/288\n|faint|p2a: Gumshoos\n|-damage|p1a: Klawf|248/275|[from] item: Life Orb\n|\n|-heal|p2b: Corviknight|227/288|[from] item: Leftovers\n|upkeep\n|\n|t:|1770710185\n|switch|p2a: Munkidori|Munkidori, L80, M|241/272\n|turn|6\n|\n|t:|1770710193\n|move|p2a: Munkidori|Fake Out|p1b: Electabuzz\n|-damage|p1b: Electabuzz|0 fnt\n|faint|p1b: Electabuzz\n|move|p1a: Klawf|High Horsepower|p2a: Munkidori\n|-supereffective|p2a: Munkidori\n|-damage|p2a: Munkidori|0 fnt\n|faint|p2a: Munkidori\n|-damage|p1a: Klawf|221/275|[from] item: Life Orb\n|move|p2b: Corviknight|Iron Defense|p2b: Corviknight\n|-boost|p2b: Corviknight|def|2\n|\n|-heal|p2b: Corviknight|245/288|[from] item: Leftovers\n|upkeep\n|\n|t:|1770710200\n|switch|p1b: Kyurem|Kyurem-White, L72|299/299\n|switch|p2a: Thundurus|Thundurus, L79, M|44/254\n|-ability|p1b: Kyurem|Turboblaze\n|turn|7\n|\n|t:|1770710222\n|-terastallize|p2b: Corviknight|Fighting\n|move|p2a: Thundurus|Wildbolt Storm|p1b: Kyurem|[spread] p1a,p1b\n|-resisted|p1b: Kyurem\n|-damage|p1a: Klawf|88/275\n|-damage|p1b: Kyurem|241/299\n|-damage|p2a: Thundurus|19/254|[from] item: Life Orb\n|move|p1a: Klawf|Rock Slide|p2b: Corviknight|[spread] p2a,p2b\n|-supereffective|p2a: Thundurus\n|-resisted|p2b: Corviknight\n|-damage|p2a: Thundurus|0 fnt\n|-damage|p2b: Corviknight|223/288\n|faint|p2a: Thundurus\n|-damage|p1a: Klawf|61/275|[from] item: Life Orb\n|move|p1b: Kyurem|Fusion Flare|p2b: Corviknight\n|-damage|p2b: Corviknight|128/288\n|move|p2b: Corviknight|Tailwind|p2b: Corviknight\n|-sidestart|p2: rungunpun|move: Tailwind\n|\n|-heal|p2b: Corviknight|146/288|[from] item: Leftovers\n|upkeep\n|inactive|rungunpun has 120 seconds left.\n|\n|t:|1770710241\n|switch|p2a: Veluza|Veluza, L88, F|302/302\n|turn|8\n|\n|t:|1770710257\n|move|p1a: Klawf|Protect|p1a: Klawf\n|-singleturn|p1a: Klawf|Protect\n|move|p1b: Kyurem|Protect|p1b: Kyurem\n|-singleturn|p1b: Kyurem|Protect\n|move|p2a: Veluza|Night Slash|p1a: Klawf\n|-activate|p1a: Klawf|move: Protect\n|move|p2b: Corviknight|Body Press|p1b: Kyurem\n|-activate|p1b: Kyurem|move: Protect\n|\n|-heal|p2b: Corviknight|164/288|[from] item: Leftovers\n|upkeep\n|turn|9\n|\n|t:|1770710271\n|-terastallize|p1b: Kyurem|Fire\n|move|p2a: Veluza|Night Slash|p1a: Klawf\n|-damage|p1a: Klawf|0 fnt\n|faint|p1a: Klawf\n|move|p2b: Corviknight|Body Press|p1b: Kyurem\n|-damage|p1b: Kyurem|66/299\n|move|p1b: Kyurem|Blizzard|p2b: Corviknight|[spread] p2a,p2b\n|-resisted|p2a: Veluza\n|-damage|p2a: Veluza|239/302\n|-damage|p2b: Corviknight|53/288\n|\n|-heal|p2b: Corviknight|71/288|[from] item: Leftovers\n|upkeep\n|\n|t:|1770710279\n|switch|p1a: Glimmora|Glimmora, L77, F|254/254\n|turn|10\n|\n|t:|1770710288\n|move|p1b: Kyurem|Protect|p1b: Kyurem\n|-singleturn|p1b: Kyurem|Protect\n|move|p1a: Glimmora|Spiky Shield|p1a: Glimmora\n|-singleturn|p1a: Glimmora|move: Protect\n|move|p2a: Veluza|Night Slash|p1b: Kyurem\n|-activate|p1b: Kyurem|move: Protect\n|move|p2b: Corviknight|Body Press|p1a: Glimmora\n|-activate|p1a: Glimmora|move: Protect\n|-damage|p2b: Corviknight|35/288|[from] Spiky Shield|[of] p1a: Glimmora\n|\n|-heal|p2b: Corviknight|53/288|[from] item: Leftovers\n|-sideend|p2: rungunpun|move: Tailwind\n|upkeep\n|turn|11\n|-message|rungunpun forfeited.\n|\n|win|baseballlover\n|raw|baseballlover's rating: 1565 &rarr; <strong>1587</strong><br />(+22 for winning)\n|raw|rungunpun's rating: 1605 &rarr; <strong>1583</strong><br />(-22 for losing)\n", "inputlog": ">version ccdc32dd7cde25fd9e4bed64820e885f66e78a4e\n>start {\"formatid\":\"gen9randomdoublesbattle\",\"seed\":\"sodium,6475b0a1237925b34591d9215f83f9dd\",\"rated\":\"Rated battle\"}\n>player p1 {\"name\":\"baseballlover\",\"avatar\":\"2\",\"rating\":1565,\"seed\":\"sodium,a9f9629d8762b29cb9e5bce107a76f7c\"}\n>player p2 {\"name\":\"rungunpun\",\"avatar\":\"265\",\"rating\":1605,\"seed\":\"sodium,2eae23ad434b294c4bd76ce6d4a7afa0\"}\n>p1 move leechseed +2, move electroweb\n>p2 move knockoff +2, move swordsdance\n>p1 move appleacid +2, move electroweb\n>p2 move knockoff +1, move playrough +1\n>p1 switch 4, pass\n>p2 pass, switch 3\n>p1 move quiverdance, move electroweb\n>p2 switch 6, move wildboltstorm\n>p1 move hydropump +2, move thunderbolt +2\n>p2 switch 6, move wildboltstorm\n>p1 switch 3, pass\n>p1 move rockslide, move thunderbolt +1\n>p2 move stompingtantrum +1, switch 4\n>p2 switch 6, pass\n>p1 move highhorsepower +1, move thunderbolt +2\n>p2 move fakeout +2, move irondefense\n>p1 pass, switch 5\n>p2 switch 4, pass\n>p1 move rockslide, move fusionflare +2\n>p2 move wildboltstorm, move tailwind terastallize\n>p2 switch 5, pass\n>p1 move protect, move protect\n>p2 move nightslash +1, move bodypress +2\n>p1 move knockoff +1, move blizzard terastallize\n>p2 move nightslash +1, move bodypress +2\n>p1 switch 6, pass\n>p1 move spikyshield, move protect\n>p2 move nightslash +2, move bodypress +1\n>forcelose p2", "uploadtime": 1770710296, "views": 62, "formatid": "gen9randomdoublesbattle", "rating": 1583, "private": 0, "password": null}