{"id": "gen9randomdoublesbattle-2540785570", "format": "[Gen 9] Random Doubles Battle", "players": ["BarrettC9", "JD989"], "log": "|j|☆BarrettC9\n|j|☆JD989\n|t:|1771253775\n|gametype|doubles\n|player|p1|BarrettC9|1|1682\n|player|p2|JD989|rocketgrunt|1724\n|gen|9\n|tier|[Gen 9] Random Doubles Battle\n|rated|\n|rule|Species Clause: Limit one of each Pokémon\n|rule|HP Percentage Mod: HP is shown in percentages\n|rule|Illusion Level Mod: Illusion disguises the Pokémon's true level\n|rule|Sleep Clause Mod: Limit one foe put to sleep\n|\n|t:|1771253775\n|teamsize|p1|6\n|teamsize|p2|6\n|start\n|switch|p1a: Poliwrath|Poliwrath, L90, F|308/308\n|switch|p1b: Ambipom|Ambipom, L87, F|272/272\n|switch|p2a: Quagsire|Quagsire, L91, F|321/321\n|switch|p2b: Garchomp|Garchomp, L77, F|293/293\n|turn|1\n|inactive|Battle timer is ON: inactive players will automatically lose when time's up. (requested by BarrettC9)\n|inactive|JD989 has 120 seconds left.\n|\n|t:|1771253809\n|move|p2b: Garchomp|Protect|p2b: Garchomp\n|-singleturn|p2b: Garchomp|Protect\n|move|p1b: Ambipom|Fake Out|p2a: Quagsire\n|-damage|p2a: Quagsire|248/321\n|move|p1a: Poliwrath|Icy Wind|p2b: Garchomp|[spread] p2a\n|-activate|p2b: Garchomp|move: Protect\n|-damage|p2a: Quagsire|214/321\n|-unboost|p2a: Quagsire|spe|1\n|cant|p2a: Quagsire|flinch\n|\n|-heal|p2a: Quagsire|234/321|[from] item: Leftovers\n|upkeep\n|turn|2\n|inactive|JD989 has 120 seconds left.\n|\n|t:|1771253857\n|switch|p2b: Magnezone|Magnezone, L84|255/255\n|move|p1b: Ambipom|Knock Off|p2b: Magnezone\n|-damage|p2b: Magnezone|193/255\n|-enditem|p2b: Magnezone|Sitrus Berry|[from] move: Knock Off|[of] p1b: Ambipom\n|move|p1a: Poliwrath|Icy Wind|p2a: Quagsire|[spread] p2a\n|-miss|p1a: Poliwrath|p2b: Magnezone\n|-damage|p2a: Quagsire|200/321\n|-unboost|p2a: Quagsire|spe|1\n|move|p2a: Quagsire|Yawn|p1a: Poliwrath\n|-start|p1a: Poliwrath|move: Yawn|[of] p2a: Quagsire\n|\n|-heal|p2a: Quagsire|220/321|[from] item: Leftovers\n|upkeep\n|turn|3\n|inactive|JD989 has 120 seconds left.\n|\n|t:|1771253890\n|switch|p1a: Wo-Chien|Wo-Chien, L85|283/283\n|-ability|p1a: Wo-Chien|Tablets of Ruin\n|move|p1b: Ambipom|Protect|p1b: Ambipom\n|-singleturn|p1b: Ambipom|Protect\n|move|p2b: Magnezone|Electroweb|p1b: Ambipom|[spread] p1a\n|-activate|p1b: Ambipom|move: Protect\n|-resisted|p1a: Wo-Chien\n|-damage|p1a: Wo-Chien|263/283\n|-unboost|p1a: Wo-Chien|spe|1\n|move|p2a: Quagsire|Liquidation|p1b: Ambipom\n|-activate|p1b: Ambipom|move: Protect\n|\n|-heal|p2a: Quagsire|240/321|[from] item: Leftovers\n|upkeep\n|turn|4\n|inactive|JD989 has 120 seconds left.\n|\n|t:|1771253912\n|switch|p1b: Hypno|Hypno, L95, F|315/315\n|switch|p2a: Arboliva|Arboliva, L88, M|281/281\n|move|p2b: Magnezone|Electroweb|p1a: Wo-Chien|[spread] p1a,p1b\n|-resisted|p1a: Wo-Chien\n|-damage|p1a: Wo-Chien|244/283\n|-damage|p1b: Hypno|273/315\n|-unboost|p1a: Wo-Chien|spe|1\n|-unboost|p1b: Hypno|spe|1\n|move|p1a: Wo-Chien|Leech Seed|p2b: Magnezone\n|-start|p2b: Magnezone|move: Leech Seed\n|\n|-damage|p2b: Magnezone|162/255|[from] Leech Seed|[of] p1a: Wo-Chien\n|-heal|p1a: Wo-Chien|275/283|[silent]\n|upkeep\n|turn|5\n|inactive|JD989 has 120 seconds left.\n|\n|t:|1771253942\n|switch|p2b: Mesprit|Mesprit, L86|278/278\n|move|p1b: Hypno|Low Sweep|p2a: Arboliva\n|-supereffective|p2a: Arboliva\n|-damage|p2a: Arboliva|211/281\n|-unboost|p2a: Arboliva|spe|1\n|-fieldstart|move: Grassy Terrain|[from] ability: Seed Sower|[of] p2a: Arboliva\n|move|p1a: Wo-Chien|Pollen Puff|p2a: Arboliva\n|-supereffective|p2a: Arboliva\n|-damage|p2a: Arboliva|103/281\n|move|p2a: Arboliva|Pollen Puff|p1a: Wo-Chien\n|-supereffective|p1a: Wo-Chien\n|-damage|p1a: Wo-Chien|0 fnt\n|faint|p1a: Wo-Chien\n|-damage|p2a: Arboliva|75/281|[from] item: Life Orb\n|\n|-heal|p1b: Hypno|292/315|[from] Grassy Terrain\n|-heal|p2a: Arboliva|92/281|[from] Grassy Terrain\n|upkeep\n|\n|t:|1771253960\n|switch|p1a: Ambipom|Ambipom, L87, F|272/272\n|turn|6\n|\n|t:|1771253975\n|switch|p2a: Quagsire|Quagsire, L91, F|240/321\n|move|p1a: Ambipom|Fake Out|p2b: Mesprit\n|-damage|p2b: Mesprit|209/278\n|cant|p2b: Mesprit|flinch\n|move|p1b: Hypno|Psychic|p2a: Quagsire\n|-damage|p2a: Quagsire|135/321\n|\n|-heal|p1b: Hypno|311/315|[from] Grassy Terrain\n|-heal|p2a: Quagsire|155/321|[from] Grassy Terrain\n|-heal|p2a: Quagsire|175/321|[from] item: Leftovers\n|upkeep\n|turn|7\n|inactive|JD989 has 120 seconds left.\n|\n|t:|1771254008\n|move|p1b: Hypno|Helping Hand|p1a: Ambipom\n|-singleturn|p1a: Ambipom|Helping Hand|[of] p1b: Hypno\n|move|p1a: Ambipom|Double-Edge|p2b: Mesprit\n|-damage|p2b: Mesprit|0 fnt\n|faint|p2b: Mesprit\n|-damage|p1a: Ambipom|203/272|[from] Recoil\n|move|p2a: Quagsire|Recover|p2a: Quagsire\n|-heal|p2a: Quagsire|321/321\n|\n|-heal|p1a: Ambipom|220/272|[from] Grassy Terrain\n|-heal|p1b: Hypno|315/315|[from] Grassy Terrain\n|upkeep\n|inactive|JD989 has 120 seconds left.\n|\n|t:|1771254024\n|switch|p2b: Magnezone|Magnezone, L84|162/255\n|turn|8\n|\n|t:|1771254031\n|move|p1a: Ambipom|Protect|p1a: Ambipom\n|-singleturn|p1a: Ambipom|Protect\n|move|p2b: Magnezone|Electroweb|p1b: Hypno|[spread] p1b\n|-activate|p1a: Ambipom|move: Protect\n|-damage|p1b: Hypno|278/315\n|-unboost|p1b: Hypno|spe|1\n|move|p2a: Quagsire|Yawn|p1b: Hypno\n|-start|p1b: Hypno|move: Yawn|[of] p2a: Quagsire\n|move|p1b: Hypno|Low Sweep|p2b: Magnezone\n|-supereffective|p2b: Magnezone\n|-crit|p2b: Magnezone\n|-damage|p2b: Magnezone|42/255\n|-unboost|p2b: Magnezone|spe|1\n|\n|-heal|p1a: Ambipom|237/272|[from] Grassy Terrain\n|-heal|p2b: Magnezone|57/255|[from] Grassy Terrain\n|-heal|p1b: Hypno|297/315|[from] Grassy Terrain\n|upkeep\n|turn|9\n|inactive|BarrettC9 has 120 seconds left.\n|\n|t:|1771254065\n|switch|p1b: Seviper|Seviper, L96, F|296/296\n|move|p1a: Ambipom|Knock Off|p2a: Quagsire\n|-damage|p2a: Quagsire|256/321\n|-enditem|p2a: Quagsire|Leftovers|[from] move: Knock Off|[of] p1a: Ambipom\n|move|p2a: Quagsire|Liquidation|p1a: Ambipom\n|-damage|p1a: Ambipom|113/272\n|move|p2b: Magnezone|Electroweb|p1b: Seviper|[spread] p1a,p1b\n|-damage|p1a: Ambipom|44/272\n|-damage|p1b: Seviper|235/296\n|-unboost|p1a: Ambipom|spe|1\n|-unboost|p1b: Seviper|spe|1\n|\n|-heal|p1a: Ambipom|61/272|[from] Grassy Terrain\n|-heal|p1b: Seviper|253/296|[from] Grassy Terrain\n|-heal|p2a: Quagsire|276/321|[from] Grassy Terrain\n|-heal|p2b: Magnezone|72/255|[from] Grassy Terrain\n|-fieldend|move: Grassy Terrain\n|upkeep\n|turn|10\n|inactive|JD989 has 120 seconds left.\n|\n|t:|1771254112\n|switch|p1a: Hypno|Hypno, L95, F|297/315\n|move|p1b: Seviper|Flamethrower|p2b: Magnezone\n|-supereffective|p2b: Magnezone\n|-damage|p2b: Magnezone|0 fnt\n|faint|p2b: Magnezone\n|-damage|p1b: Seviper|224/296|[from] item: Life Orb\n|move|p2a: Quagsire|High Horsepower|p1b: Seviper\n|-supereffective|p1b: Seviper\n|-damage|p1b: Seviper|0 fnt\n|faint|p1b: Seviper\n|\n|upkeep\n|\n|t:|1771254130\n|switch|p1b: Poliwrath|Poliwrath, L90, F|308/308\n|switch|p2b: Munkidori|Munkidori, L80, M|272/272\n|turn|11\n|inactive|BarrettC9 has 120 seconds left.\n|\n|t:|1771254160\n|switch|p1b: Slowking|Slowking, L88, F|310/310\n|move|p2b: Munkidori|Fake Out|p1b: Slowking\n|-damage|p1b: Slowking|289/310\n|-status|p1b: Slowking|tox|[from] ability: Toxic Chain|[of] p2b: Munkidori\n|move|p1a: Hypno|Psychic|p2b: Munkidori\n|-damage|p2b: Munkidori|208/272\n|move|p2a: Quagsire|Yawn|p1a: Hypno\n|-start|p1a: Hypno|move: Yawn|[of] p2a: Quagsire\n|\n|-damage|p1b: Slowking|270/310 tox|[from] psn\n|upkeep\n|turn|12\n|inactive|JD989 has 120 seconds left.\n|l|☆JD989\n|inactive|JD989 disconnected and has a minute to reconnect!\n|player|p2|\n|j|☆JD989\n|inactive|JD989 reconnected and has 85 seconds left.\n|player|p2|JD989|rocketgrunt|\n|inactive|JD989 has 60 seconds left.\n|\n|t:|1771254257\n|switch|p1a: Poliwrath|Poliwrath, L90, F|308/308\n|move|p2b: Munkidori|Psychic|p1a: Poliwrath\n|-supereffective|p1a: Poliwrath\n|-damage|p1a: Poliwrath|170/308\n|move|p2a: Quagsire|High Horsepower|p1a: Poliwrath\n|-damage|p1a: Poliwrath|79/308\n|move|p1b: Slowking|Psychic|p2b: Munkidori\n|-damage|p2b: Munkidori|118/272\n|-damage|p1b: Slowking|239/310 tox|[from] item: Life Orb\n|\n|-damage|p1b: Slowking|201/310 tox|[from] psn\n|upkeep\n|turn|13\n|inactive|JD989 has 60 seconds left.\n|inactive|BarrettC9 has 120 seconds left.\n|\n|t:|1771254316\n|switch|p1a: Hypno|Hypno, L95, F|297/315\n|move|p2b: Munkidori|Sludge Bomb|p1a: Hypno\n|-damage|p1a: Hypno|221/315\n|-status|p1a: Hypno|psn\n|move|p2a: Quagsire|High Horsepower|p1a: Hypno\n|-damage|p1a: Hypno|100/315 psn\n|-enditem|p1a: Hypno|Sitrus Berry|[eat]\n|-heal|p1a: Hypno|178/315 psn|[from] item: Sitrus Berry\n|move|p1b: Slowking|Psychic|p2b: Munkidori\n|-damage|p2b: Munkidori|28/272\n|-damage|p1b: Slowking|170/310 tox|[from] item: Life Orb\n|\n|-damage|p1a: Hypno|139/315 psn|[from] psn\n|-damage|p1b: Slowking|113/310 tox|[from] psn\n|upkeep\n|turn|14\n|inactive|JD989 has 60 seconds left.\n|inactive|BarrettC9 has 90 seconds left.\n|inactive|JD989 has 30 seconds left.\n|inactive|JD989 has 20 seconds left.\n|inactive|JD989 has 15 seconds left.\n|\n|t:|1771254375\n|move|p2b: Munkidori|Sludge Bomb|p1a: Hypno\n|-damage|p1a: Hypno|57/315 psn\n|move|p1a: Hypno|Psychic|p2b: Munkidori\n|-damage|p2b: Munkidori|0 fnt\n|faint|p2b: Munkidori\n|move|p2a: Quagsire|High Horsepower|p1a: Hypno\n|-damage|p1a: Hypno|0 fnt\n|faint|p1a: Hypno\n|move|p1b: Slowking|Trick Room|p1b: Slowking\n|-fieldstart|move: Trick Room|[of] p1b: Slowking\n|\n|-damage|p1b: Slowking|37/310 tox|[from] psn\n|upkeep\n|inactive|JD989 has 20 seconds left this turn.\n|inactive|JD989 has 15 seconds left.\n|inactive|JD989 has 10 seconds left.\n|\n|t:|1771254388\n|switch|p1a: Ambipom|Ambipom, L87, F|61/272\n|switch|p2b: Arboliva|Arboliva, L88, M|92/281\n|turn|15\n|inactive|JD989 has 30 seconds left.\n|\n|t:|1771254397\n|move|p2b: Arboliva|Protect|p2b: Arboliva\n|-singleturn|p2b: Arboliva|Protect\n|move|p1a: Ambipom|Fake Out|p2a: Quagsire\n|-damage|p2a: Quagsire|201/321\n|move|p1b: Slowking|Ice Beam|p2b: Arboliva\n|-activate|p2b: Arboliva|move: Protect\n|cant|p2a: Quagsire|flinch\n|\n|-damage|p1b: Slowking|0 fnt|[from] psn\n|faint|p1b: Slowking\n|upkeep\n|\n|t:|1771254399\n|switch|p1b: Poliwrath|Poliwrath, L90, F|79/308\n|turn|16\n|inactive|BarrettC9 has 120 seconds left.\n|\n|t:|1771254415\n|-terastallize|p1b: Poliwrath|Fire\n|move|p1a: Ambipom|Protect|p1a: Ambipom\n|-singleturn|p1a: Ambipom|Protect\n|move|p2a: Quagsire|High Horsepower|p1b: Poliwrath\n|-supereffective|p1b: Poliwrath\n|-damage|p1b: Poliwrath|0 fnt\n|faint|p1b: Poliwrath\n|move|p2b: Arboliva|Hyper Voice|p1a: Ambipom\n|-activate|p1a: Ambipom|move: Protect\n|\n|upkeep\n|turn|17\n|\n|t:|1771254438\n|move|p2a: Quagsire|High Horsepower|p1a: Ambipom\n|-damage|p1a: Ambipom|0 fnt\n|faint|p1a: Ambipom\n|\n|win|JD989\n|raw|BarrettC9's rating: 1682 &rarr; <strong>1664</strong><br />(-18 for losing)\n|raw|JD989's rating: 1724 &rarr; <strong>1742</strong><br />(+18 for winning)\n|l|☆BarrettC9\n|player|p1|\n", "inputlog": ">version 686819e5e19f8a7fd2345cfc5a08a5085efa2cc3\n>start {\"formatid\":\"gen9randomdoublesbattle\",\"seed\":\"sodium,f210618118f65c65ecf76943c3813ce8\",\"rated\":\"Rated battle\"}\n>player p1 {\"name\":\"BarrettC9\",\"avatar\":\"1\",\"rating\":1682,\"seed\":\"sodium,0a4d31a93025c7d153429e4206d9b38f\"}\n>player p2 {\"name\":\"JD989\",\"avatar\":\"rocketgrunt\",\"rating\":1724,\"seed\":\"sodium,3af809d6dc8856705e5ad616d1a5f64b\"}\n>p1 move icywind, move fakeout +1\n>p2 move yawn +2, move protect\n>p1 move icywind, move knockoff +2\n>p2 move yawn +1, switch 4\n>p1 switch 6, move protect\n>p2 move liquidation +2, move electroweb\n>p1 move leechseed +2, switch 4\n>p2 switch 6, move electroweb\n>p1 move pollenpuff +1, move lowsweep +1\n>p2 move pollenpuff +1, switch 3\n>p1 switch 4, pass\n>p1 move fakeout +2, move psychic +1\n>p2 switch 6, move psychic +1\n>p1 move doubleedge +2, move helpinghand -1\n>p2 move recover, move psychic +1\n>p2 pass, switch 3\n>p1 move protect, move lowsweep +2\n>p2 move yawn +2, move electroweb\n>p1 move knockoff +1, switch 3\n>p2 move liquidation +1, move electroweb\n>p1 switch 3, move flamethrower +2\n>p2 move highhorsepower +2, move electroweb\n>p1 pass, switch 6\n>p2 pass, switch 5\n>p1 move psychic +2, switch 5\n>p2 move yawn +1, move fakeout +2\n>p1 switch 5, move psychic +2\n>p2 move highhorsepower +1, move psychic +1\n>p1 switch 5, move psychic +2\n>p2 move highhorsepower +1, move sludgebomb +1\n>p1 move psychic +2, move trickroom\n>p2 move highhorsepower +1, move sludgebomb +1\n>p1 switch 3, pass\n>p2 pass, switch 6\n>p1 move fakeout +1, move icebeam +2\n>p2 move highhorsepower +1, move protect\n>p1 pass, switch 5\n>p1 move protect, move knockoff +2 terastallize\n>p2 move highhorsepower +2, move hypervoice\n>p1 move knockoff +2, pass\n>p2 move highhorsepower +1, move energyball +1", "uploadtime": 1771254464, "views": 8, "formatid": "gen9randomdoublesbattle", "rating": 1664, "private": 0, "password": null}