{"id": "gen9randomdoublesbattle-2537514928", "format": "[Gen 9] Random Doubles Battle", "players": ["HiRakkun", "Laikai"], "log": "|j|☆HiRakkun\n|j|☆Laikai\n|t:|1770823224\n|gametype|doubles\n|player|p1|HiRakkun|shadowtriad|1598\n|player|p2|Laikai|colress|1645\n|gen|9\n|tier|[Gen 9] Random Doubles Battle\n|rated|\n|rule|Species Clause: Limit one of each Pokémon\n|rule|HP Percentage Mod: HP is shown in percentages\n|rule|Illusion Level Mod: Illusion disguises the Pokémon's true level\n|rule|Sleep Clause Mod: Limit one foe put to sleep\n|\n|t:|1770823224\n|teamsize|p1|6\n|teamsize|p2|6\n|start\n|switch|p1a: Thundurus|Thundurus-Therian, L78, M|251/251\n|switch|p1b: Lugia|Lugia, L71|268/268\n|switch|p2a: Grimmsnarl|Grimmsnarl, L82, M|290/290\n|switch|p2b: Azumarill|Azumarill, L83, M|302/302\n|turn|1\n|\n|t:|1770823239\n|switch|p1b: Magmortar|Magmortar, L84, F|263/263\n|move|p2a: Grimmsnarl|Fake Out|p1a: Thundurus\n|-damage|p1a: Thundurus|206/251\n|cant|p1a: Thundurus|flinch\n|move|p2b: Azumarill|Knock Off|p1b: Magmortar\n|-damage|p1b: Magmortar|115/263\n|-enditem|p1b: Magmortar|Sitrus Berry|[from] move: Knock Off|[of] p2b: Azumarill\n|\n|upkeep\n|turn|2\n|\n|t:|1770823254\n|move|p1b: Magmortar|Follow Me|p1b: Magmortar\n|-singleturn|p1b: Magmortar|move: Follow Me\n|move|p2a: Grimmsnarl|Thunder Wave|p1b: Magmortar\n|-status|p1b: Magmortar|par\n|move|p1a: Thundurus|Nasty Plot|p1a: Thundurus\n|-boost|p1a: Thundurus|spa|2\n|move|p2b: Azumarill|Knock Off|p1b: Magmortar\n|-damage|p1b: Magmortar|13/263 par\n|-status|p2b: Azumarill|brn|[from] ability: Flame Body|[of] p1b: Magmortar\n|\n|-damage|p2b: Azumarill|284/302 brn|[from] brn\n|upkeep\n|turn|3\n|\n|t:|1770823310\n|move|p1b: Magmortar|Protect|p1b: Magmortar\n|-singleturn|p1b: Magmortar|Protect\n|move|p1a: Thundurus|Wildbolt Storm|p2b: Azumarill|[spread] p2b\n|-miss|p1a: Thundurus|p2a: Grimmsnarl\n|-supereffective|p2b: Azumarill\n|-damage|p2b: Azumarill|0 fnt\n|faint|p2b: Azumarill\n|-damage|p1a: Thundurus|181/251|[from] item: Life Orb\n|move|p2a: Grimmsnarl|Spirit Break|p1b: Magmortar\n|-activate|p1b: Magmortar|move: Protect\n|\n|upkeep\n|\n|t:|1770823324\n|switch|p2b: Sneasler|Sneasler, L77, F|250/250\n|turn|4\n|\n|t:|1770823339\n|move|p2b: Sneasler|Protect|p2b: Sneasler\n|-singleturn|p2b: Sneasler|Protect\n|move|p1a: Thundurus|Protect|p1a: Thundurus\n|-singleturn|p1a: Thundurus|Protect\n|move|p2a: Grimmsnarl|Spirit Break|p1b: Magmortar\n|-resisted|p1b: Magmortar\n|-damage|p1b: Magmortar|0 fnt\n|faint|p1b: Magmortar\n|\n|upkeep\n|\n|t:|1770823353\n|switch|p1b: Arceus|Arceus-Electric, L70|284/284\n|turn|5\n|\n|t:|1770823361\n|switch|p2a: Electrode|Electrode-Hisui, L88|249/249\n|move|p2b: Sneasler|Dire Claw|p1a: Thundurus\n|-damage|p1a: Thundurus|75/251\n|-status|p1a: Thundurus|psn\n|move|p1b: Arceus|Calm Mind|p1b: Arceus\n|-boost|p1b: Arceus|spa|1\n|-boost|p1b: Arceus|spd|1\n|move|p1a: Thundurus|Wildbolt Storm|p2a: Electrode|[spread] \n|-miss|p1a: Thundurus|p2a: Electrode\n|-miss|p1a: Thundurus|p2b: Sneasler\n|\n|-damage|p1a: Thundurus|44/251 psn|[from] psn\n|upkeep\n|turn|6\n|\n|t:|1770823385\n|move|p2a: Electrode|Energy Ball|p1a: Thundurus\n|-resisted|p1a: Thundurus\n|-damage|p1a: Thundurus|0 fnt\n|faint|p1a: Thundurus\n|move|p2b: Sneasler|Dire Claw|p1b: Arceus\n|-damage|p1b: Arceus|206/284\n|move|p1b: Arceus|Judgment|p2b: Sneasler\n|-damage|p2b: Sneasler|78/250\n|\n|upkeep\n|\n|t:|1770823395\n|switch|p1a: Florges|Florges-Blue, L84, F|268/268\n|turn|7\n|\n|t:|1770823403\n|-terastallize|p1a: Florges|Steel\n|move|p2b: Sneasler|Protect|p2b: Sneasler\n|-singleturn|p2b: Sneasler|Protect\n|move|p2a: Electrode|Electroweb|p1a: Florges|[spread] p1a,p1b\n|-resisted|p1b: Arceus\n|-damage|p1a: Florges|243/268\n|-damage|p1b: Arceus|194/284\n|-unboost|p1a: Florges|spe|1\n|-unboost|p1b: Arceus|spe|1\n|move|p1b: Arceus|Ice Beam|p2a: Electrode\n|-supereffective|p2a: Electrode\n|-damage|p2a: Electrode|81/249\n|-enditem|p2a: Electrode|Sitrus Berry|[eat]\n|-heal|p2a: Electrode|143/249|[from] item: Sitrus Berry\n|move|p1a: Florges|Calm Mind|p1a: Florges\n|-boost|p1a: Florges|spa|1\n|-boost|p1a: Florges|spd|1\n|\n|-heal|p1a: Florges|259/268|[from] item: Leftovers\n|upkeep\n|turn|8\n|\n|t:|1770823419\n|move|p1a: Florges|Protect|p1a: Florges\n|-singleturn|p1a: Florges|Protect\n|move|p2a: Electrode|Taunt|p1b: Arceus\n|-start|p1b: Arceus|move: Taunt\n|move|p2b: Sneasler|Close Combat|p1a: Florges\n|-activate|p1a: Florges|move: Protect\n|move|p1b: Arceus|Judgment|p2b: Sneasler\n|-damage|p2b: Sneasler|0 fnt\n|faint|p2b: Sneasler\n|\n|-heal|p1a: Florges|268/268|[from] item: Leftovers\n|upkeep\n|\n|t:|1770823422\n|switch|p2b: Flareon|Flareon, L90, M|263/263\n|turn|9\n|\n|t:|1770823437\n|switch|p1a: Lugia|Lugia, L71|268/268\n|move|p2b: Flareon|Protect|p2b: Flareon\n|-singleturn|p2b: Flareon|Protect\n|move|p2a: Electrode|Electroweb|p1a: Lugia|[spread] p1a,p1b\n|-supereffective|p1a: Lugia\n|-resisted|p1b: Arceus\n|-damage|p1a: Lugia|240/268\n|-damage|p1b: Arceus|182/284\n|-unboost|p1a: Lugia|spe|1\n|-unboost|p1b: Arceus|spe|1\n|move|p1b: Arceus|Judgment|p2b: Flareon\n|-activate|p2b: Flareon|move: Protect\n|\n|-heal|p1a: Lugia|256/268|[from] item: Leftovers\n|-status|p2b: Flareon|tox|[from] item: Toxic Orb\n|upkeep\n|turn|10\n|\n|t:|1770823454\n|-terastallize|p2b: Flareon|Normal\n|move|p2a: Electrode|Thunderbolt|p1a: Lugia\n|-supereffective|p1a: Lugia\n|-damage|p1a: Lugia|118/268\n|move|p2b: Flareon|Facade|p1b: Arceus\n|-damage|p1b: Arceus|0 fnt\n|faint|p1b: Arceus\n|move|p1a: Lugia|Earth Power|p2b: Flareon\n|-damage|p2b: Flareon|230/263 tox\n|\n|-heal|p1a: Lugia|134/268|[from] item: Leftovers\n|-damage|p2b: Flareon|214/263 tox|[from] psn\n|upkeep\n|\n|t:|1770823464\n|switch|p1b: Hoopa|Hoopa, L86|278/278\n|turn|11\n|\n|t:|1770823475\n|switch|p2b: Grimmsnarl|Grimmsnarl, L82, M|290/290\n|move|p2a: Electrode|Electroweb|p1a: Lugia|[spread] p1a,p1b\n|-supereffective|p1a: Lugia\n|-damage|p1a: Lugia|68/268\n|-damage|p1b: Hoopa|247/278\n|-unboost|p1a: Lugia|spe|1\n|-unboost|p1b: Hoopa|spe|1\n|move|p1b: Hoopa|Focus Blast|p2b: Grimmsnarl|[miss]\n|-miss|p1b: Hoopa|p2b: Grimmsnarl\n|move|p1a: Lugia|Recover|p1a: Lugia\n|-heal|p1a: Lugia|202/268\n|\n|-heal|p1a: Lugia|218/268|[from] item: Leftovers\n|upkeep\n|turn|12\n|\n|t:|1770823491\n|move|p2a: Electrode|Thunderbolt|p1a: Lugia\n|-supereffective|p1a: Lugia\n|-damage|p1a: Lugia|86/268\n|move|p2b: Grimmsnarl|Spirit Break|p1b: Hoopa\n|-damage|p1b: Hoopa|130/278\n|-unboost|p1b: Hoopa|spa|1\n|move|p1b: Hoopa|Hyperspace Hole|p2a: Electrode\n|-damage|p2a: Electrode|38/249\n|-damage|p1b: Hoopa|103/278|[from] item: Life Orb\n|move|p1a: Lugia|Calm Mind|p1a: Lugia\n|-boost|p1a: Lugia|spa|1\n|-boost|p1a: Lugia|spd|1\n|\n|-heal|p1a: Lugia|102/268|[from] item: Leftovers\n|upkeep\n|turn|13\n|\n|t:|1770823509\n|move|p1b: Hoopa|Protect|p1b: Hoopa\n|-singleturn|p1b: Hoopa|Protect\n|move|p2a: Electrode|Taunt|p1a: Lugia\n|-start|p1a: Lugia|move: Taunt\n|move|p2b: Grimmsnarl|Spirit Break|p1b: Hoopa\n|-activate|p1b: Hoopa|move: Protect\n|cant|p1a: Lugia|move: Taunt|Recover\n|\n|-heal|p1a: Lugia|118/268|[from] item: Leftovers\n|upkeep\n|turn|14\n|\n|t:|1770823523\n|switch|p1b: Florges|Florges-Blue, L84, F, tera:Steel|268/268\n|move|p2b: Grimmsnarl|Sucker Punch||[still]\n|-fail|p2b: Grimmsnarl\n|move|p2a: Electrode|Thunderbolt|p1a: Lugia\n|-supereffective|p1a: Lugia\n|-damage|p1a: Lugia|20/268\n|move|p1a: Lugia|Aeroblast|p2a: Electrode\n|-damage|p2a: Electrode|0 fnt\n|faint|p2a: Electrode\n|\n|-heal|p1a: Lugia|36/268|[from] item: Leftovers\n|upkeep\n|\n|t:|1770823526\n|switch|p2a: Flareon|Flareon, L90, M, tera:Normal|214/263 tox\n|turn|15\n|\n|t:|1770823537\n|switch|p1a: Hoopa|Hoopa, L86|103/278\n|move|p2b: Grimmsnarl|Sucker Punch||[still]\n|-fail|p2b: Grimmsnarl\n|move|p1b: Florges|Moonblast|p2a: Flareon\n|-damage|p2a: Flareon|132/263 tox\n|move|p2a: Flareon|Flare Blitz|p1b: Florges\n|-supereffective|p1b: Florges\n|-damage|p1b: Florges|0 fnt\n|faint|p1b: Florges\n|-damage|p2a: Flareon|44/263 tox|[from] Recoil\n|\n|-damage|p2a: Flareon|28/263 tox|[from] psn\n|upkeep\n|\n|t:|1770823546\n|switch|p1b: Lugia|Lugia, L71|36/268\n|turn|16\n|\n|t:|1770823555\n|move|p2a: Flareon|Quick Attack|p1b: Lugia\n|-damage|p1b: Lugia|0 fnt\n|faint|p1b: Lugia\n|move|p2b: Grimmsnarl|Thunder Wave|p1a: Hoopa\n|-status|p1a: Hoopa|par\n|move|p1a: Hoopa|Focus Blast|p2b: Grimmsnarl\n|-damage|p2b: Grimmsnarl|98/290\n|-enditem|p2b: Grimmsnarl|Sitrus Berry|[eat]\n|-heal|p2b: Grimmsnarl|170/290|[from] item: Sitrus Berry\n|-damage|p1a: Hoopa|76/278 par|[from] item: Life Orb\n|\n|-damage|p2a: Flareon|0 fnt|[from] psn\n|faint|p2a: Flareon\n|upkeep\n|\n|t:|1770823559\n|switch|p2a: Forretress|Forretress, L90, F|281/281\n|turn|17\n|-message|HiRakkun forfeited.\n|\n|win|Laikai\n|raw|HiRakkun's rating: 1598 &rarr; <strong>1581</strong><br />(-17 for losing)\n|raw|Laikai's rating: 1645 &rarr; <strong>1662</strong><br />(+17 for winning)\n|l|☆HiRakkun\n|player|p1|\n", "inputlog": ">version ccdc32dd7cde25fd9e4bed64820e885f66e78a4e\n>start {\"formatid\":\"gen9randomdoublesbattle\",\"seed\":\"sodium,c837721e429c03403fa3294198fa4495\",\"rated\":\"Rated battle\"}\n>player p1 {\"name\":\"HiRakkun\",\"avatar\":\"shadowtriad\",\"rating\":1598,\"seed\":\"sodium,de3414ae605be421b5c48273a81d4b81\"}\n>player p2 {\"name\":\"Laikai\",\"avatar\":\"colress\",\"rating\":1645,\"seed\":\"sodium,34a14c86b0e5a9aafe41578dbbfa5dcb\"}\n>p1 move nastyplot, switch 4\n>p2 move fakeout +1, move knockoff +2\n>p1 move nastyplot, move followme\n>p2 move thunderwave +2, move knockoff +1\n>p1 move wildboltstorm, move protect\n>p2 move spiritbreak +2, move knockoff +1\n>p2 pass, switch 6\n>p1 move protect, move heatwave\n>p2 move spiritbreak +2, move protect\n>p1 pass, switch 3\n>p1 move wildboltstorm, move calmmind\n>p2 switch 5, move direclaw +1\n>p1 move wildboltstorm, move judgment +2\n>p2 move energyball +1, move direclaw +2\n>p1 switch 6, pass\n>p1 move calmmind terastallize, move icebeam +1\n>p2 move electroweb, move protect\n>p1 move protect, move judgment +2\n>p2 move taunt +2, move closecombat +1\n>p2 pass, switch 4\n>p1 switch 4, move judgment +2\n>p2 move electroweb, move protect\n>p1 move earthpower +2, move judgment +2\n>p2 move thunderbolt +1, move facade +2 terastallize\n>p1 pass, switch 5\n>p1 move recover, move focusblast +2\n>p2 move electroweb, switch 5\n>p1 move calmmind, move hyperspacehole +1\n>p2 move thunderbolt +1, move spiritbreak +2\n>p1 move recover, move protect\n>p2 move taunt +1, move spiritbreak +2\n>p1 move aeroblast +1, switch 4\n>p2 move thunderbolt +1, move suckerpunch +2\n>p2 switch 5, pass\n>p1 switch 4, move moonblast +1\n>p2 move flareblitz +2, move suckerpunch +1\n>p1 pass, switch 4\n>p1 move focusblast +2, move recover\n>p2 move quickattack +2, move thunderwave +1\n>p2 switch 3, pass\n>forcelose p1", "uploadtime": 1770823572, "views": 65, "formatid": "gen9randomdoublesbattle", "rating": 1581, "private": 0, "password": null}