{"id": "gen9randomdoublesbattle-2540743397", "format": "[Gen 9] Random Doubles Battle", "players": ["kelbankelban", "LazzarinoCominazzo"], "log": "|j|☆kelbankelban\n|j|☆LazzarinoCominazzo\n|t:|1771248708\n|gametype|doubles\n|player|p1|kelbankelban|cheryl|1781\n|player|p2|LazzarinoCominazzo|265|1688\n|gen|9\n|tier|[Gen 9] Random Doubles Battle\n|rated|\n|rule|Species Clause: Limit one of each Pokémon\n|rule|HP Percentage Mod: HP is shown in percentages\n|rule|Illusion Level Mod: Illusion disguises the Pokémon's true level\n|rule|Sleep Clause Mod: Limit one foe put to sleep\n|\n|t:|1771248708\n|teamsize|p1|6\n|teamsize|p2|6\n|start\n|switch|p1a: Espeon|Espeon, L84, F|246/246\n|switch|p1b: Tropius|Tropius, L94, M|339/339\n|switch|p2a: Klefki|Klefki, L81, M|225/225\n|switch|p2b: Cyclizar|Cyclizar, L87, F|264/264\n|turn|1\n|inactive|Battle timer is ON: inactive players will automatically lose when time's up. (requested by kelbankelban)\n|inactive|LazzarinoCominazzo has 120 seconds left.\n|\n|t:|1771248740\n|switch|p1b: Raging Bolt|Raging Bolt, L77|319/319\n|move|p2a: Klefki|Light Screen|p2a: Klefki\n|-sidestart|p2: LazzarinoCominazzo|move: Light Screen\n|move|p2b: Cyclizar|Shed Tail|p2b: Cyclizar\n|-start|p2b: Cyclizar|Substitute|[from] move: Shed Tail\n|-damage|p2b: Cyclizar|132/264\n|\n|t:|1771248755\n|switch|p2b: Gengar|Gengar, L84, M|238/238|[from] Shed Tail\n|move|p1a: Espeon|Psychic|p2b: Gengar\n|-supereffective|p2b: Gengar\n|-end|p2b: Gengar|Substitute\n|-damage|p1a: Espeon|222/246|[from] item: Life Orb\n|\n|upkeep\n|turn|2\n|\n|t:|1771248777\n|move|p2a: Klefki|Reflect|p2a: Klefki\n|-sidestart|p2: LazzarinoCominazzo|Reflect\n|move|p2b: Gengar|Shadow Ball|p1a: Espeon\n|-supereffective|p1a: Espeon\n|-damage|p1a: Espeon|0 fnt\n|faint|p1a: Espeon\n|move|p1b: Raging Bolt|Thunderbolt|p2b: Gengar\n|-damage|p2b: Gengar|139/238\n|-status|p2b: Gengar|par\n|-start|p1b: Raging Bolt|Disable|Thunderbolt|[from] ability: Cursed Body|[of] p2b: Gengar\n|-damage|p1b: Raging Bolt|288/319|[from] item: Life Orb\n|\n|upkeep\n|inactive|kelbankelban has 120 seconds left.\n|\n|t:|1771248797\n|switch|p1a: Mewtwo|Mewtwo, L73|275/275\n|-ability|p1a: Mewtwo|Unnerve\n|turn|3\n|inactive|kelbankelban has 120 seconds left.\n|\n|t:|1771248823\n|-end|p1b: Raging Bolt|Protosynthesis|[silent]\n|switch|p1b: Swalot|Swalot, L90, F|326/326\n|move|p1a: Mewtwo|Psystrike|p2b: Gengar\n|-supereffective|p2b: Gengar\n|-damage|p2b: Gengar|0 fnt\n|-start|p1a: Mewtwo|Disable|Psystrike|[from] ability: Cursed Body|[of] p2b: Gengar\n|faint|p2b: Gengar\n|move|p2a: Klefki|Dazzling Gleam|p1b: Swalot|[spread] p1a,p1b\n|-resisted|p1b: Swalot\n|-damage|p1a: Mewtwo|218/275\n|-damage|p1b: Swalot|299/326\n|\n|-heal|p1a: Mewtwo|235/275|[from] item: Leftovers\n|upkeep\n|\n|t:|1771248843\n|switch|p2b: Cyclizar|Cyclizar, L87, F|220/264\n|turn|4\n|\n|t:|1771248867\n|move|p2a: Klefki|Thunder Wave|p1b: Swalot\n|-status|p1b: Swalot|par\n|move|p2b: Cyclizar|Knock Off|p1a: Mewtwo\n|-supereffective|p1a: Mewtwo\n|-damage|p1a: Mewtwo|14/275\n|-enditem|p1a: Mewtwo|Leftovers|[from] move: Knock Off|[of] p2b: Cyclizar\n|-damage|p2b: Cyclizar|194/264|[from] item: Life Orb\n|move|p1a: Mewtwo|Aura Sphere|p2b: Cyclizar\n|-supereffective|p2b: Cyclizar\n|-damage|p2b: Cyclizar|97/264\n|cant|p1b: Swalot|par\n|\n|upkeep\n|turn|5\n|inactive|LazzarinoCominazzo has 120 seconds left.\n|\n|t:|1771248898\n|switch|p1a: Raging Bolt|Raging Bolt, L77|288/319\n|move|p2b: Cyclizar|Knock Off|p1b: Swalot\n|-damage|p1b: Swalot|205/326 par\n|-enditem|p1b: Swalot|Figy Berry|[from] move: Knock Off|[of] p2b: Cyclizar\n|-damage|p2b: Cyclizar|71/264|[from] item: Life Orb\n|move|p2a: Klefki|Dazzling Gleam|p1a: Raging Bolt|[spread] p1a,p1b\n|-supereffective|p1a: Raging Bolt\n|-resisted|p1b: Swalot\n|-damage|p1a: Raging Bolt|184/319\n|-damage|p1b: Swalot|178/326 par\n|move|p1b: Swalot|Encore|p2a: Klefki\n|-start|p2a: Klefki|Encore\n|\n|upkeep\n|turn|6\n|\n|t:|1771248920\n|switch|p2b: Arboliva|Arboliva, L88, M|281/281\n|move|p1a: Raging Bolt|Protect|p1a: Raging Bolt\n|-singleturn|p1a: Raging Bolt|Protect\n|move|p2a: Klefki|Dazzling Gleam|p1b: Swalot|[spread] p1b\n|-activate|p1a: Raging Bolt|move: Protect\n|-resisted|p1b: Swalot\n|-damage|p1b: Swalot|152/326 par\n|move|p1b: Swalot|Toxic Spikes|p2a: Klefki\n|-sidestart|p2: LazzarinoCominazzo|move: Toxic Spikes\n|\n|upkeep\n|turn|7\n|\n|t:|1771248939\n|-end|p1a: Raging Bolt|Protosynthesis|[silent]\n|switch|p1a: Mewtwo|Mewtwo, L73|14/275\n|-ability|p1a: Mewtwo|Unnerve\n|-terastallize|p2b: Arboliva|Normal\n|move|p2a: Klefki|Dazzling Gleam|p1a: Mewtwo|[spread] p1a,p1b\n|-resisted|p1b: Swalot\n|-damage|p1a: Mewtwo|0 fnt\n|-damage|p1b: Swalot|128/326 par\n|faint|p1a: Mewtwo\n|move|p2b: Arboliva|Hyper Voice|p1b: Swalot\n|-damage|p1b: Swalot|0 fnt\n|faint|p1b: Swalot\n|-damage|p2b: Arboliva|253/281|[from] item: Life Orb\n|\n|upkeep\n|\n|t:|1771248955\n|switch|p1a: Lurantis|Lurantis, L85, M|258/258\n|switch|p1b: Tropius|Tropius, L94, M|339/339\n|turn|8\n|\n|t:|1771248972\n|switch|p2b: Toxapex|Toxapex, L92, F|241/241\n|-sideend|p2: LazzarinoCominazzo|move: Toxic Spikes|[of] p2b: Toxapex\n|move|p2a: Klefki|Dazzling Gleam|p1b: Tropius|[spread] p1a,p1b\n|-damage|p1a: Lurantis|227/258\n|-damage|p1b: Tropius|290/339\n|move|p1b: Tropius|Tailwind|p1b: Tropius\n|-sidestart|p1: kelbankelban|move: Tailwind\n|move|p1a: Lurantis|Superpower|p2b: Toxapex\n|-resisted|p2b: Toxapex\n|-damage|p2b: Toxapex|222/241\n|-boost|p1a: Lurantis|atk|1\n|-boost|p1a: Lurantis|def|1\n|\n|-heal|p2b: Toxapex|237/241|[from] item: Leftovers\n|-end|p2a: Klefki|Encore\n|-sideend|p2: LazzarinoCominazzo|move: Light Screen\n|upkeep\n|turn|9\n|\n|t:|1771249001\n|-terastallize|p1a: Lurantis|Stellar\n|move|p2a: Klefki|Light Screen|p2a: Klefki\n|-sidestart|p2: LazzarinoCominazzo|move: Light Screen\n|move|p1b: Tropius|Hurricane|p2b: Toxapex\n|-damage|p2b: Toxapex|185/241\n|move|p1a: Lurantis|Leaf Storm|p2b: Toxapex\n|-damage|p2b: Toxapex|113/241\n|-boost|p1a: Lurantis|spa|2\n|move|p2b: Toxapex|Toxic|p1a: Lurantis\n|-status|p1a: Lurantis|tox\n|\n|-heal|p2b: Toxapex|128/241|[from] item: Leftovers\n|-damage|p1a: Lurantis|211/258 tox|[from] psn\n|-sideend|p2: LazzarinoCominazzo|Reflect\n|upkeep\n|turn|10\n|\n|t:|1771249024\n|move|p2a: Klefki|Reflect|p2a: Klefki\n|-sidestart|p2: LazzarinoCominazzo|Reflect\n|move|p1b: Tropius|Energy Ball|p2b: Toxapex\n|-damage|p2b: Toxapex|87/241\n|move|p1a: Lurantis|Leaf Storm|p2b: Toxapex\n|-damage|p2b: Toxapex|0 fnt\n|-boost|p1a: Lurantis|spa|2\n|faint|p2b: Toxapex\n|\n|-damage|p1a: Lurantis|179/258 tox|[from] psn\n|upkeep\n|inactive|LazzarinoCominazzo has 120 seconds left.\n|\n|t:|1771249045\n|switch|p2b: Chesnaught|Chesnaught, L86, F|292/292\n|turn|11\n|\n|t:|1771249058\n|move|p2b: Chesnaught|Spiky Shield|p2b: Chesnaught\n|-singleturn|p2b: Chesnaught|move: Protect\n|move|p2a: Klefki|Thunder Wave|p1b: Tropius\n|-status|p1b: Tropius|par\n|move|p1a: Lurantis|Tera Blast|p2b: Chesnaught|[anim] Tera Blast Stellar\n|-activate|p2b: Chesnaught|move: Protect\n|move|p1b: Tropius|Hurricane|p2b: Chesnaught\n|-activate|p2b: Chesnaught|move: Protect\n|\n|-damage|p1a: Lurantis|131/258 tox|[from] psn\n|-sideend|p1: kelbankelban|move: Tailwind\n|upkeep\n|turn|12\n|\n|t:|1771249083\n|move|p2a: Klefki|Dazzling Gleam|p1a: Lurantis|[spread] p1a,p1b\n|-damage|p1a: Lurantis|95/258 tox\n|-damage|p1b: Tropius|242/339 par\n|move|p2b: Chesnaught|Body Press|p1a: Lurantis\n|-damage|p1a: Lurantis|31/258 tox\n|move|p1a: Lurantis|Superpower|p2a: Klefki\n|-damage|p2a: Klefki|121/225\n|-boost|p1a: Lurantis|atk|1\n|-boost|p1a: Lurantis|def|1\n|move|p1b: Tropius|Tailwind|p1b: Tropius\n|-sidestart|p1: kelbankelban|move: Tailwind\n|\n|-damage|p1a: Lurantis|0 fnt|[from] psn\n|faint|p1a: Lurantis\n|upkeep\n|\n|t:|1771249098\n|switch|p1a: Raging Bolt|Raging Bolt, L77|184/319\n|turn|13\n|\n|t:|1771249106\n|move|p1a: Raging Bolt|Thunderbolt|p2a: Klefki\n|-damage|p2a: Klefki|22/225\n|-damage|p1a: Raging Bolt|153/319|[from] item: Life Orb\n|move|p2a: Klefki|Dazzling Gleam|p1a: Raging Bolt|[spread] p1a,p1b\n|-supereffective|p1a: Raging Bolt\n|-damage|p1a: Raging Bolt|51/319\n|-damage|p1b: Tropius|194/339 par\n|move|p2b: Chesnaught|Body Press|p1a: Raging Bolt\n|-damage|p1a: Raging Bolt|0 fnt\n|faint|p1a: Raging Bolt\n|-end|p1a: Raging Bolt|Protosynthesis|[silent]\n|move|p1b: Tropius|Hurricane|p2b: Chesnaught\n|-supereffective|p2b: Chesnaught\n|-damage|p2b: Chesnaught|0 fnt\n|faint|p2b: Chesnaught\n|\n|upkeep\n|c|☆kelbankelban|gg\n|\n|t:|1771249123\n|switch|p2b: Arboliva|Arboliva, L88, M, tera:Normal|253/281\n|turn|14\n|\n|t:|1771249128\n|move|p2a: Klefki|Dazzling Gleam|p1b: Tropius\n|-damage|p1b: Tropius|131/339 par\n|-enditem|p1b: Tropius|Sitrus Berry|[eat]\n|-heal|p1b: Tropius|215/339 par|[from] item: Sitrus Berry\n|cant|p1b: Tropius|par\n|move|p2b: Arboliva|Hyper Voice|p1b: Tropius\n|-damage|p1b: Tropius|28/339 par\n|-damage|p2b: Arboliva|225/281|[from] item: Life Orb\n|\n|upkeep\n|turn|15\n|\n|t:|1771249140\n|move|p2a: Klefki|Dazzling Gleam|p1b: Tropius\n|-damage|p1b: Tropius|0 fnt\n|faint|p1b: Tropius\n|\n|win|LazzarinoCominazzo\n|raw|kelbankelban's rating: 1781 &rarr; <strong>1756</strong><br />(-25 for losing)\n|raw|LazzarinoCominazzo's rating: 1688 &rarr; <strong>1713</strong><br />(+25 for winning)\n", "inputlog": ">version 686819e5e19f8a7fd2345cfc5a08a5085efa2cc3\n>start {\"formatid\":\"gen9randomdoublesbattle\",\"seed\":\"sodium,b6d6b0ade7fb5ab1f3e667f87c26733e\",\"rated\":\"Rated battle\"}\n>player p1 {\"name\":\"kelbankelban\",\"avatar\":\"cheryl\",\"rating\":1781,\"seed\":\"sodium,a254d5bcf58e7c4cac1233e31e55cc9b\"}\n>player p2 {\"name\":\"LazzarinoCominazzo\",\"avatar\":\"265\",\"rating\":1688,\"seed\":\"sodium,1fac336093245edde5013e77fe2352b6\"}\n>p1 move psychic +2, switch 4\n>p2 move lightscreen, move shedtail\n>p2 pass, switch 5\n>p1 move psychic +2, move thunderbolt +2\n>p2 move reflect, move shadowball +1\n>p1 switch 6, pass\n>p1 move psystrike +2, switch 5\n>p2 move dazzlinggleam, move shadowball +1\n>p2 pass, switch 5\n>p1 move aurasphere +2, move toxicspikes\n>p2 move thunderwave +2, move knockoff +1\n>p1 switch 5, move encore +1\n>p2 move dazzlinggleam, move knockoff +2\n>p1 move protect, move toxicspikes\n>p2 move dazzlinggleam, switch 3\n>p1 switch 5, move toxicspikes\n>p2 move dazzlinggleam, move hypervoice terastallize\n>p1 switch 3, switch 4\n>p1 move superpower +2, move tailwind\n>p2 move dazzlinggleam, switch 6\n>p1 move leafstorm +2 terastallize, move hurricane +2\n>p2 move lightscreen, move toxic +1\n>p1 move leafstorm +2, move energyball +2\n>p2 move reflect, move infestation +1\n>p2 pass, switch 4\n>p1 move terablast +2, move hurricane +2\n>p2 move thunderwave +2, move spikyshield\n>p1 move superpower +1, move tailwind\n>p2 move dazzlinggleam, move bodypress +1\n>p1 switch 5, pass\n>p1 move thunderbolt +1, move hurricane +2\n>p2 move dazzlinggleam, move bodypress +1\n>chat ☆kelbankelban|gg\n>p2 pass, switch 6\n>p1 pass, move hurricane +2\n>p2 move dazzlinggleam, move hypervoice\n>p1 pass, move energyball +2\n>p2 move dazzlinggleam, move hypervoice", "uploadtime": 1771249146, "views": 19, "formatid": "gen9randomdoublesbattle", "rating": 1713, "private": 0, "password": null}