{"id": "gen9randomdoublesbattle-2540118893", "format": "[Gen 9] Random Doubles Battle", "players": ["turtlekebab", "Deathbang"], "log": "|j|☆turtlekebab\n|j|☆Deathbang\n|t:|1771164667\n|gametype|doubles\n|player|p1|turtlekebab|102|1573\n|player|p2|Deathbang|swimmerf-gen4|1517\n|gen|9\n|tier|[Gen 9] Random Doubles Battle\n|rated|\n|rule|Species Clause: Limit one of each Pokémon\n|rule|HP Percentage Mod: HP is shown in percentages\n|rule|Illusion Level Mod: Illusion disguises the Pokémon's true level\n|rule|Sleep Clause Mod: Limit one foe put to sleep\n|\n|t:|1771164667\n|teamsize|p1|6\n|teamsize|p2|6\n|start\n|switch|p1a: Drifblim|Drifblim, L85, F|394/394\n|switch|p1b: Arceus|Arceus-Dragon, L73|296/296\n|switch|p2a: Magmortar|Magmortar, L84, M|263/263\n|switch|p2b: Snorlax|Snorlax, L84, F|406/406\n|turn|1\n|inactive|Battle timer is ON: inactive players will automatically lose when time's up. (requested by turtlekebab)\n|\n|t:|1771164691\n|switch|p1b: Magcargo|Magcargo, L93, M|262/262\n|move|p2a: Magmortar|Will-O-Wisp|p1b: Magcargo\n|-immune|p1b: Magcargo\n|move|p1a: Drifblim|Tailwind|p1a: Drifblim\n|-sidestart|p1: turtlekebab|move: Tailwind\n|move|p2b: Snorlax|Yawn|p1a: Drifblim\n|-start|p1a: Drifblim|move: Yawn|[of] p2b: Snorlax\n|\n|upkeep\n|turn|2\n|\n|t:|1771164707\n|move|p1a: Drifblim|Will-O-Wisp|p2b: Snorlax|[miss]\n|-miss|p1a: Drifblim|p2b: Snorlax\n|move|p1b: Magcargo|Shell Smash|p1b: Magcargo\n|-unboost|p1b: Magcargo|def|1\n|-unboost|p1b: Magcargo|spd|1\n|-boost|p1b: Magcargo|atk|2\n|-boost|p1b: Magcargo|spa|2\n|-boost|p1b: Magcargo|spe|2\n|move|p2a: Magmortar|Knock Off|p1a: Drifblim\n|-supereffective|p1a: Drifblim\n|-damage|p1a: Drifblim|190/394\n|-enditem|p1a: Drifblim|Sitrus Berry|[from] move: Knock Off|[of] p2a: Magmortar\n|move|p2b: Snorlax|Yawn|p1b: Magcargo\n|-start|p1b: Magcargo|move: Yawn|[of] p2b: Snorlax\n|\n|-end|p1a: Drifblim|move: Yawn|[silent]\n|-status|p1a: Drifblim|slp\n|upkeep\n|turn|3\n|\n|t:|1771164727\n|switch|p2b: Lumineon|Lumineon, L92, F|276/276\n|move|p2a: Magmortar|Protect|p2a: Magmortar\n|-singleturn|p2a: Magmortar|Protect\n|cant|p1a: Drifblim|slp\n|move|p1b: Magcargo|Power Gem|p2a: Magmortar\n|-activate|p2a: Magmortar|move: Protect\n|\n|-end|p1b: Magcargo|move: Yawn|[silent]\n|-message|Sleep Clause Mod activated.\n|-hint|Sleep Clause Mod prevents players from putting more than one of their opponent's Pokémon to sleep at a time\n|upkeep\n|turn|4\n|\n|t:|1771164751\n|switch|p2a: Victreebel|Victreebel, L91, M|293/293\n|cant|p1a: Drifblim|slp\n|move|p1b: Magcargo|Power Gem|p2a: Victreebel\n|-damage|p2a: Victreebel|34/293\n|-damage|p1b: Magcargo|236/262|[from] item: Life Orb\n|move|p2b: Lumineon|Tailwind|p2b: Lumineon\n|-sidestart|p2: Deathbang|move: Tailwind\n|\n|-sideend|p1: turtlekebab|move: Tailwind\n|upkeep\n|turn|5\n|\n|t:|1771164766\n|move|p2a: Victreebel|Protect|p2a: Victreebel\n|-singleturn|p2a: Victreebel|Protect\n|move|p2b: Lumineon|Hydro Pump|p1b: Magcargo\n|-supereffective|p1b: Magcargo\n|-damage|p1b: Magcargo|0 fnt\n|faint|p1b: Magcargo\n|-curestatus|p1a: Drifblim|slp|[msg]\n|move|p1a: Drifblim|Will-O-Wisp|p2b: Lumineon\n|-status|p2b: Lumineon|brn\n|\n|-damage|p2b: Lumineon|259/276 brn|[from] brn\n|upkeep\n|\n|t:|1771164783\n|switch|p1b: Arceus|Arceus-Dragon, L73|296/296\n|turn|6\n|\n|t:|1771164797\n|move|p2b: Lumineon|Encore|p1a: Drifblim\n|-start|p1a: Drifblim|Encore\n|move|p1a: Drifblim|Will-O-Wisp|p2a: Victreebel\n|-status|p2a: Victreebel|brn\n|move|p2a: Victreebel|Sludge Bomb|p1b: Arceus\n|-damage|p1b: Arceus|163/296\n|-damage|p2a: Victreebel|5/293 brn|[from] item: Life Orb\n|move|p1b: Arceus|Calm Mind|p1b: Arceus\n|-boost|p1b: Arceus|spa|1\n|-boost|p1b: Arceus|spd|1\n|\n|-damage|p2b: Lumineon|242/276 brn|[from] brn\n|-damage|p2a: Victreebel|0 fnt|[from] brn\n|faint|p2a: Victreebel\n|upkeep\n|\n|t:|1771164813\n|switch|p2a: Magmortar|Magmortar, L84, M|263/263\n|turn|7\n|\n|t:|1771164830\n|switch|p1a: Oranguru|Oranguru, L90, M|308/308\n|move|p2b: Lumineon|Encore|p1b: Arceus\n|-start|p1b: Arceus|Encore\n|move|p2a: Magmortar|Knock Off|p1b: Arceus\n|-damage|p1b: Arceus|123/296\n|move|p1b: Arceus|Calm Mind|p1b: Arceus\n|-boost|p1b: Arceus|spa|1\n|-boost|p1b: Arceus|spd|1\n|\n|-damage|p2b: Lumineon|225/276 brn|[from] brn\n|-sideend|p2: Deathbang|move: Tailwind\n|upkeep\n|turn|8\n|\n|t:|1771164851\n|move|p2b: Lumineon|Tailwind|p2b: Lumineon\n|-sidestart|p2: Deathbang|move: Tailwind\n|move|p2a: Magmortar|Knock Off|p1a: Oranguru\n|-supereffective|p1a: Oranguru\n|-damage|p1a: Oranguru|170/308\n|-enditem|p1a: Oranguru|Sitrus Berry|[from] move: Knock Off|[of] p2a: Magmortar\n|move|p1b: Arceus|Calm Mind|p1b: Arceus\n|-boost|p1b: Arceus|spa|1\n|-boost|p1b: Arceus|spd|1\n|move|p1a: Oranguru|Trick Room|p1a: Oranguru\n|-fieldstart|move: Trick Room|[of] p1a: Oranguru\n|\n|-damage|p2b: Lumineon|208/276 brn|[from] brn\n|upkeep\n|turn|9\n|\n|t:|1771164873\n|move|p2b: Lumineon|Helping Hand|p2a: Magmortar\n|-singleturn|p2a: Magmortar|Helping Hand|[of] p2b: Lumineon\n|move|p1a: Oranguru|Hyper Voice|p2b: Lumineon|[spread] p2a,p2b\n|-damage|p2a: Magmortar|193/263\n|-damage|p2b: Lumineon|129/276 brn\n|-enditem|p2b: Lumineon|Sitrus Berry|[eat]\n|-heal|p2b: Lumineon|198/276 brn|[from] item: Sitrus Berry\n|move|p1b: Arceus|Calm Mind|p1b: Arceus\n|-boost|p1b: Arceus|spa|1\n|-boost|p1b: Arceus|spd|1\n|move|p2a: Magmortar|Knock Off|p1b: Arceus\n|-damage|p1b: Arceus|57/296\n|\n|-damage|p2b: Lumineon|181/276 brn|[from] brn\n|-end|p1b: Arceus|Encore\n|upkeep\n|turn|10\n|inactive|Deathbang has 120 seconds left.\n|\n|t:|1771164905\n|move|p1a: Oranguru|Hyper Voice|p2b: Lumineon|[spread] p2a,p2b\n|-crit|p2b: Lumineon\n|-damage|p2a: Magmortar|126/263\n|-damage|p2b: Lumineon|66/276 brn\n|-enditem|p2a: Magmortar|Sitrus Berry|[eat]\n|-heal|p2a: Magmortar|191/263|[from] item: Sitrus Berry\n|move|p1b: Arceus|Judgment|p2a: Magmortar\n|-damage|p2a: Magmortar|0 fnt\n|faint|p2a: Magmortar\n|move|p2b: Lumineon|Encore|p1b: Arceus\n|-start|p1b: Arceus|Encore\n|\n|-damage|p2b: Lumineon|49/276 brn|[from] brn\n|upkeep\n|inactive|Deathbang has 120 seconds left.\n|\n|t:|1771164915\n|switch|p2a: Mimikyu|Mimikyu, L82, M|224/224\n|turn|11\n|\n|t:|1771164932\n|move|p1a: Oranguru|Psychic|p2a: Mimikyu\n|-activate|p2a: Mimikyu|ability: Disguise\n|-damage|p2a: Mimikyu|224/224\n|detailschange|p2a: Mimikyu|Mimikyu-Busted, L82, M\n|-damage|p2a: Mimikyu|196/224|[from] pokemon: Mimikyu-Busted\n|move|p1b: Arceus|Judgment|p2b: Lumineon\n|-damage|p2b: Lumineon|0 fnt\n|faint|p2b: Lumineon\n|move|p2a: Mimikyu|Swords Dance|p2a: Mimikyu\n|-boost|p2a: Mimikyu|atk|2\n|\n|-sideend|p2: Deathbang|move: Tailwind\n|upkeep\n|\n|t:|1771164943\n|switch|p2b: Moltres|Moltres-Galar, L74, shiny|255/255\n|turn|12\n|\n|t:|1771164956\n|move|p2b: Moltres|Protect|p2b: Moltres\n|-singleturn|p2b: Moltres|Protect\n|move|p2a: Mimikyu|Shadow Sneak|p1b: Arceus\n|-damage|p1b: Arceus|0 fnt\n|faint|p1b: Arceus\n|-damage|p2a: Mimikyu|174/224|[from] item: Life Orb\n|move|p1a: Oranguru|Hyper Voice|p2b: Moltres|[spread] \n|-activate|p2b: Moltres|move: Protect\n|-immune|p2a: Mimikyu\n|\n|-fieldend|move: Trick Room\n|upkeep\n|\n|t:|1771164970\n|switch|p1b: Drifblim|Drifblim, L85, F|190/394\n|turn|13\n|\n|t:|1771164981\n|move|p2a: Mimikyu|Shadow Sneak|p1b: Drifblim\n|-supereffective|p1b: Drifblim\n|-damage|p1b: Drifblim|0 fnt\n|faint|p1b: Drifblim\n|-damage|p2a: Mimikyu|152/224|[from] item: Life Orb\n|move|p2b: Moltres|Fiery Wrath|p1a: Oranguru\n|-supereffective|p1a: Oranguru\n|-damage|p1a: Oranguru|38/308\n|move|p1a: Oranguru|Hyper Voice|p2a: Mimikyu|[spread] p2b\n|-immune|p2a: Mimikyu\n|-damage|p2b: Moltres|188/255\n|\n|upkeep\n|\n|t:|1771164997\n|switch|p1b: Infernape|Infernape, L82, F|259/259\n|turn|14\n|\n|t:|1771165009\n|move|p2b: Moltres|Protect|p2b: Moltres\n|-singleturn|p2b: Moltres|Protect\n|move|p1b: Infernape|Knock Off|p2a: Mimikyu\n|-damage|p2a: Mimikyu|49/224\n|-enditem|p2a: Mimikyu|Life Orb|[from] move: Knock Off|[of] p1b: Infernape\n|-damage|p1b: Infernape|234/259|[from] item: Life Orb\n|move|p2a: Mimikyu|Play Rough|p1b: Infernape\n|-damage|p1b: Infernape|32/259\n|move|p1a: Oranguru|Instruct|p1b: Infernape\n|-singleturn|p1b: Infernape|move: Instruct|[of] p1a: Oranguru\n|move|p1b: Infernape|Knock Off|p2a: Mimikyu\n|-damage|p2a: Mimikyu|0 fnt\n|faint|p2a: Mimikyu\n|-damage|p1b: Infernape|7/259|[from] item: Life Orb\n|\n|upkeep\n|\n|t:|1771165024\n|switch|p2a: Snorlax|Snorlax, L84, F|406/406\n|turn|15\n|\n|t:|1771165037\n|-terastallize|p2a: Snorlax|Ground\n|move|p1b: Infernape|Close Combat|p2a: Snorlax\n|-damage|p2a: Snorlax|194/406\n|-unboost|p1b: Infernape|def|1\n|-unboost|p1b: Infernape|spd|1\n|-enditem|p2a: Snorlax|Figy Berry|[eat]\n|-heal|p2a: Snorlax|329/406|[from] item: Figy Berry\n|-damage|p1b: Infernape|0 fnt|[from] item: Life Orb\n|faint|p1b: Infernape\n|move|p2b: Moltres|Fiery Wrath|p1a: Oranguru\n|-supereffective|p1a: Oranguru\n|-damage|p1a: Oranguru|0 fnt\n|faint|p1a: Oranguru\n|move|p2a: Snorlax|Recycle|p2a: Snorlax\n|-item|p2a: Snorlax|Figy Berry|[from] move: Recycle\n|\n|upkeep\n|\n|t:|1771165054\n|switch|p1b: Zapdos|Zapdos-Galar, L77|265/265\n|turn|16\n|\n|t:|1771165067\n|-terastallize|p1b: Zapdos|Fighting\n|move|p2b: Moltres|Protect|p2b: Moltres\n|-singleturn|p2b: Moltres|Protect\n|move|p1b: Zapdos|Close Combat|p2b: Moltres\n|-activate|p2b: Moltres|move: Protect\n|move|p2a: Snorlax|Yawn|p1b: Zapdos\n|-start|p1b: Zapdos|move: Yawn|[of] p2a: Snorlax\n|\n|upkeep\n|turn|17\n|\n|t:|1771165082\n|move|p1b: Zapdos|Close Combat|p2b: Moltres\n|-damage|p2b: Moltres|0 fnt\n|-unboost|p1b: Zapdos|def|1\n|-unboost|p1b: Zapdos|spd|1\n|faint|p2b: Moltres\n|-damage|p1b: Zapdos|239/265|[from] item: Life Orb\n|move|p2a: Snorlax|Body Slam|p1b: Zapdos\n|-damage|p1b: Zapdos|85/265\n|\n|-end|p1b: Zapdos|move: Yawn|[silent]\n|-status|p1b: Zapdos|slp\n|upkeep\n|turn|18\n|\n|t:|1771165096\n|cant|p1b: Zapdos|slp\n|move|p2a: Snorlax|Body Slam|p1b: Zapdos\n|-crit|p1b: Zapdos\n|-damage|p1b: Zapdos|0 fnt\n|faint|p1b: Zapdos\n|\n|win|Deathbang\n|raw|turtlekebab's rating: 1573 &rarr; <strong>1550</strong><br />(-23 for losing)\n|raw|Deathbang's rating: 1517 &rarr; <strong>1540</strong><br />(+23 for winning)\n|l|☆turtlekebab\n|player|p1|\n", "inputlog": ">version 686819e5e19f8a7fd2345cfc5a08a5085efa2cc3\n>start {\"formatid\":\"gen9randomdoublesbattle\",\"seed\":\"sodium,8dc1e090d36e7cf1f9d583576957b001\",\"rated\":\"Rated battle\"}\n>player p1 {\"name\":\"turtlekebab\",\"avatar\":\"102\",\"rating\":1573,\"seed\":\"sodium,2fe385ce3939a22a8ba0ebce919987b3\"}\n>player p2 {\"name\":\"Deathbang\",\"avatar\":\"swimmerf-gen4\",\"rating\":1517,\"seed\":\"sodium,15beb83468e40be6bcdcdac6fce3d730\"}\n>p1 move tailwind, switch 3\n>p2 move willowisp +2, move yawn +1\n>p1 move willowisp +2, move shellsmash\n>p2 move knockoff +1, move yawn +2\n>p1 move willowisp +2, move powergem +1\n>p2 move protect, switch 4\n>p1 move strengthsap +2, move powergem +1\n>p2 switch 3, move tailwind\n>p1 move willowisp +2, move heatwave\n>p2 move protect, move hydropump +2\n>p1 pass, switch 3\n>p1 move strengthsap +2, move calmmind\n>p2 move sludgebomb +2, move encore +1\n>p2 switch 3, pass\n>p1 switch 5, move judgment +2\n>p2 move knockoff +2, move encore +2\n>p1 move trickroom, move calmmind\n>p2 move knockoff +1, move tailwind\n>p1 move hypervoice, move calmmind\n>p2 move knockoff +2, move helpinghand -1\n>p1 move hypervoice, move judgment +1\n>p2 move knockoff +1, move encore +2\n>p2 switch 6, pass\n>p1 move psychic +1, move judgment +2\n>p2 move swordsdance, move hydropump +1\n>p2 pass, switch 5\n>p1 move hypervoice, move judgment +2\n>p2 move shadowsneak +2, move protect\n>p1 pass, switch 5\n>p1 move hypervoice, move willowisp +1\n>p2 move shadowsneak +2, move fierywrath\n>p1 pass, switch 6\n>p1 move instruct -2, move knockoff +1\n>p2 move playrough +2, move protect\n>p2 switch 4, pass\n>p1 move hypervoice, move closecombat +1\n>p2 move recycle terastallize, move fierywrath\n>p1 pass, switch 4\n>p1 pass, move closecombat +2 terastallize\n>p2 move yawn +2, move protect\n>p1 pass, move closecombat +2\n>p2 move bodyslam +2, move hurricane +2\n>p1 pass, move closecombat +1\n>p2 move bodyslam +2, pass", "uploadtime": 1771165108, "views": 72, "formatid": "gen9randomdoublesbattle", "rating": 1540, "private": 0, "password": null}