{"id": "gen9randomdoublesbattle-2537929652", "format": "[Gen 9] Random Doubles Battle", "players": ["gingerlike", "IHeartGabeDavis"], "log": "|j|☆gingerlike\n|j|☆IHeartGabeDavis\n|t:|1770865026\n|gametype|doubles\n|player|p1|gingerlike|265|1617\n|player|p2|IHeartGabeDavis|170|1660\n|gen|9\n|tier|[Gen 9] Random Doubles Battle\n|rated|\n|rule|Species Clause: Limit one of each Pokémon\n|rule|HP Percentage Mod: HP is shown in percentages\n|rule|Illusion Level Mod: Illusion disguises the Pokémon's true level\n|rule|Sleep Clause Mod: Limit one foe put to sleep\n|\n|t:|1770865026\n|teamsize|p1|6\n|teamsize|p2|6\n|start\n|switch|p1a: Tinkaton|Tinkaton, L82, F|274/274\n|switch|p1b: Flapple|Flapple, L95, M|287/287\n|switch|p2a: Klawf|Klawf, L91, M|275/275\n|switch|p2b: Meganium|Meganium, L91, F|293/293\n|-ability|p1a: Tinkaton|Mold Breaker\n|turn|1\n|inactive|Battle timer is ON: inactive players will automatically lose when time's up. (requested by gingerlike)\n|inactive|gingerlike has 120 seconds left.\n|inactive|IHeartGabeDavis has 120 seconds left.\n|inactive|IHeartGabeDavis has 90 seconds left.\n|\n|t:|1770865112\n|move|p1a: Tinkaton|Fake Out|p2b: Meganium\n|-damage|p2b: Meganium|275/293\n|cant|p2b: Meganium|flinch\n|move|p2a: Klawf|Knock Off|p1b: Flapple\n|-damage|p1b: Flapple|179/287\n|-enditem|p1b: Flapple|Sitrus Berry|[from] move: Knock Off|[of] p2a: Klawf\n|-damage|p2a: Klawf|248/275|[from] item: Life Orb\n|move|p1b: Flapple|Dragon Dance|p1b: Flapple\n|-boost|p1b: Flapple|atk|1\n|-boost|p1b: Flapple|spe|1\n|\n|upkeep\n|turn|2\n|inactive|gingerlike has 120 seconds left.\n|inactive|IHeartGabeDavis has 120 seconds left.\n|inactive|IHeartGabeDavis has 90 seconds left.\n|\n|t:|1770865186\n|move|p2a: Klawf|Protect|p2a: Klawf\n|-singleturn|p2a: Klawf|Protect\n|move|p1b: Flapple|Grav Apple|p2a: Klawf\n|-activate|p2a: Klawf|move: Protect\n|move|p1a: Tinkaton|Knock Off|p2b: Meganium\n|-damage|p2b: Meganium|234/293\n|-enditem|p2b: Meganium|Sitrus Berry|[from] move: Knock Off|[of] p1a: Tinkaton\n|move|p2b: Meganium|Knock Off|p1b: Flapple\n|-damage|p1b: Flapple|134/287\n|\n|upkeep\n|turn|3\n|inactive|IHeartGabeDavis has 90 seconds left.\n|inactive|gingerlike has 120 seconds left.\n|inactive|IHeartGabeDavis has 60 seconds left.\n|inactive|IHeartGabeDavis has 30 seconds left.\n|\n|t:|1770865267\n|move|p1b: Flapple|Dragon Rush|p2b: Meganium|[miss]\n|-miss|p1b: Flapple|p2b: Meganium\n|move|p1a: Tinkaton|Gigaton Hammer|p2a: Klawf\n|-supereffective|p2a: Klawf\n|-crit|p2a: Klawf\n|-damage|p2a: Klawf|0 fnt\n|faint|p2a: Klawf\n|move|p2b: Meganium|Knock Off|p1b: Flapple\n|-damage|p1b: Flapple|89/287\n|\n|upkeep\n|inactive|IHeartGabeDavis has 30 seconds left this turn.\n|\n|t:|1770865276\n|switch|p2a: Deoxys|Deoxys, L79|209/209\n|-ability|p2a: Deoxys|Pressure\n|turn|4\n|inactive|gingerlike has 120 seconds left.\n|inactive|IHeartGabeDavis has 30 seconds left.\n|\n|t:|1770865317\n|move|p2a: Deoxys|Protect|p2a: Deoxys\n|-singleturn|p2a: Deoxys|Protect\n|move|p1b: Flapple|Dragon Rush|p2b: Meganium\n|-damage|p2b: Meganium|30/293\n|move|p1a: Tinkaton|Knock Off|p2a: Deoxys\n|-activate|p2a: Deoxys|move: Protect\n|move|p2b: Meganium|Knock Off|p1a: Tinkaton\n|-resisted|p1a: Tinkaton\n|-damage|p1a: Tinkaton|237/274\n|-enditem|p1a: Tinkaton|Assault Vest|[from] move: Knock Off|[of] p2b: Meganium\n|\n|upkeep\n|turn|5\n|inactive|gingerlike has 90 seconds left.\n|inactive|IHeartGabeDavis has 30 seconds left.\n|\n|t:|1770865361\n|switch|p2b: Basculegion|Basculegion-F, L72, F|292/292\n|move|p2a: Deoxys|Extreme Speed|p1b: Flapple\n|-damage|p1b: Flapple|0 fnt\n|faint|p1b: Flapple\n|-damage|p2a: Deoxys|189/209|[from] item: Life Orb\n|move|p1a: Tinkaton|Gigaton Hammer|p2b: Basculegion\n|-resisted|p2b: Basculegion\n|-crit|p2b: Basculegion\n|-damage|p2b: Basculegion|139/292\n|\n|upkeep\n|\n|t:|1770865379\n|switch|p1b: Gengar|Gengar, L84, F|238/238\n|turn|6\n|inactive|gingerlike has 90 seconds left.\n|inactive|IHeartGabeDavis has 30 seconds left.\n|inactive|IHeartGabeDavis has 20 seconds left.\n|inactive|IHeartGabeDavis has 15 seconds left.\n|inactive|IHeartGabeDavis has 10 seconds left.\n|\n|t:|1770865425\n|move|p2a: Deoxys|Knock Off|p1b: Gengar\n|-supereffective|p1b: Gengar\n|-damage|p1b: Gengar|0 fnt\n|-enditem|p1b: Gengar|Choice Specs|[from] move: Knock Off|[of] p2a: Deoxys\n|faint|p1b: Gengar\n|-damage|p2a: Deoxys|169/209|[from] item: Life Orb\n|move|p2b: Basculegion|Flip Turn|p1a: Tinkaton\n|-damage|p1a: Tinkaton|171/274\n|inactive|IHeartGabeDavis has 15 seconds left this turn.\n|inactive|IHeartGabeDavis has 10 seconds left.\n|inactive|IHeartGabeDavis has 5 seconds left.\n|\n|t:|1770865435\n|switch|p2b: Meganium|Meganium, L91, F|30/293|[from] Flip Turn\n|move|p1a: Tinkaton|Knock Off|p2b: Meganium\n|-damage|p2b: Meganium|0 fnt\n|faint|p2b: Meganium\n|\n|upkeep\n|inactive|IHeartGabeDavis has 10 seconds left this turn.\n|inactive|gingerlike has 90 seconds left.\n|\n|t:|1770865447\n|switch|p1b: Vikavolt|Vikavolt, L84, M|267/267\n|switch|p2b: Basculegion|Basculegion-F, L72, F|139/292\n|turn|7\n|inactive|IHeartGabeDavis has 30 seconds left.\n|inactive|gingerlike has 90 seconds left.\n|\n|t:|1770865467\n|move|p2a: Deoxys|Psycho Boost|p1b: Vikavolt\n|-damage|p1b: Vikavolt|14/267\n|-unboost|p2a: Deoxys|spa|2\n|-enditem|p1b: Vikavolt|Sitrus Berry|[eat]\n|-heal|p1b: Vikavolt|80/267|[from] item: Sitrus Berry\n|-damage|p2a: Deoxys|149/209|[from] item: Life Orb\n|move|p2b: Basculegion|Last Respects|p1b: Vikavolt\n|-damage|p1b: Vikavolt|0 fnt\n|faint|p1b: Vikavolt\n|move|p1a: Tinkaton|Knock Off|p2a: Deoxys\n|-supereffective|p2a: Deoxys\n|-damage|p2a: Deoxys|0 fnt\n|-enditem|p2a: Deoxys|Life Orb|[from] move: Knock Off|[of] p1a: Tinkaton\n|faint|p2a: Deoxys\n|\n|upkeep\n|inactive|gingerlike has 90 seconds left.\n|inactive|IHeartGabeDavis has 30 seconds left.\n|\n|t:|1770865491\n|switch|p2a: Moltres|Moltres-Galar, L74|255/255\n|switch|p1b: Tornadus|Tornadus-Therian, L77, M|248/248\n|turn|8\n|inactive|gingerlike has 90 seconds left.\n|\n|t:|1770865511\n|-terastallize|p2b: Basculegion|Ghost\n|move|p1b: Tornadus|Grass Knot|p2b: Basculegion\n|-damage|p2b: Basculegion|35/292\n|-damage|p1b: Tornadus|224/248|[from] item: Life Orb\n|move|p2b: Basculegion|Last Respects|p1a: Tinkaton\n|-crit|p1a: Tinkaton\n|-damage|p1a: Tinkaton|0 fnt\n|faint|p1a: Tinkaton\n|move|p2a: Moltres|Tailwind|p2a: Moltres\n|-sidestart|p2: IHeartGabeDavis|move: Tailwind\n|\n|upkeep\n|\n|t:|1770865521\n|switch|p1a: Stonjourner|Stonjourner, L88, M|319/319\n|turn|9\n|inactive|IHeartGabeDavis has 60 seconds left.\n|inactive|gingerlike has 90 seconds left.\n|\n|t:|1770865537\n|-terastallize|p1b: Tornadus|Flying\n|move|p2b: Basculegion|Last Respects|p1b: Tornadus\n|-damage|p1b: Tornadus|0 fnt\n|faint|p1b: Tornadus\n|move|p2a: Moltres|Fiery Wrath|p1a: Stonjourner\n|-damage|p1a: Stonjourner|159/319\n|move|p1a: Stonjourner|Rock Slide|p2b: Basculegion|[spread] p2b\n|-miss|p1a: Stonjourner|p2a: Moltres\n|-damage|p2b: Basculegion|0 fnt\n|faint|p2b: Basculegion\n|\n|upkeep\n|inactive|IHeartGabeDavis has 60 seconds left.\n|\n|t:|1770865547\n|switch|p2b: Azumarill|Azumarill, L83, M|302/302\n|turn|10\n|\n|t:|1770865553\n|move|p2a: Moltres|Fiery Wrath|p1a: Stonjourner\n|-damage|p1a: Stonjourner|0 fnt\n|faint|p1a: Stonjourner\n|\n|win|IHeartGabeDavis\n|raw|gingerlike's rating: 1617 &rarr; <strong>1599</strong><br />(-18 for losing)\n|raw|IHeartGabeDavis's rating: 1660 &rarr; <strong>1678</strong><br />(+18 for winning)\n", "inputlog": ">version ccdc32dd7cde25fd9e4bed64820e885f66e78a4e\n>start {\"formatid\":\"gen9randomdoublesbattle\",\"seed\":\"sodium,8060873f637eb43e12275fa0cb106ff7\",\"rated\":\"Rated battle\"}\n>player p1 {\"name\":\"gingerlike\",\"avatar\":\"265\",\"rating\":1617,\"seed\":\"sodium,975aa538ced7638dbf889373c727ce93\"}\n>player p2 {\"name\":\"IHeartGabeDavis\",\"avatar\":\"170\",\"rating\":1660,\"seed\":\"sodium,b47849f6cbd94646a5fb272d67b61626\"}\n>p1 move fakeout +2, move dragondance\n>p2 move knockoff +2, move knockoff +1\n>p1 move knockoff +2, move gravapple +1\n>p2 move protect, move knockoff +2\n>p1 move gigatonhammer +1, move dragonrush +2\n>p2 move crabhammer +1, move knockoff +2\n>p2 switch 4, pass\n>p1 move knockoff +1, move dragonrush +2\n>p2 move protect, move knockoff +1\n>p1 move gigatonhammer +2, move gravapple +1\n>p2 move extremespeed +2, switch 6\n>p1 pass, switch 4\n>p1 move knockoff +2, move shadowball +1\n>p2 move knockoff +2, move flipturn +1\n>p2 pass, switch 6\n>p1 pass, switch 5\n>p2 pass, switch 6\n>p1 move knockoff +1, move stickyweb\n>p2 move psychoboost +2, move lastrespects +2\n>p1 pass, switch 6\n>p2 switch 5, pass\n>p1 move knockoff +1, move grassknot +2\n>p2 move tailwind, move lastrespects +1 terastallize\n>p1 switch 3, pass\n>p1 move rockslide, move bleakwindstorm terastallize\n>p2 move fierywrath, move lastrespects +2\n>p2 pass, switch 3\n>p1 move rockslide, pass\n>p2 move fierywrath, move liquidation +1", "uploadtime": 1770865553, "views": 67, "formatid": "gen9randomdoublesbattle", "rating": 1599, "private": 0, "password": null}