{"id": "gen9randomdoublesbattle-2540215373", "format": "[Gen 9] Random Doubles Battle", "players": ["noodledacat420", "ireply123"], "log": "|j|☆noodledacat420\n|j|☆ireply123\n|t:|1771176754\n|gametype|doubles\n|player|p1|noodledacat420|266|1666\n|player|p2|ireply123|266|1757\n|gen|9\n|tier|[Gen 9] Random Doubles Battle\n|rated|\n|rule|Species Clause: Limit one of each Pokémon\n|rule|HP Percentage Mod: HP is shown in percentages\n|rule|Illusion Level Mod: Illusion disguises the Pokémon's true level\n|rule|Sleep Clause Mod: Limit one foe put to sleep\n|\n|t:|1771176754\n|teamsize|p1|6\n|teamsize|p2|6\n|start\n|switch|p1a: Baxcalibur|Baxcalibur, L78, M|307/307\n|switch|p1b: Ambipom|Ambipom, L87, M|272/272\n|switch|p2a: Mismagius|Mismagius, L88, F|249/249\n|switch|p2b: Indeedee|Indeedee, L79, M|224/224\n|-fieldstart|move: Psychic Terrain|[from] ability: Psychic Surge|[of] p2b: Indeedee\n|turn|1\n|inactive|Battle timer is ON: inactive players will automatically lose when time's up. (requested by noodledacat420)\n|\n|t:|1771176788\n|move|p2b: Indeedee|Protect|p2b: Indeedee\n|-singleturn|p2b: Indeedee|Protect\n|move|p1b: Ambipom|Knock Off|p2b: Indeedee\n|-activate|p2b: Indeedee|move: Protect\n|move|p2a: Mismagius|Will-O-Wisp|p1a: Baxcalibur\n|-immune|p1a: Baxcalibur|[from] ability: Thermal Exchange\n|move|p1a: Baxcalibur|Glaive Rush|p2a: Mismagius\n|-damage|p2a: Mismagius|0 fnt\n|-singlemove|p1a: Baxcalibur|Glaive Rush|[silent]\n|faint|p2a: Mismagius\n|\n|upkeep\n|\n|t:|1771176806\n|switch|p2a: Salazzle|Salazzle, L86, F|257/257\n|turn|2\n|inactive|ireply123 has 120 seconds left.\n|\n|t:|1771176852\n|move|p1b: Ambipom|Double-Edge|p2a: Salazzle\n|-crit|p2a: Salazzle\n|-damage|p2a: Salazzle|0 fnt\n|faint|p2a: Salazzle\n|-damage|p1b: Ambipom|187/272|[from] Recoil\n|move|p2b: Indeedee|Expanding Force|p1b: Ambipom|[spread] p1a,p1b\n|-damage|p1a: Baxcalibur|0 fnt\n|-damage|p1b: Ambipom|22/272\n|faint|p1a: Baxcalibur\n|-damage|p2b: Indeedee|202/224|[from] item: Life Orb\n|\n|upkeep\n|inactive|noodledacat420 has 120 seconds left.\n|\n|t:|1771176869\n|switch|p2a: Groudon|Groudon, L69|252/252\n|switch|p1a: Primarina|Primarina, L79, F|256/256\n|-weather|SunnyDay|[from] ability: Drought|[of] p2a: Groudon\n|turn|3\n|inactive|ireply123 has 120 seconds left.\n|\n|t:|1771176884\n|move|p2b: Indeedee|Protect|p2b: Indeedee\n|-singleturn|p2b: Indeedee|Protect\n|move|p1b: Ambipom|Knock Off|p2b: Indeedee\n|-activate|p2b: Indeedee|move: Protect\n|move|p2a: Groudon|Heat Crash|p1b: Ambipom\n|-damage|p1b: Ambipom|0 fnt\n|faint|p1b: Ambipom\n|move|p1a: Primarina|Calm Mind|p1a: Primarina\n|-boost|p1a: Primarina|spa|1\n|-boost|p1a: Primarina|spd|1\n|\n|-weather|SunnyDay|[upkeep]\n|upkeep\n|\n|t:|1771176893\n|switch|p1b: Qwilfish|Qwilfish-Hisui, L82, F|241/241\n|-ability|p1b: Qwilfish|Intimidate|boost\n|-unboost|p2a: Groudon|atk|1\n|-unboost|p2b: Indeedee|atk|1\n|turn|4\n|\n|t:|1771176907\n|move|p2b: Indeedee|Expanding Force|p1a: Primarina|[spread] p1a\n|-immune|p1b: Qwilfish\n|-damage|p1a: Primarina|173/256\n|-damage|p2b: Indeedee|180/224|[from] item: Life Orb\n|move|p1b: Qwilfish|Icy Wind|p2a: Groudon|[spread] p2a,p2b\n|-supereffective|p2a: Groudon\n|-damage|p2a: Groudon|204/252\n|-damage|p2b: Indeedee|161/224\n|-unboost|p2a: Groudon|spe|1\n|-unboost|p2b: Indeedee|spe|1\n|move|p1a: Primarina|Hyper Voice|p2b: Indeedee|[spread] p2a,p2b\n|-supereffective|p2a: Groudon\n|-crit|p2a: Groudon\n|-damage|p2a: Groudon|6/252\n|-damage|p2b: Indeedee|106/224\n|-enditem|p2a: Groudon|Sitrus Berry|[eat]\n|-heal|p2a: Groudon|69/252|[from] item: Sitrus Berry\n|move|p2a: Groudon|Precipice Blades|p1b: Qwilfish|[spread] p1a,p1b\n|-supereffective|p1b: Qwilfish\n|-damage|p1a: Primarina|95/256\n|-damage|p1b: Qwilfish|163/241\n|\n|-weather|SunnyDay|[upkeep]\n|-heal|p1a: Primarina|111/256|[from] item: Leftovers\n|upkeep\n|turn|5\n|\n|t:|1771176928\n|move|p1b: Qwilfish|Toxic Spikes|p2b: Indeedee\n|-sidestart|p2: ireply123|move: Toxic Spikes\n|move|p1a: Primarina|Hyper Voice|p2a: Groudon|[spread] p2a,p2b\n|-supereffective|p2a: Groudon\n|-damage|p2a: Groudon|0 fnt\n|-damage|p2b: Indeedee|45/224\n|faint|p2a: Groudon\n|move|p2b: Indeedee|Expanding Force|p1a: Primarina|[spread] p1a\n|-immune|p1b: Qwilfish\n|-damage|p1a: Primarina|17/256\n|-damage|p2b: Indeedee|23/224|[from] item: Life Orb\n|\n|-weather|SunnyDay|[upkeep]\n|-heal|p1a: Primarina|33/256|[from] item: Leftovers\n|-fieldend|move: Psychic Terrain\n|upkeep\n|\n|t:|1771176940\n|switch|p2a: Calyrex|Calyrex-Shadow, L63|231/231\n|-ability|p2a: Calyrex|As One\n|-ability|p2a: Calyrex|Unnerve\n|-status|p2a: Calyrex|psn\n|turn|6\n|\n|t:|1771176952\n|move|p1a: Primarina|Protect|p1a: Primarina\n|-singleturn|p1a: Primarina|Protect\n|move|p2a: Calyrex|Astral Barrage|p1a: Primarina|[spread] p1b\n|-activate|p1a: Primarina|move: Protect\n|-resisted|p1b: Qwilfish\n|-damage|p1b: Qwilfish|108/241\n|-damage|p2a: Calyrex|208/231 psn|[from] item: Life Orb\n|move|p1b: Qwilfish|Throat Chop|p2a: Calyrex\n|-supereffective|p2a: Calyrex\n|-damage|p2a: Calyrex|0 fnt\n|faint|p2a: Calyrex\n|move|p2b: Indeedee|Shadow Ball|p1b: Qwilfish\n|-resisted|p1b: Qwilfish\n|-damage|p1b: Qwilfish|74/241\n|-damage|p2b: Indeedee|1/224|[from] item: Life Orb\n|\n|-weather|SunnyDay|[upkeep]\n|-heal|p1a: Primarina|49/256|[from] item: Leftovers\n|upkeep\n|\n|t:|1771176960\n|switch|p2a: Ditto|Ditto, L97|250/250\n|-status|p2a: Ditto|psn\n|-transform|p2a: Ditto|p1b: Qwilfish|[from] ability: Imposter\n|-ability|p2a: Ditto|Intimidate|boost\n|-unboost|p1a: Primarina|atk|1\n|-unboost|p1b: Qwilfish|atk|1\n|turn|7\n|-message|ireply123 forfeited.\n|\n|win|noodledacat420\n|raw|noodledacat420's rating: 1666 &rarr; <strong>1691</strong><br />(+25 for winning)\n|raw|ireply123's rating: 1757 &rarr; <strong>1732</strong><br />(-25 for losing)\n", "inputlog": ">version 686819e5e19f8a7fd2345cfc5a08a5085efa2cc3\n>start {\"formatid\":\"gen9randomdoublesbattle\",\"seed\":\"sodium,8ddf774dd984268a127eaba216d98e4a\",\"rated\":\"Rated battle\"}\n>player p1 {\"name\":\"noodledacat420\",\"avatar\":\"266\",\"rating\":1666,\"seed\":\"sodium,c5ad870e84723a8637dbb8079c719ecc\"}\n>player p2 {\"name\":\"ireply123\",\"avatar\":\"266\",\"rating\":1757,\"seed\":\"sodium,1d6c53551e6cdc79721b5d026fd40ecb\"}\n>p1 move glaiverush +1, move knockoff +2\n>p2 move willowisp +1, move protect\n>p2 switch 6, pass\n>p1 move glaiverush +2, move doubleedge +1\n>p2 move sludgebomb +1, move expandingforce +1\n>p1 switch 3, pass\n>p2 switch 3, pass\n>p1 move calmmind, move knockoff +2\n>p2 move heatcrash +2, move protect\n>p1 pass, switch 5\n>p1 move hypervoice, move icywind\n>p2 move precipiceblades, move expandingforce +1\n>p1 move hypervoice, move toxicspikes\n>p2 move precipiceblades, move expandingforce +1\n>p2 switch 5, pass\n>p1 move protect, move throatchop +1\n>p2 move astralbarrage, move shadowball +2\n>p2 switch 4, pass\n>forcelose p2", "uploadtime": 1771176984, "views": 58, "formatid": "gen9randomdoublesbattle", "rating": 1691, "private": 0, "password": null}