{"id": "gen9randomdoublesbattle-2539004967", "format": "[Gen 9] Random Doubles Battle", "players": ["kimballdonald", "Realnickiminaj"], "log": "|j|☆kimballdonald\n|j|☆Realnickiminaj\n|t:|1771002038\n|gametype|doubles\n|player|p1|kimballdonald|blue|1758\n|player|p2|Realnickiminaj|pokemonrangerf|1809\n|gen|9\n|tier|[Gen 9] Random Doubles Battle\n|rated|\n|rule|Species Clause: Limit one of each Pokémon\n|rule|HP Percentage Mod: HP is shown in percentages\n|rule|Illusion Level Mod: Illusion disguises the Pokémon's true level\n|rule|Sleep Clause Mod: Limit one foe put to sleep\n|\n|t:|1771002038\n|teamsize|p1|6\n|teamsize|p2|6\n|start\n|switch|p1a: Wigglytuff|Wigglytuff, L91, F|403/403\n|switch|p1b: Regice|Regice, L84|272/272\n|switch|p2a: Arceus|Arceus-Fighting, L71|288/288\n|switch|p2b: Cloyster|Cloyster, L87, M|229/229\n|turn|1\n|\n|t:|1771002072\n|move|p2b: Cloyster|Protect|p2b: Cloyster\n|-singleturn|p2b: Cloyster|Protect\n|move|p2a: Arceus|Body Press|p1a: Wigglytuff\n|-damage|p1a: Wigglytuff|270/403\n|move|p1a: Wigglytuff|Encore|p2b: Cloyster\n|-activate|p2b: Cloyster|move: Protect\n|move|p1b: Regice|Icy Wind|p2a: Arceus|[spread] \n|-activate|p2b: Cloyster|move: Protect\n|-miss|p1b: Regice|p2a: Arceus\n|-enditem|p1b: Regice|Blunder Policy\n|-boost|p1b: Regice|spe|2\n|\n|upkeep\n|turn|2\n|\n|t:|1771002091\n|switch|p2b: Hypno|Hypno, L95, F|315/315\n|move|p1b: Regice|Icy Wind|p2b: Hypno|[spread] p2a,p2b\n|-damage|p2a: Arceus|248/288\n|-damage|p2b: Hypno|281/315\n|-unboost|p2a: Arceus|spe|1\n|-unboost|p2b: Hypno|spe|1\n|move|p2a: Arceus|Body Press|p1a: Wigglytuff\n|-damage|p1a: Wigglytuff|131/403\n|-enditem|p1a: Wigglytuff|Sitrus Berry|[eat]\n|-heal|p1a: Wigglytuff|231/403|[from] item: Sitrus Berry\n|move|p1a: Wigglytuff|Dazzling Gleam|p2b: Hypno|[spread] p2a,p2b\n|-supereffective|p2a: Arceus\n|-damage|p2a: Arceus|126/288\n|-damage|p2b: Hypno|227/315\n|\n|upkeep\n|turn|3\n|\n|t:|1771002116\n|switch|p2a: Regigigas|Regigigas, L86|329/329\n|-start|p2a: Regigigas|ability: Slow Start\n|move|p1b: Regice|Icy Wind|p2a: Regigigas|[spread] p2a,p2b\n|-damage|p2a: Regigigas|295/329\n|-damage|p2b: Hypno|197/315\n|-unboost|p2a: Regigigas|spe|1\n|-unboost|p2b: Hypno|spe|1\n|move|p1a: Wigglytuff|Dazzling Gleam|p2a: Regigigas|[spread] p2a,p2b\n|-damage|p2a: Regigigas|240/329\n|-damage|p2b: Hypno|148/315\n|-enditem|p2b: Hypno|Sitrus Berry|[eat]\n|-heal|p2b: Hypno|226/315|[from] item: Sitrus Berry\n|move|p2b: Hypno|Psychic|p1a: Wigglytuff\n|-damage|p1a: Wigglytuff|105/403\n|\n|-heal|p2a: Regigigas|260/329|[from] item: Leftovers\n|upkeep\n|turn|4\n|\n|t:|1771002140\n|move|p1b: Regice|Icy Wind|p2a: Regigigas|[spread] p2a,p2b\n|-damage|p2a: Regigigas|223/329\n|-damage|p2b: Hypno|196/315\n|-unboost|p2a: Regigigas|spe|1\n|-unboost|p2b: Hypno|spe|1\n|move|p1a: Wigglytuff|Thunder Wave|p2a: Regigigas\n|-status|p2a: Regigigas|par\n|move|p2b: Hypno|Psychic|p1a: Wigglytuff\n|-damage|p1a: Wigglytuff|0 fnt\n|faint|p1a: Wigglytuff\n|move|p2a: Regigigas|Body Slam|p1b: Regice\n|-damage|p1b: Regice|206/272\n|\n|-heal|p2a: Regigigas|243/329 par|[from] item: Leftovers\n|upkeep\n|\n|t:|1771002160\n|switch|p1a: Greedent|Greedent, L86, F|347/347\n|turn|5\n|\n|t:|1771002177\n|move|p1b: Regice|Blizzard|p2a: Regigigas|[spread] p2a,p2b\n|-damage|p2a: Regigigas|164/329 par\n|-damage|p2b: Hypno|129/315\n|move|p1a: Greedent|Knock Off|p2a: Regigigas\n|-damage|p2a: Regigigas|102/329 par\n|-enditem|p2a: Regigigas|Leftovers|[from] move: Knock Off|[of] p1a: Greedent\n|move|p2b: Hypno|Encore|p1a: Greedent\n|-start|p1a: Greedent|Encore\n|move|p2a: Regigigas|Knock Off|p1a: Greedent\n|-damage|p1a: Greedent|296/347\n|-enditem|p1a: Greedent|Sitrus Berry|[from] move: Knock Off|[of] p2a: Regigigas\n|\n|upkeep\n|turn|6\n|\n|t:|1771002198\n|move|p2a: Regigigas|Protect|p2a: Regigigas\n|-singleturn|p2a: Regigigas|Protect\n|move|p1b: Regice|Blizzard|p2b: Hypno|[spread] p2b\n|-activate|p2a: Regigigas|move: Protect\n|-damage|p2b: Hypno|65/315\n|move|p1a: Greedent|Knock Off|p2b: Hypno\n|-supereffective|p2b: Hypno\n|-damage|p2b: Hypno|0 fnt\n|faint|p2b: Hypno\n|\n|upkeep\n|\n|t:|1771002210\n|switch|p2b: Abomasnow|Abomasnow, L81, F|278/278\n|-weather|Snowscape|[from] ability: Snow Warning|[of] p2b: Abomasnow\n|turn|7\n|\n|t:|1771002230\n|move|p1b: Regice|Icy Wind|p2a: Regigigas|[spread] p2a,p2b\n|-damage|p2a: Regigigas|63/329 par\n|-damage|p2b: Abomasnow|232/278\n|-unboost|p2a: Regigigas|spe|1\n|-unboost|p2b: Abomasnow|spe|1\n|move|p2b: Abomasnow|Aurora Veil|p2b: Abomasnow\n|-sidestart|p2: Realnickiminaj|move: Aurora Veil\n|move|p1a: Greedent|Knock Off|p2b: Abomasnow\n|-damage|p2b: Abomasnow|194/278\n|-enditem|p2b: Abomasnow|Light Clay|[from] move: Knock Off|[of] p1a: Greedent\n|cant|p2a: Regigigas|par\n|\n|-weather|Snowscape|[upkeep]\n|upkeep\n|turn|8\n|\n|t:|1771002250\n|switch|p1a: Basculin|Basculin-Blue-Striped, L87, F|264/264\n|move|p1b: Regice|Blizzard|p2a: Regigigas|[spread] p2a,p2b\n|-damage|p2a: Regigigas|12/329 par\n|-damage|p2b: Abomasnow|136/278\n|move|p2b: Abomasnow|Wood Hammer|p1b: Regice\n|-damage|p1b: Regice|133/272\n|-damage|p2b: Abomasnow|112/278|[from] Recoil\n|move|p2a: Regigigas|Body Slam|p1b: Regice\n|-damage|p1b: Regice|85/272\n|\n|-weather|Snowscape|[upkeep]\n|-end|p2a: Regigigas|Slow Start\n|upkeep\n|turn|9\n|\n|t:|1771002268\n|move|p1b: Regice|Thunderbolt|p2a: Regigigas\n|-damage|p2a: Regigigas|0 fnt\n|faint|p2a: Regigigas\n|move|p1a: Basculin|Wave Crash|p2b: Abomasnow\n|-resisted|p2b: Abomasnow\n|-damage|p2b: Abomasnow|55/278\n|-damage|p1a: Basculin|245/264|[from] Recoil\n|move|p2b: Abomasnow|Wood Hammer|p1a: Basculin\n|-supereffective|p1a: Basculin\n|-damage|p1a: Basculin|0 fnt\n|faint|p1a: Basculin\n|-damage|p2b: Abomasnow|0 fnt|[from] Recoil\n|faint|p2b: Abomasnow\n|\n|-weather|Snowscape|[upkeep]\n|upkeep\n|\n|t:|1771002286\n|switch|p2a: Cloyster|Cloyster, L87, M|229/229\n|switch|p1a: Chesnaught|Chesnaught, L86, F|292/292\n|switch|p2b: Arceus|Arceus-Fighting, L71|126/288\n|turn|10\n|\n|t:|1771002301\n|-terastallize|p2a: Cloyster|Fire\n|move|p1b: Regice|Icy Wind|p2b: Arceus|[spread] p2a\n|-miss|p1b: Regice|p2b: Arceus\n|-resisted|p2a: Cloyster\n|-damage|p2a: Cloyster|205/229\n|-unboost|p2a: Cloyster|spe|1\n|-enditem|p2a: Cloyster|White Herb\n|-clearnegativeboost|p2a: Cloyster|[silent]\n|move|p2b: Arceus|Iron Defense|p2b: Arceus\n|-boost|p2b: Arceus|def|2\n|move|p2a: Cloyster|Shell Smash|p2a: Cloyster\n|-unboost|p2a: Cloyster|def|1\n|-unboost|p2a: Cloyster|spd|1\n|-boost|p2a: Cloyster|atk|2\n|-boost|p2a: Cloyster|spa|2\n|-boost|p2a: Cloyster|spe|2\n|move|p1a: Chesnaught|Wood Hammer|p2b: Arceus\n|-damage|p2b: Arceus|84/288\n|-damage|p1a: Chesnaught|278/292|[from] Recoil\n|\n|-weather|Snowscape|[upkeep]\n|upkeep\n|turn|11\n|\n|t:|1771002329\n|move|p1b: Regice|Protect|p1b: Regice\n|-singleturn|p1b: Regice|Protect\n|move|p2a: Cloyster|Icicle Spear|p1a: Chesnaught\n|-supereffective|p1a: Chesnaught\n|-damage|p1a: Chesnaught|186/292\n|-supereffective|p1a: Chesnaught\n|-damage|p1a: Chesnaught|106/292\n|-enditem|p1a: Chesnaught|Sitrus Berry|[eat]\n|-heal|p1a: Chesnaught|179/292|[from] item: Sitrus Berry\n|-supereffective|p1a: Chesnaught\n|-damage|p1a: Chesnaught|93/292\n|-supereffective|p1a: Chesnaught\n|-damage|p1a: Chesnaught|9/292\n|-supereffective|p1a: Chesnaught\n|-damage|p1a: Chesnaught|0 fnt\n|faint|p1a: Chesnaught\n|-hitcount|p1: Chesnaught|5\n|move|p2b: Arceus|Body Press|p1b: Regice\n|-activate|p1b: Regice|move: Protect\n|\n|-weather|none\n|upkeep\n|\n|t:|1771002338\n|switch|p1a: Garchomp|Garchomp, L77, F|293/293\n|turn|12\n|\n|t:|1771002358\n|-terastallize|p1a: Garchomp|Fire\n|move|p2a: Cloyster|Protect|p2a: Cloyster\n|-singleturn|p2a: Cloyster|Protect\n|move|p1b: Regice|Icy Wind|p2b: Arceus|[spread] p2b\n|-activate|p2a: Cloyster|move: Protect\n|-damage|p2b: Arceus|54/288\n|-unboost|p2b: Arceus|spe|1\n|move|p1a: Garchomp|Scale Shot|p2b: Arceus\n|-damage|p2b: Arceus|44/288\n|-damage|p2b: Arceus|33/288\n|-damage|p2b: Arceus|23/288\n|-damage|p2b: Arceus|13/288\n|-damage|p2b: Arceus|4/288\n|-hitcount|p2b: Arceus|5\n|-unboost|p1a: Garchomp|def|1\n|-boost|p1a: Garchomp|spe|1\n|move|p2b: Arceus|Body Press|p1b: Regice\n|-supereffective|p1b: Regice\n|-damage|p1b: Regice|0 fnt\n|faint|p1b: Regice\n|\n|upkeep\n|\n|t:|1771002374\n|switch|p1b: Greedent|Greedent, L86, F|296/347\n|turn|13\n|\n|t:|1771002389\n|move|p2a: Cloyster|Hydro Pump|p1a: Garchomp\n|-supereffective|p1a: Garchomp\n|-damage|p1a: Garchomp|0 fnt\n|faint|p1a: Garchomp\n|move|p2b: Arceus|Body Press|p1b: Greedent\n|-supereffective|p1b: Greedent\n|-damage|p1b: Greedent|2/347\n|move|p1b: Greedent|Double-Edge|p2a: Cloyster\n|-damage|p2a: Cloyster|129/229\n|-damage|p1b: Greedent|0 fnt|[from] Recoil\n|faint|p1b: Greedent\n|\n|win|Realnickiminaj\n|raw|kimballdonald's rating: 1758 &rarr; <strong>1741</strong><br />(-17 for losing)\n|raw|Realnickiminaj's rating: 1809 &rarr; <strong>1826</strong><br />(+17 for winning)\n|l|☆kimballdonald\n|player|p1|\n|c|☆Realnickiminaj|Gg\n", "inputlog": ">version ccdc32dd7cde25fd9e4bed64820e885f66e78a4e\n>start {\"formatid\":\"gen9randomdoublesbattle\",\"seed\":\"sodium,105316804843c2925eaa0361f79fa3a6\",\"rated\":\"Rated battle\"}\n>player p1 {\"name\":\"kimballdonald\",\"avatar\":\"blue\",\"rating\":1758,\"seed\":\"sodium,ae4248446696502cb772f70dfeac3455\"}\n>player p2 {\"name\":\"Realnickiminaj\",\"avatar\":\"pokemonrangerf\",\"rating\":1809,\"seed\":\"sodium,dfef41ab1dc2879ac9866c6a35db79b0\"}\n>p1 move encore +2, move icywind\n>p2 move bodypress +1, move protect\n>p1 move dazzlinggleam, move icywind\n>p2 move bodypress +1, switch 3\n>p1 move dazzlinggleam, move icywind\n>p2 switch 6, move psychic +1\n>p1 move thunderwave +1, move icywind\n>p2 move bodyslam +2, move psychic +1\n>p1 switch 4, pass\n>p1 move knockoff +1, move blizzard\n>p2 move knockoff +1, move encore +1\n>p1 move knockoff +2, move blizzard\n>p2 move protect, move lowsweep +2\n>p2 pass, switch 5\n>p1 move knockoff +2, move icywind\n>p2 move bodyslam +2, move auroraveil\n>p1 switch 6, move blizzard\n>p2 move bodyslam +2, move woodhammer +2\n>p1 move wavecrash +2, move thunderbolt +1\n>p2 move bodyslam +1, move woodhammer +1\n>p1 switch 3, pass\n>p2 switch 3, switch 6\n>p1 move woodhammer +2, move icywind\n>p2 move shellsmash terastallize, move irondefense\n>p1 move bodypress +1, move protect\n>p2 move iciclespear +1, move bodypress +2\n>p1 switch 5, pass\n>p1 move scaleshot +2 terastallize, move icywind\n>p2 move protect, move bodypress +2\n>p1 pass, switch 6\n>p1 move earthquake, move doubleedge +1\n>p2 move hydropump +1, move bodypress +2", "uploadtime": 1771002431, "views": 93, "formatid": "gen9randomdoublesbattle", "rating": 1741, "private": 0, "password": null}