{"id": "gen9randomdoublesbattle-2537890770", "format": "[Gen 9] Random Doubles Battle", "players": ["chupes", "pejelegante"], "log": "|j|☆chupes\n|j|☆pejelegante\n|t:|1770860122\n|gametype|doubles\n|player|p1|chupes|blaine|1735\n|player|p2|pejelegante|hugh|1851\n|gen|9\n|tier|[Gen 9] Random Doubles Battle\n|rated|\n|rule|Species Clause: Limit one of each Pokémon\n|rule|HP Percentage Mod: HP is shown in percentages\n|rule|Illusion Level Mod: Illusion disguises the Pokémon's true level\n|rule|Sleep Clause Mod: Limit one foe put to sleep\n|\n|t:|1770860122\n|teamsize|p1|6\n|teamsize|p2|6\n|start\n|switch|p1a: Mandibuzz|Mandibuzz, L85, F|326/326\n|switch|p1b: Farigiraf|Farigiraf, L84, F|339/339\n|switch|p2a: Pyroar|Pyroar, L83, M|278/278\n|switch|p2b: Ludicolo|Ludicolo, L89, F|287/287\n|-ability|p2a: Pyroar|Unnerve\n|turn|1\n|inactive|Battle timer is ON: inactive players will automatically lose when time's up. (requested by pejelegante)\n|inactive|chupes has 120 seconds left.\n|\n|t:|1770860162\n|move|p2a: Pyroar|Hyper Voice|p1b: Farigiraf|[spread] p1a,p1b\n|-damage|p1a: Mandibuzz|232/326\n|-damage|p1b: Farigiraf|218/339\n|-damage|p2a: Pyroar|251/278|[from] item: Life Orb\n|move|p1a: Mandibuzz|Snarl|p2b: Ludicolo|[spread] p2a,p2b\n|-damage|p2a: Pyroar|215/278\n|-damage|p2b: Ludicolo|263/287\n|-unboost|p2a: Pyroar|spa|1\n|-unboost|p2b: Ludicolo|spa|1\n|move|p2b: Ludicolo|Muddy Water|p1a: Mandibuzz|[spread] p1a,p1b\n|-damage|p1a: Mandibuzz|172/326\n|-damage|p1b: Farigiraf|143/339\n|-unboost|p1a: Mandibuzz|accuracy|1\n|-damage|p2b: Ludicolo|235/287|[from] item: Life Orb\n|move|p1b: Farigiraf|Trick Room|p1b: Farigiraf\n|-fieldstart|move: Trick Room|[of] p1b: Farigiraf\n|\n|upkeep\n|turn|2\n|inactive|chupes has 120 seconds left.\n|\n|t:|1770860202\n|move|p1b: Farigiraf|Hyper Voice|p2a: Pyroar|[spread] p2a,p2b\n|-damage|p2a: Pyroar|115/278\n|-damage|p2b: Ludicolo|174/287\n|move|p2b: Ludicolo|Muddy Water|p1a: Mandibuzz|[spread] p1a,p1b\n|-damage|p1a: Mandibuzz|108/326\n|-damage|p1b: Farigiraf|65/339\n|-damage|p2b: Ludicolo|146/287|[from] item: Life Orb\n|move|p1a: Mandibuzz|Roost|p1a: Mandibuzz\n|-heal|p1a: Mandibuzz|271/326\n|-singleturn|p1a: Mandibuzz|move: Roost\n|move|p2a: Pyroar|Hyper Voice|p1a: Mandibuzz|[spread] p1a,p1b\n|-damage|p1a: Mandibuzz|215/326\n|-damage|p1b: Farigiraf|0 fnt\n|faint|p1b: Farigiraf\n|-damage|p2a: Pyroar|88/278|[from] item: Life Orb\n|\n|upkeep\n|\n|t:|1770860230\n|switch|p1b: Perrserker|Perrserker, L88, M|266/266\n|turn|3\n|\n|t:|1770860245\n|move|p1b: Perrserker|Fake Out|p2b: Ludicolo\n|-damage|p2b: Ludicolo|99/287\n|cant|p2b: Ludicolo|flinch\n|move|p1a: Mandibuzz|Snarl|p2b: Ludicolo|[spread] p2a,p2b\n|-damage|p2a: Pyroar|48/278\n|-damage|p2b: Ludicolo|72/287\n|-unboost|p2a: Pyroar|spa|1\n|-unboost|p2b: Ludicolo|spa|1\n|move|p2a: Pyroar|Fire Blast|p1b: Perrserker\n|-supereffective|p1b: Perrserker\n|-damage|p1b: Perrserker|45/266\n|-damage|p2a: Pyroar|21/278|[from] item: Life Orb\n|\n|upkeep\n|turn|4\n|inactive|chupes has 120 seconds left.\n|\n|t:|1770860262\n|move|p1b: Perrserker|Iron Head|p2b: Ludicolo\n|-resisted|p2b: Ludicolo\n|-damage|p2b: Ludicolo|0 fnt\n|faint|p2b: Ludicolo\n|move|p1a: Mandibuzz|Foul Play|p2a: Pyroar|[miss]\n|-miss|p1a: Mandibuzz|p2a: Pyroar\n|move|p2a: Pyroar|Hyper Voice|p1b: Perrserker|[spread] p1a,p1b\n|-resisted|p1b: Perrserker\n|-damage|p1a: Mandibuzz|167/326\n|-damage|p1b: Perrserker|11/266\n|-damage|p2a: Pyroar|0 fnt|[from] item: Life Orb\n|faint|p2a: Pyroar\n|-enditem|p1b: Perrserker|Sitrus Berry|[eat]\n|-heal|p1b: Perrserker|77/266|[from] item: Sitrus Berry\n|\n|upkeep\n|\n|t:|1770860272\n|switch|p2b: Sylveon|Sylveon, L79, F|280/280\n|switch|p2a: Oranguru|Oranguru, L90, F|308/308\n|turn|5\n|\n|t:|1770860286\n|move|p2a: Oranguru|Hyper Voice|p1a: Mandibuzz|[spread] p1a,p1b\n|-resisted|p1b: Perrserker\n|-damage|p1a: Mandibuzz|92/326\n|-damage|p1b: Perrserker|26/266\n|-enditem|p1a: Mandibuzz|Sitrus Berry|[eat]\n|-heal|p1a: Mandibuzz|173/326|[from] item: Sitrus Berry\n|move|p1b: Perrserker|Iron Head|p2b: Sylveon\n|-supereffective|p2b: Sylveon\n|-damage|p2b: Sylveon|0 fnt\n|faint|p2b: Sylveon\n|move|p1a: Mandibuzz|Tailwind|p1a: Mandibuzz\n|-sidestart|p1: chupes|move: Tailwind\n|\n|-fieldend|move: Trick Room\n|upkeep\n|\n|t:|1770860293\n|switch|p2b: Manaphy|Manaphy, L78|284/284\n|turn|6\n|\n|t:|1770860309\n|move|p1a: Mandibuzz|Snarl|p2b: Manaphy|[spread] p2a,p2b\n|-supereffective|p2a: Oranguru\n|-damage|p2a: Oranguru|264/308\n|-damage|p2b: Manaphy|254/284\n|-unboost|p2a: Oranguru|spa|1\n|-unboost|p2b: Manaphy|spa|1\n|move|p1b: Perrserker|Iron Head|p2a: Oranguru\n|-damage|p2a: Oranguru|135/308\n|-enditem|p2a: Oranguru|Sitrus Berry|[eat]\n|-heal|p2a: Oranguru|212/308|[from] item: Sitrus Berry\n|move|p2b: Manaphy|Tail Glow|p2b: Manaphy\n|-boost|p2b: Manaphy|spa|3\n|move|p2a: Oranguru|Trick Room|p2a: Oranguru\n|-fieldstart|move: Trick Room|[of] p2a: Oranguru\n|\n|-heal|p2b: Manaphy|271/284|[from] item: Leftovers\n|upkeep\n|turn|7\n|\n|t:|1770860331\n|switch|p1b: Drifblim|Drifblim, L85, F|394/394\n|move|p2a: Oranguru|Hyper Voice|p1b: Drifblim|[spread] p1a\n|-immune|p1b: Drifblim\n|-damage|p1a: Mandibuzz|127/326\n|move|p2b: Manaphy|Ice Beam|p1a: Mandibuzz\n|-supereffective|p1a: Mandibuzz\n|-damage|p1a: Mandibuzz|0 fnt\n|faint|p1a: Mandibuzz\n|\n|-heal|p2b: Manaphy|284/284|[from] item: Leftovers\n|upkeep\n|inactive|chupes has 120 seconds left.\n|\n|t:|1770860348\n|switch|p1a: Baxcalibur|Baxcalibur, L78, M|307/307\n|turn|8\n|\n|t:|1770860372\n|move|p2a: Oranguru|Instruct|p2b: Manaphy\n|-singleturn|p2b: Manaphy|move: Instruct|[of] p2a: Oranguru\n|move|p2b: Manaphy|Ice Beam|p1a: Baxcalibur\n|-damage|p1a: Baxcalibur|193/307\n|move|p2b: Manaphy|Ice Beam|p1b: Drifblim\n|-supereffective|p1b: Drifblim\n|-damage|p1b: Drifblim|56/394\n|-enditem|p1b: Drifblim|Sitrus Berry|[eat]\n|-heal|p1b: Drifblim|154/394|[from] item: Sitrus Berry\n|move|p1a: Baxcalibur|Glaive Rush|p2a: Oranguru\n|-damage|p2a: Oranguru|0 fnt\n|-singlemove|p1a: Baxcalibur|Glaive Rush|[silent]\n|faint|p2a: Oranguru\n|move|p1b: Drifblim|Shadow Ball|p2b: Manaphy\n|-damage|p2b: Manaphy|206/284\n|\n|-heal|p2b: Manaphy|223/284|[from] item: Leftovers\n|-sideend|p1: chupes|move: Tailwind\n|upkeep\n|\n|t:|1770860382\n|switch|p2a: Mew|Mew, L84|305/305\n|turn|9\n|\n|t:|1770860404\n|move|p1a: Baxcalibur|Glaive Rush|p2b: Manaphy\n|-damage|p2b: Manaphy|0 fnt\n|-singlemove|p1a: Baxcalibur|Glaive Rush|[silent]\n|faint|p2b: Manaphy\n|move|p2a: Mew|Pollen Puff|p1a: Baxcalibur\n|-damage|p1a: Baxcalibur|39/307\n|move|p1b: Drifblim|Shadow Ball|p2a: Mew\n|-supereffective|p2a: Mew\n|-crit|p2a: Mew\n|-damage|p2a: Mew|83/305\n|-enditem|p2a: Mew|Sitrus Berry|[eat]\n|-heal|p2a: Mew|159/305|[from] item: Sitrus Berry\n|\n|upkeep\n|turn|10\n|\n|t:|1770860420\n|-terastallize|p2a: Mew|Steel\n|move|p1a: Baxcalibur|Glaive Rush|p2a: Mew\n|-resisted|p2a: Mew\n|-damage|p2a: Mew|54/305\n|-singlemove|p1a: Baxcalibur|Glaive Rush|[silent]\n|move|p2a: Mew|Tailwind|p2a: Mew\n|-sidestart|p2: pejelegante|move: Tailwind\n|move|p1b: Drifblim|Shadow Ball|p2a: Mew\n|-damage|p2a: Mew|0 fnt\n|faint|p2a: Mew\n|\n|win|chupes\n|raw|chupes's rating: 1735 &rarr; <strong>1761</strong><br />(+26 for winning)\n|raw|pejelegante's rating: 1851 &rarr; <strong>1825</strong><br />(-26 for losing)\n|c|☆pejelegante|Gg\n", "inputlog": ">version ccdc32dd7cde25fd9e4bed64820e885f66e78a4e\n>start {\"formatid\":\"gen9randomdoublesbattle\",\"seed\":\"sodium,48ccbb936ecbe15cf1ac5101c9a6f39b\",\"rated\":\"Rated battle\"}\n>player p1 {\"name\":\"chupes\",\"avatar\":\"blaine\",\"rating\":1735,\"seed\":\"sodium,9d7038b638258a4ad1db4498effe13f4\"}\n>player p2 {\"name\":\"pejelegante\",\"avatar\":\"hugh\",\"rating\":1851,\"seed\":\"sodium,53d3520a19d954349f483e384ce354ea\"}\n>p1 move snarl, move trickroom\n>p2 move hypervoice, move muddywater\n>p1 move roost, move hypervoice\n>p2 move hypervoice, move muddywater\n>p1 pass, switch 4\n>p1 move snarl, move fakeout +2\n>p2 move fireblast +2, move muddywater\n>p1 move foulplay +1, move ironhead +2\n>p2 move hypervoice, move muddywater\n>p2 switch 4, switch 6\n>p1 move tailwind, move ironhead +2\n>p2 move hypervoice, move hypervoice\n>p2 pass, switch 5\n>p1 move snarl, move ironhead +1\n>p2 move trickroom, move tailglow\n>p1 move snarl, switch 3\n>p2 move hypervoice, move icebeam +1\n>p1 switch 5, pass\n>p1 move glaiverush +1, move shadowball +2\n>p2 move instruct -2, move icebeam +2\n>p2 switch 3, pass\n>p1 move glaiverush +2, move shadowball +1\n>p2 move pollenpuff +1, move icebeam +2\n>p1 move glaiverush +1, move shadowball +1\n>p2 move tailwind terastallize, pass", "uploadtime": 1770860426, "views": 65, "formatid": "gen9randomdoublesbattle", "rating": 1761, "private": 0, "password": null}