{"id": "gen9randomdoublesbattle-2538972630", "format": "[Gen 9] Random Doubles Battle", "players": ["TheAlternativeHero", "Ljthomp04"], "log": "|j|☆TheAlternativeHero\n|j|☆Ljthomp04\n|t:|1770998861\n|gametype|doubles\n|player|p1|TheAlternativeHero|silver-masters|1602\n|player|p2|Ljthomp04|170|1551\n|gen|9\n|tier|[Gen 9] Random Doubles Battle\n|rated|\n|rule|Species Clause: Limit one of each Pokémon\n|rule|HP Percentage Mod: HP is shown in percentages\n|rule|Illusion Level Mod: Illusion disguises the Pokémon's true level\n|rule|Sleep Clause Mod: Limit one foe put to sleep\n|\n|t:|1770998861\n|teamsize|p1|6\n|teamsize|p2|6\n|start\n|switch|p1a: Dragapult|Dragapult, L79, F|269/269\n|switch|p1b: Hitmonlee|Hitmonlee, L86, M|226/226\n|switch|p2a: Blissey|Blissey, L96, F|645/645\n|switch|p2b: Zangoose|Zangoose, L87, F|269/269\n|turn|1\n|inactive|Battle timer is ON: inactive players will automatically lose when time's up. (requested by Ljthomp04)\n|\n|t:|1770998872\n|move|p2b: Zangoose|Protect|p2b: Zangoose\n|-singleturn|p2b: Zangoose|Protect\n|move|p1a: Dragapult|Dragon Darts|p2a: Blissey\n|-damage|p2a: Blissey|420/645\n|-anim|p1a: Dragapult|Dragon Darts|p2a: Blissey\n|-damage|p2a: Blissey|212/645\n|-enditem|p2a: Blissey|Sitrus Berry|[eat]\n|-heal|p2a: Blissey|373/645|[from] item: Sitrus Berry\n|move|p1b: Hitmonlee|Close Combat|p2a: Blissey\n|-supereffective|p2a: Blissey\n|-damage|p2a: Blissey|0 fnt\n|-unboost|p1b: Hitmonlee|def|1\n|-unboost|p1b: Hitmonlee|spd|1\n|faint|p2a: Blissey\n|-enditem|p1b: Hitmonlee|White Herb\n|-clearnegativeboost|p1b: Hitmonlee|[silent]\n|\n|-status|p2b: Zangoose|tox|[from] item: Toxic Orb\n|upkeep\n|\n|t:|1770998897\n|switch|p2a: Wugtrio|Wugtrio, L92, F|214/214\n|turn|2\n|\n|t:|1770998917\n|switch|p2b: Lunala|Lunala, L71|312/312\n|move|p1b: Hitmonlee|Knock Off|p2b: Lunala\n|-supereffective|p2b: Lunala\n|-damage|p2b: Lunala|110/312\n|-enditem|p2b: Lunala|Leftovers|[from] move: Knock Off|[of] p1b: Hitmonlee\n|move|p2a: Wugtrio|Throat Chop|p1a: Dragapult\n|-supereffective|p1a: Dragapult\n|-damage|p1a: Dragapult|3/269\n|-start|p1a: Dragapult|Throat Chop|[silent]\n|move|p1a: Dragapult|Dragon Darts|p2b: Lunala\n|-damage|p2b: Lunala|11/312\n|-anim|p1a: Dragapult|Dragon Darts|p2a: Wugtrio\n|-damage|p2a: Wugtrio|99/214\n|\n|upkeep\n|turn|3\n|\n|t:|1770998938\n|switch|p1a: Ampharos|Ampharos, L86, M|295/295\n|move|p2b: Lunala|Protect|p2b: Lunala\n|-singleturn|p2b: Lunala|Protect\n|move|p1b: Hitmonlee|Knock Off|p2b: Lunala\n|-activate|p2b: Lunala|move: Protect\n|move|p2a: Wugtrio|Throat Chop|p1a: Ampharos\n|-damage|p1a: Ampharos|195/295\n|-start|p1a: Ampharos|Throat Chop|[silent]\n|-status|p2a: Wugtrio|par|[from] ability: Static|[of] p1a: Ampharos\n|\n|upkeep\n|turn|4\n|\n|t:|1770998960\n|switch|p2a: Galvantula|Galvantula, L85, M|258/258\n|move|p1b: Hitmonlee|Knock Off|p2b: Lunala\n|-supereffective|p2b: Lunala\n|-damage|p2b: Lunala|0 fnt\n|faint|p2b: Lunala\n|move|p1a: Ampharos|Thunderbolt|p2a: Galvantula\n|-resisted|p2a: Galvantula\n|-damage|p2a: Galvantula|186/258\n|\n|-end|p1a: Ampharos|Throat Chop|[silent]\n|upkeep\n|inactive|Ljthomp04 has 120 seconds left.\n|\n|t:|1770998979\n|switch|p2b: Wugtrio|Wugtrio, L92, F|99/214 par\n|turn|5\n|\n|t:|1770998989\n|move|p1b: Hitmonlee|Knock Off|p2a: Galvantula\n|-damage|p2a: Galvantula|66/258\n|-enditem|p2a: Galvantula|Sitrus Berry|[from] move: Knock Off|[of] p1b: Hitmonlee\n|move|p2a: Galvantula|Sticky Web|p1a: Ampharos\n|-sidestart|p1: TheAlternativeHero|move: Sticky Web\n|move|p1a: Ampharos|Thunderbolt|p2b: Wugtrio\n|-supereffective|p2b: Wugtrio\n|-damage|p2b: Wugtrio|0 fnt\n|faint|p2b: Wugtrio\n|\n|upkeep\n|\n|t:|1770999001\n|switch|p2b: Zangoose|Zangoose, L87, F|269/269 tox\n|turn|6\n|\n|t:|1770999008\n|move|p1b: Hitmonlee|Knock Off|p2a: Galvantula\n|-damage|p2a: Galvantula|0 fnt\n|faint|p2a: Galvantula\n|move|p2b: Zangoose|Facade|p1b: Hitmonlee\n|-damage|p1b: Hitmonlee|0 fnt\n|faint|p1b: Hitmonlee\n|move|p1a: Ampharos|Dragon Tail|p2b: Zangoose\n|-damage|p2b: Zangoose|226/269 tox\n|drag|p2b: Drifblim|Drifblim, L85, F|394/394\n|\n|upkeep\n|\n|t:|1770999022\n|switch|p2a: Zangoose|Zangoose, L87, F|226/269 tox\n|switch|p1b: Dragapult|Dragapult, L79, F|3/269\n|-activate|p1b: Dragapult|move: Sticky Web\n|-fail|p1b: Dragapult|unboost|[from] ability: Clear Body|[of] p1b: Dragapult\n|turn|7\n|\n|t:|1770999039\n|move|p1b: Dragapult|Phantom Force||[still]\n|-prepare|p1b: Dragapult|Phantom Force\n|move|p2a: Zangoose|Knock Off|p1b: Dragapult|[miss]\n|-miss|p2a: Zangoose|p1b: Dragapult\n|move|p2b: Drifblim|Strength Sap|p1a: Ampharos\n|-unboost|p1a: Ampharos|atk|1\n|move|p1a: Ampharos|Thunderbolt|p2b: Drifblim\n|-supereffective|p2b: Drifblim\n|-damage|p2b: Drifblim|94/394\n|-enditem|p2b: Drifblim|Sitrus Berry|[eat]\n|-heal|p2b: Drifblim|192/394|[from] item: Sitrus Berry\n|\n|-damage|p2a: Zangoose|210/269 tox|[from] psn\n|upkeep\n|turn|8\n|\n|t:|1770999053\n|move|p2b: Drifblim|Tailwind|p2b: Drifblim\n|-sidestart|p2: Ljthomp04|move: Tailwind\n|move|p2a: Zangoose|Knock Off|p1b: Dragapult|[miss]\n|-miss|p2a: Zangoose|p1b: Dragapult\n|move|p1b: Dragapult|Phantom Force|p2b: Drifblim|[from] lockedmove\n|-supereffective|p2b: Drifblim\n|-damage|p2b: Drifblim|0 fnt\n|faint|p2b: Drifblim\n|move|p1a: Ampharos|Thunderbolt|p2a: Zangoose\n|-damage|p2a: Zangoose|66/269 tox\n|\n|-damage|p2a: Zangoose|34/269 tox|[from] psn\n|upkeep\n|turn|9\n|c|☆Ljthomp04|what!!!!!!!\n|\n|t:|1770999075\n|move|p2a: Zangoose|Facade|p1a: Ampharos\n|-damage|p1a: Ampharos|0 fnt\n|faint|p1a: Ampharos\n|move|p1b: Dragapult|Phantom Force||[still]\n|-prepare|p1b: Dragapult|Phantom Force\n|\n|-damage|p2a: Zangoose|0 fnt|[from] psn\n|faint|p2a: Zangoose\n|\n|win|TheAlternativeHero\n|raw|TheAlternativeHero's rating: 1602 &rarr; <strong>1619</strong><br />(+17 for winning)\n|raw|Ljthomp04's rating: 1551 &rarr; <strong>1534</strong><br />(-17 for losing)\n|l|☆Ljthomp04\n|player|p2|\n", "inputlog": ">version ccdc32dd7cde25fd9e4bed64820e885f66e78a4e\n>start {\"formatid\":\"gen9randomdoublesbattle\",\"seed\":\"sodium,6cfdba4fd41f421390a20e49a854d1b6\",\"rated\":\"Rated battle\"}\n>player p1 {\"name\":\"TheAlternativeHero\",\"avatar\":\"silver-masters\",\"rating\":1602,\"seed\":\"sodium,89d2f1f3660763df8d8d412247cd4bbe\"}\n>player p2 {\"name\":\"Ljthomp04\",\"avatar\":\"170\",\"rating\":1551,\"seed\":\"sodium,c12b4f5f25fdf70db9a5e69fc6d43d66\"}\n>p1 move dragondarts +1, move closecombat +1\n>p2 move thunderwave +2, move protect\n>p2 switch 5, pass\n>p1 move dragondarts +2, move knockoff +2\n>p2 move throatchop +1, switch 4\n>p1 switch 4, move knockoff +2\n>p2 move throatchop +1, move protect\n>p1 move thunderbolt +1, move knockoff +2\n>p2 switch 3, move moonblast +2\n>p2 pass, switch 3\n>p1 move thunderbolt +2, move knockoff +1\n>p2 move stickyweb, move stompingtantrum +1\n>p2 pass, switch 4\n>p1 move dragontail +2, move knockoff +1\n>p2 move bugbuzz +2, move facade +2\n>p1 pass, switch 4\n>p2 switch 6, pass\n>p1 move thunderbolt +2, move phantomforce +2\n>p2 move knockoff +2, move strengthsap +1\n>p1 move thunderbolt +1, move phantomforce +2\n>p2 move knockoff +2, move tailwind\n>chat ☆Ljthomp04|what!!!!!!!\n>p1 move thunderbolt +1, move phantomforce +1\n>p2 move facade +1, pass", "uploadtime": 1770999123, "views": 90, "formatid": "gen9randomdoublesbattle", "rating": 1534, "private": 0, "password": null}