{"id": "gen9randomdoublesbattle-2539040723", "format": "[Gen 9] Random Doubles Battle", "players": ["Conte18", "crustytoejam"], "log": "|j|☆Conte18\n|j|☆crustytoejam\n|t:|1771005514\n|gametype|doubles\n|player|p1|Conte18|102|1673\n|player|p2|crustytoejam|clown|1739\n|gen|9\n|tier|[Gen 9] Random Doubles Battle\n|rated|\n|rule|Species Clause: Limit one of each Pokémon\n|rule|HP Percentage Mod: HP is shown in percentages\n|rule|Illusion Level Mod: Illusion disguises the Pokémon's true level\n|rule|Sleep Clause Mod: Limit one foe put to sleep\n|\n|t:|1771005514\n|teamsize|p1|6\n|teamsize|p2|6\n|start\n|switch|p1a: Bellibolt|Bellibolt, L81, F|309/309\n|switch|p1b: Tropius|Tropius, L94, F|339/339\n|switch|p2a: Houndoom|Houndoom, L86, F|269/269\n|switch|p2b: Ariados|Ariados, M|302/302\n|turn|1\n|inactive|Battle timer is ON: inactive players will automatically lose when time's up. (requested by crustytoejam)\n|\n|t:|1771005537\n|move|p1b: Tropius|Wide Guard|p1b: Tropius\n|-singleturn|p1b: Tropius|Wide Guard\n|move|p2a: Houndoom|Heat Wave|p1a: Bellibolt|[spread] \n|-activate|p1a: Bellibolt|move: Wide Guard\n|-activate|p1b: Tropius|move: Wide Guard\n|move|p2b: Ariados|Megahorn|p1b: Tropius\n|-damage|p1b: Tropius|189/339\n|move|p1a: Bellibolt|Electroweb|p2a: Houndoom|[spread] p2a,p2b\n|-damage|p2a: Houndoom|224/269\n|-damage|p2b: Ariados|260/302\n|-unboost|p2a: Houndoom|spe|1\n|-unboost|p2b: Ariados|spe|1\n|\n|upkeep\n|turn|2\n|\n|t:|1771005556\n|move|p1b: Tropius|Tailwind|p1b: Tropius\n|-sidestart|p1: Conte18|move: Tailwind\n|move|p1a: Bellibolt|Muddy Water|p2a: Houndoom|[spread] p2b\n|-miss|p1a: Bellibolt|p2a: Houndoom\n|-damage|p2b: Ariados|215/302\n|move|p2a: Houndoom|Heat Wave|p1b: Tropius|[spread] p1a,p1b\n|-supereffective|p1b: Tropius\n|-damage|p1a: Bellibolt|191/309\n|-damage|p1b: Tropius|0 fnt\n|-start|p1a: Bellibolt|Charge|Heat Wave|[from] ability: Electromorphosis\n|faint|p1b: Tropius\n|-damage|p2a: Houndoom|198/269|[from] item: Life Orb\n|move|p2b: Ariados|Sticky Web|p1a: Bellibolt\n|-sidestart|p1: Conte18|move: Sticky Web\n|\n|upkeep\n|inactive|Conte18 has 120 seconds left.\n|\n|t:|1771005579\n|switch|p1b: Hariyama|Hariyama, L85, M|384/384\n|-activate|p1b: Hariyama|move: Sticky Web\n|-unboost|p1b: Hariyama|spe|1\n|turn|3\n|\n|t:|1771005591\n|move|p1b: Hariyama|Fake Out|p2b: Ariados\n|-damage|p2b: Ariados|179/302\n|-damage|p1b: Hariyama|320/384|[from] item: Rocky Helmet|[of] p2b: Ariados\n|cant|p2b: Ariados|flinch\n|move|p1a: Bellibolt|Thunderbolt|p2b: Ariados\n|-damage|p2b: Ariados|0 fnt\n|faint|p2b: Ariados\n|-end|p1a: Bellibolt|Charge|[silent]\n|move|p2a: Houndoom|Heat Wave|p1b: Hariyama|[spread] p1a,p1b\n|-damage|p1a: Bellibolt|58/309\n|-damage|p1b: Hariyama|272/384\n|-start|p1a: Bellibolt|Charge|Heat Wave|[from] ability: Electromorphosis\n|-enditem|p1a: Bellibolt|Sitrus Berry|[eat]\n|-heal|p1a: Bellibolt|135/309|[from] item: Sitrus Berry\n|-damage|p2a: Houndoom|172/269|[from] item: Life Orb\n|\n|upkeep\n|\n|t:|1771005594\n|switch|p2b: Scrafty|Scrafty, L83, F|244/244\n|-ability|p2b: Scrafty|Intimidate|boost\n|-unboost|p1a: Bellibolt|atk|1\n|-unboost|p1b: Hariyama|atk|1\n|turn|4\n|\n|t:|1771005608\n|move|p1a: Bellibolt|Muddy Water|p2b: Scrafty|[spread] p2b\n|-miss|p1a: Bellibolt|p2a: Houndoom\n|-damage|p2b: Scrafty|216/244\n|move|p1b: Hariyama|Close Combat|p2a: Houndoom\n|-supereffective|p2a: Houndoom\n|-damage|p2a: Houndoom|0 fnt\n|-unboost|p1b: Hariyama|def|1\n|-unboost|p1b: Hariyama|spd|1\n|faint|p2a: Houndoom\n|move|p2b: Scrafty|Snarl|p1b: Hariyama|[spread] p1a,p1b\n|-resisted|p1b: Hariyama\n|-damage|p1a: Bellibolt|107/309\n|-damage|p1b: Hariyama|255/384\n|-unboost|p1a: Bellibolt|spa|1\n|-unboost|p1b: Hariyama|spa|1\n|-start|p1a: Bellibolt|Charge|Snarl|[from] ability: Electromorphosis\n|\n|upkeep\n|\n|t:|1771005614\n|switch|p2a: Floatzel|Floatzel, L86, F|286/286\n|turn|5\n|\n|t:|1771005629\n|-terastallize|p2a: Floatzel|Water\n|move|p2a: Floatzel|Aqua Jet|p1a: Bellibolt\n|-damage|p1a: Bellibolt|7/309\n|-start|p1a: Bellibolt|Charge|Aqua Jet|[from] ability: Electromorphosis\n|move|p1a: Bellibolt|Thunderbolt|p2a: Floatzel\n|-supereffective|p2a: Floatzel\n|-damage|p2a: Floatzel|0 fnt\n|faint|p2a: Floatzel\n|-end|p1a: Bellibolt|Charge|[silent]\n|move|p1b: Hariyama|Close Combat|p2b: Scrafty\n|-supereffective|p2b: Scrafty\n|-damage|p2b: Scrafty|46/244\n|-unboost|p1b: Hariyama|def|1\n|-unboost|p1b: Hariyama|spd|1\n|move|p2b: Scrafty|Knock Off|p1b: Hariyama\n|-resisted|p1b: Hariyama\n|-damage|p1b: Hariyama|123/384\n|-enditem|p1b: Hariyama|Assault Vest|[from] move: Knock Off|[of] p2b: Scrafty\n|\n|-sideend|p1: Conte18|move: Tailwind\n|upkeep\n|\n|t:|1771005639\n|switch|p2a: Dewgong|Dewgong, L91, M|312/312\n|turn|6\n|\n|t:|1771005650\n|move|p1b: Hariyama|Feint|p2b: Scrafty\n|-damage|p2b: Scrafty|31/244\n|move|p2a: Dewgong|Icy Wind|p1b: Hariyama|[spread] p1a,p1b\n|-damage|p1a: Bellibolt|0 fnt\n|-damage|p1b: Hariyama|68/384\n|-unboost|p1b: Hariyama|spe|1\n|faint|p1a: Bellibolt\n|move|p2b: Scrafty|Close Combat|p1b: Hariyama\n|-crit|p1b: Hariyama\n|-damage|p1b: Hariyama|0 fnt\n|-unboost|p2b: Scrafty|def|1\n|-unboost|p2b: Scrafty|spd|1\n|faint|p1b: Hariyama\n|\n|upkeep\n|\n|t:|1771005668\n|switch|p1b: Smeargle|Smeargle, M|272/272\n|switch|p1a: Skeledirge|Skeledirge, L80, M|298/298\n|-activate|p1b: Smeargle|move: Sticky Web\n|-unboost|p1b: Smeargle|spe|1\n|-activate|p1a: Skeledirge|move: Sticky Web\n|-unboost|p1a: Skeledirge|spe|1\n|turn|7\n|\n|t:|1771005678\n|-terastallize|p1a: Skeledirge|Fairy\n|move|p1b: Smeargle|Spiky Shield|p1b: Smeargle\n|-singleturn|p1b: Smeargle|move: Protect\n|move|p2a: Dewgong|Icy Wind|p1a: Skeledirge|[spread] p1a\n|-activate|p1b: Smeargle|move: Protect\n|-crit|p1a: Skeledirge\n|-damage|p1a: Skeledirge|223/298\n|-unboost|p1a: Skeledirge|spe|1\n|move|p2b: Scrafty|Knock Off|p1a: Skeledirge\n|-resisted|p1a: Skeledirge\n|-damage|p1a: Skeledirge|180/298\n|-enditem|p1a: Skeledirge|Leftovers|[from] move: Knock Off|[of] p2b: Scrafty\n|move|p1a: Skeledirge|Torch Song|p2b: Scrafty\n|-damage|p2b: Scrafty|0 fnt\n|-boost|p1a: Skeledirge|spa|1\n|faint|p2b: Scrafty\n|\n|upkeep\n|\n|t:|1771005681\n|switch|p2b: Fezandipiti|Fezandipiti, L81, M|275/275\n|turn|8\n|\n|t:|1771005701\n|move|p1a: Skeledirge|Protect|p1a: Skeledirge\n|-singleturn|p1a: Skeledirge|Protect\n|move|p2b: Fezandipiti|Icy Wind|p1a: Skeledirge|[spread] p1b\n|-activate|p1a: Skeledirge|move: Protect\n|-damage|p1b: Smeargle|244/272\n|-unboost|p1b: Smeargle|spe|1\n|-status|p1b: Smeargle|tox|[from] ability: Toxic Chain|[of] p2b: Fezandipiti\n|move|p2a: Dewgong|Encore|p1b: Smeargle\n|-start|p1b: Smeargle|Encore\n|move|p1b: Smeargle|Spiky Shield||[still]\n|-fail|p1b: Smeargle\n|\n|-damage|p1b: Smeargle|227/272 tox|[from] psn\n|upkeep\n|turn|9\n|\n|t:|1771005713\n|move|p1b: Smeargle|Spiky Shield|p1b: Smeargle\n|-singleturn|p1b: Smeargle|move: Protect\n|move|p2b: Fezandipiti|Icy Wind|p1b: Smeargle|[spread] p1a\n|-activate|p1b: Smeargle|move: Protect\n|-damage|p1a: Skeledirge|157/298\n|-unboost|p1a: Skeledirge|spe|1\n|move|p2a: Dewgong|Encore|p1a: Skeledirge\n|-start|p1a: Skeledirge|Encore\n|move|p1a: Skeledirge|Protect||[still]\n|-fail|p1a: Skeledirge\n|\n|-damage|p1b: Smeargle|193/272 tox|[from] psn\n|upkeep\n|turn|10\n|\n|t:|1771005723\n|switch|p1b: Darkrai|Darkrai, L80|243/243\n|-activate|p1b: Darkrai|move: Sticky Web\n|-unboost|p1b: Darkrai|spe|1\n|move|p1a: Skeledirge|Protect|p1a: Skeledirge\n|-singleturn|p1a: Skeledirge|Protect\n|move|p2b: Fezandipiti|Moonblast|p1a: Skeledirge\n|-activate|p1a: Skeledirge|move: Protect\n|move|p2a: Dewgong|Hydro Pump|p1a: Skeledirge\n|-activate|p1a: Skeledirge|move: Protect\n|\n|upkeep\n|turn|11\n|\n|t:|1771005731\n|switch|p1a: Smeargle|Smeargle, M|193/272 tox\n|-activate|p1a: Smeargle|move: Sticky Web\n|-unboost|p1a: Smeargle|spe|1\n|move|p2b: Fezandipiti|Moonblast|p1b: Darkrai\n|-supereffective|p1b: Darkrai\n|-damage|p1b: Darkrai|93/243\n|-status|p1b: Darkrai|tox|[from] ability: Toxic Chain|[of] p2b: Fezandipiti\n|move|p2a: Dewgong|Icy Wind|p1b: Darkrai|[spread] p1a,p1b\n|-damage|p1a: Smeargle|136/272 tox\n|-damage|p1b: Darkrai|54/243 tox\n|-unboost|p1a: Smeargle|spe|1\n|-unboost|p1b: Darkrai|spe|1\n|move|p1b: Darkrai|Focus Blast|p2a: Dewgong|[miss]\n|-miss|p1b: Darkrai|p2a: Dewgong\n|\n|-damage|p1b: Darkrai|39/243 tox|[from] psn\n|-damage|p1a: Smeargle|119/272 tox|[from] psn\n|upkeep\n|turn|12\n|\n|t:|1771005754\n|move|p2b: Fezandipiti|Icy Wind|p1a: Smeargle|[spread] p1a,p1b\n|-damage|p1a: Smeargle|89/272 tox\n|-damage|p1b: Darkrai|15/243 tox\n|-unboost|p1a: Smeargle|spe|1\n|-unboost|p1b: Darkrai|spe|1\n|move|p2a: Dewgong|Icy Wind|p1a: Smeargle|[spread] \n|-miss|p2a: Dewgong|p1a: Smeargle\n|-miss|p2a: Dewgong|p1b: Darkrai\n|move|p1b: Darkrai|Focus Blast|p2a: Dewgong|[miss]\n|-miss|p1b: Darkrai|p2a: Dewgong\n|move|p1a: Smeargle|No Retreat|p1a: Smeargle\n|-boost|p1a: Smeargle|atk|1\n|-boost|p1a: Smeargle|def|1\n|-boost|p1a: Smeargle|spa|1\n|-boost|p1a: Smeargle|spd|1\n|-boost|p1a: Smeargle|spe|1\n|-start|p1a: Smeargle|move: No Retreat\n|\n|-damage|p1a: Smeargle|55/272 tox|[from] psn\n|-damage|p1b: Darkrai|0 fnt|[from] psn\n|faint|p1b: Darkrai\n|upkeep\n|\n|t:|1771005758\n|switch|p1b: Skeledirge|Skeledirge, L80, M, tera:Fairy|157/298\n|-activate|p1b: Skeledirge|move: Sticky Web\n|-unboost|p1b: Skeledirge|spe|1\n|turn|13\n|\n|t:|1771005775\n|move|p2b: Fezandipiti|Icy Wind|p1a: Smeargle|[spread] p1a,p1b\n|-damage|p1a: Smeargle|35/272 tox\n|-damage|p1b: Skeledirge|133/298\n|-unboost|p1a: Smeargle|spe|1\n|-unboost|p1b: Skeledirge|spe|1\n|move|p2a: Dewgong|Encore|p1a: Smeargle\n|-start|p1a: Smeargle|Encore\n|move|p1a: Smeargle|No Retreat||[still]\n|-fail|p1a: Smeargle\n|move|p1b: Skeledirge|Torch Song|p2a: Dewgong\n|-damage|p2a: Dewgong|272/312\n|-boost|p1b: Skeledirge|spa|1\n|\n|-damage|p1a: Smeargle|0 fnt|[from] psn\n|faint|p1a: Smeargle\n|upkeep\n|turn|14\n|-message|Conte18 forfeited.\n|\n|win|crustytoejam\n|raw|Conte18's rating: 1673 &rarr; <strong>1658</strong><br />(-15 for losing)\n|raw|crustytoejam's rating: 1760 &rarr; <strong>1775</strong><br />(+15 for winning)\n|l|☆Conte18\n|player|p1|\n", "inputlog": ">version ccdc32dd7cde25fd9e4bed64820e885f66e78a4e\n>start {\"formatid\":\"gen9randomdoublesbattle\",\"seed\":\"sodium,32a652a735a6f1a986e5f28a4a9dffc7\",\"rated\":\"Rated battle\"}\n>player p1 {\"name\":\"Conte18\",\"avatar\":\"102\",\"rating\":1673,\"seed\":\"sodium,e3d980db157a44789d93f8070af1c1c8\"}\n>player p2 {\"name\":\"crustytoejam\",\"avatar\":\"clown\",\"rating\":1739,\"seed\":\"sodium,f159a214158d9d715e69b302b00d4310\"}\n>p1 move electroweb, move wideguard\n>p2 move heatwave, move megahorn +2\n>p1 move muddywater, move tailwind\n>p2 move heatwave, move stickyweb\n>p1 pass, switch 6\n>p1 move thunderbolt +2, move fakeout +2\n>p2 move heatwave, move ragepowder\n>p2 pass, switch 5\n>p1 move muddywater, move closecombat +1\n>p2 move heatwave, move snarl\n>p2 switch 3, pass\n>p1 move thunderbolt +1, move closecombat +1\n>p2 move aquajet +1 terastallize, move knockoff +2\n>p2 switch 4, pass\n>p1 move electroweb, move feint +2\n>p2 move icywind, move closecombat +2\n>p1 switch 5, switch 3\n>p1 move torchsong +2 terastallize, move spikyshield\n>p2 move icywind, move knockoff +1\n>p2 pass, switch 6\n>p1 move protect, move noretreat\n>p2 move encore +2, move icywind\n>chat ☆crustytoejam|He he\n>p1 move torchsong +2, move spikyshield\n>p2 move encore +1, move icywind\n>p1 move protect, switch 4\n>p2 move hydropump +1, move moonblast +1\n>p1 switch 4, move focusblast +1\n>p2 move icywind, move moonblast +2\n>chat ☆crustytoejam|Trapped\n>p1 move noretreat, move focusblast +1\n>p2 move icywind, move icywind\n>p1 pass, switch 4\n>p1 move populationbomb +2, move torchsong +1\n>p2 move encore +1, move icywind\n>forcelose p1", "uploadtime": 1771005790, "views": 77, "formatid": "gen9randomdoublesbattle", "rating": 1658, "private": 0, "password": null}