{"id": "gen9randomdoublesbattle-2537900352", "format": "[Gen 9] Random Doubles Battle", "players": ["Bondguy", "pejelegante"], "log": "|j|☆Bondguy\n|j|☆pejelegante\n|t:|1770861291\n|gametype|doubles\n|player|p1|Bondguy|2|1844\n|player|p2|pejelegante|hugh|1803\n|gen|9\n|tier|[Gen 9] Random Doubles Battle\n|rated|\n|rule|Species Clause: Limit one of each Pokémon\n|rule|HP Percentage Mod: HP is shown in percentages\n|rule|Illusion Level Mod: Illusion disguises the Pokémon's true level\n|rule|Sleep Clause Mod: Limit one foe put to sleep\n|\n|t:|1770861291\n|teamsize|p1|6\n|teamsize|p2|6\n|start\n|switch|p1a: Calyrex|Calyrex-Shadow, L63|231/231\n|switch|p1b: Dragapult|Dragapult, L79, F|269/269\n|switch|p2a: Leavanny|Leavanny, L91, M|284/284\n|switch|p2b: Oinkologne|Oinkologne-F, L92, F|361/361\n|-ability|p1a: Calyrex|As One\n|-ability|p1a: Calyrex|Unnerve\n|turn|1\n|inactive|Battle timer is ON: inactive players will automatically lose when time's up. (requested by pejelegante)\n|inactive|Bondguy also wants the timer to be on.\n|inactive|Bondguy has 120 seconds left.\n|\n|t:|1770861341\n|switch|p1a: Eelektross|Eelektross, L86, F|286/286\n|-terastallize|p1b: Dragapult|Dragon\n|move|p1b: Dragapult|Dragon Darts|p2a: Leavanny\n|-damage|p2a: Leavanny|185/284\n|-anim|p1b: Dragapult|Dragon Darts|p2b: Oinkologne\n|-damage|p2b: Oinkologne|265/361\n|-damage|p1b: Dragapult|243/269|[from] item: Life Orb\n|move|p2a: Leavanny|Knock Off|p1b: Dragapult\n|-crit|p1b: Dragapult\n|-damage|p1b: Dragapult|103/269\n|-enditem|p1b: Dragapult|Life Orb|[from] move: Knock Off|[of] p2a: Leavanny\n|move|p2b: Oinkologne|Lash Out|p1a: Eelektross\n|-damage|p1a: Eelektross|187/286\n|\n|upkeep\n|turn|2\n|\n|t:|1770861360\n|move|p1b: Dragapult|Draco Meteor|p2b: Oinkologne\n|-damage|p2b: Oinkologne|111/361\n|-unboost|p1b: Dragapult|spa|2\n|move|p2a: Leavanny|Sticky Web|p1b: Dragapult\n|-sidestart|p1: Bondguy|move: Sticky Web\n|move|p2b: Oinkologne|Lash Out|p1b: Dragapult\n|-damage|p1b: Dragapult|0 fnt\n|faint|p1b: Dragapult\n|move|p1a: Eelektross|Flamethrower|p2a: Leavanny\n|-supereffective|p2a: Leavanny\n|-damage|p2a: Leavanny|0 fnt\n|faint|p2a: Leavanny\n|\n|upkeep\n|\n|t:|1770861378\n|switch|p1b: Lugia|Lugia, L71|268/268\n|switch|p2a: Mienshao|Mienshao, L84, M|246/246\n|turn|3\n|\n|t:|1770861390\n|move|p2a: Mienshao|Fake Out|p1a: Eelektross\n|-damage|p1a: Eelektross|148/286\n|move|p1b: Lugia|Aeroblast|p2a: Mienshao|[miss]\n|-miss|p1b: Lugia|p2a: Mienshao\n|move|p2b: Oinkologne|Lash Out|p1b: Lugia\n|-supereffective|p1b: Lugia\n|-damage|p1b: Lugia|195/268\n|cant|p1a: Eelektross|flinch\n|\n|-heal|p1b: Lugia|211/268|[from] item: Leftovers\n|upkeep\n|turn|4\n|\n|t:|1770861402\n|move|p2a: Mienshao|Triple Axel|p1b: Lugia\n|-supereffective|p1b: Lugia\n|-damage|p1b: Lugia|183/268\n|-supereffective|p1b: Lugia\n|-damage|p1b: Lugia|119/268\n|-supereffective|p1b: Lugia\n|-damage|p1b: Lugia|25/268\n|-hitcount|p1b: Lugia|3\n|move|p1b: Lugia|Aeroblast|p2a: Mienshao\n|-supereffective|p2a: Mienshao\n|-damage|p2a: Mienshao|58/246\n|move|p2b: Oinkologne|Lash Out|p1a: Eelektross\n|-damage|p1a: Eelektross|56/286\n|move|p1a: Eelektross|Thunderbolt|p2b: Oinkologne\n|-damage|p2b: Oinkologne|21/361\n|\n|-heal|p1b: Lugia|41/268|[from] item: Leftovers\n|upkeep\n|turn|5\n|\n|t:|1770861415\n|move|p2a: Mienshao|Knock Off|p1b: Lugia\n|-supereffective|p1b: Lugia\n|-damage|p1b: Lugia|0 fnt\n|-enditem|p1b: Lugia|Leftovers|[from] move: Knock Off|[of] p2a: Mienshao\n|faint|p1b: Lugia\n|move|p2b: Oinkologne|Lash Out|p1a: Eelektross\n|-damage|p1a: Eelektross|0 fnt\n|faint|p1a: Eelektross\n|\n|upkeep\n|\n|t:|1770861418\n|switch|p1b: Rhyperior|Rhyperior, L82, M|323/323\n|switch|p1a: Calyrex|Calyrex-Shadow, L63|238/238\n|-activate|p1a: Calyrex|move: Sticky Web\n|-unboost|p1a: Calyrex|spe|1\n|-activate|p1b: Rhyperior|move: Sticky Web\n|-unboost|p1b: Rhyperior|spe|1\n|turn|6\n|\n|t:|1770861447\n|move|p2a: Mienshao|Close Combat|p1b: Rhyperior\n|-supereffective|p1b: Rhyperior\n|-damage|p1b: Rhyperior|142/323\n|-unboost|p2a: Mienshao|def|1\n|-unboost|p2a: Mienshao|spd|1\n|move|p2b: Oinkologne|Lash Out|p1a: Calyrex\n|-resisted|p1a: Calyrex\n|-damage|p1a: Calyrex|184/238\n|replace|p1a: Zoroark|Zoroark, L84, M\n|-end|p1a: Zoroark|Illusion\n|-hint|Illusion Level Mod is active, so this Pokémon's true level was hidden.\n|move|p1a: Zoroark|Sludge Bomb|p2a: Mienshao\n|-damage|p2a: Mienshao|0 fnt\n|faint|p2a: Mienshao\n|move|p1b: Rhyperior|High Horsepower|p2b: Oinkologne\n|-damage|p2b: Oinkologne|0 fnt\n|faint|p2b: Oinkologne\n|\n|upkeep\n|inactive|pejelegante has 120 seconds left.\n|\n|t:|1770861472\n|switch|p2a: Scream Tail|Scream Tail, L82|323/323\n|switch|p2b: Golduck|Golduck, L91, F|293/293\n|-ability|p2b: Golduck|Cloud Nine\n|turn|7\n|\n|t:|1770861478\n|move|p2a: Scream Tail|Play Rough|p1a: Zoroark\n|-supereffective|p1a: Zoroark\n|-damage|p1a: Zoroark|20/238\n|-unboost|p1a: Zoroark|atk|1\n|move|p2b: Golduck|Grass Knot|p1b: Rhyperior\n|-supereffective|p1b: Rhyperior\n|-damage|p1b: Rhyperior|0 fnt\n|faint|p1b: Rhyperior\n|-damage|p2b: Golduck|264/293|[from] item: Life Orb\n|move|p1a: Zoroark|Sludge Bomb|p2a: Scream Tail\n|-supereffective|p2a: Scream Tail\n|-damage|p2a: Scream Tail|143/323\n|-enditem|p2a: Scream Tail|Sitrus Berry|[eat]\n|-heal|p2a: Scream Tail|223/323|[from] item: Sitrus Berry\n|\n|upkeep\n|\n|t:|1770861480\n|switch|p1b: Calyrex|Calyrex-Shadow, L63|231/231\n|-ability|p1b: Calyrex|As One\n|-ability|p1b: Calyrex|Unnerve\n|-activate|p1b: Calyrex|move: Sticky Web\n|-unboost|p1b: Calyrex|spe|1\n|turn|8\n|\n|t:|1770861488\n|move|p2a: Scream Tail|Play Rough|p1b: Calyrex\n|-damage|p1b: Calyrex|141/231\n|move|p2b: Golduck|Ice Beam|p1a: Zoroark\n|-damage|p1a: Zoroark|0 fnt\n|faint|p1a: Zoroark\n|-damage|p2b: Golduck|235/293|[from] item: Life Orb\n|move|p1b: Calyrex|Astral Barrage|p2a: Scream Tail|[spread] p2a,p2b\n|-supereffective|p2a: Scream Tail\n|-damage|p2a: Scream Tail|36/323\n|-damage|p2b: Golduck|118/293\n|-damage|p1b: Calyrex|118/231|[from] item: Life Orb\n|\n|upkeep\n|turn|9\n|\n|t:|1770861500\n|move|p2a: Scream Tail|Disable|p1b: Calyrex\n|-start|p1b: Calyrex|Disable|Astral Barrage\n|move|p2b: Golduck|Encore|p1b: Calyrex\n|-start|p1b: Calyrex|Encore\n|cant|p1b: Calyrex|Disable|Astral Barrage\n|\n|upkeep\n|turn|10\n|c|☆pejelegante|Gg\n|l|☆Bondguy\n|inactive|Bondguy disconnected and has a minute to reconnect!\n|player|p1|\n|\n|t:|1770861510\n|-end|p2a: Scream Tail|Protosynthesis|[silent]\n|switch|p2a: Brute Bonnet|Brute Bonnet, L80|309/309\n|move|p2b: Golduck|Hydro Pump|p1b: Calyrex\n|-damage|p1b: Calyrex|0 fnt\n|faint|p1b: Calyrex\n|-damage|p2b: Golduck|89/293|[from] item: Life Orb\n|\n|win|pejelegante\n|raw|Bondguy's rating: 1844 &rarr; <strong>1822</strong><br />(-22 for losing)\n|raw|pejelegante's rating: 1803 &rarr; <strong>1825</strong><br />(+22 for winning)\n", "inputlog": ">version ccdc32dd7cde25fd9e4bed64820e885f66e78a4e\n>start {\"formatid\":\"gen9randomdoublesbattle\",\"seed\":\"sodium,e35d595b6d874bfa49ce1e73630c6cbf\",\"rated\":\"Rated battle\"}\n>player p1 {\"name\":\"Bondguy\",\"avatar\":\"2\",\"rating\":1844,\"seed\":\"sodium,18f1ba1ca5e3b651ac550cada42322be\"}\n>player p2 {\"name\":\"pejelegante\",\"avatar\":\"hugh\",\"rating\":1803,\"seed\":\"sodium,139f71a7697f7e0b0eada6e6e4845433\"}\n>p1 switch 6, move dragondarts +1 terastallize\n>p2 move knockoff +2, move lashout +1\n>p1 move flamethrower +1, move dracometeor +2\n>p2 move stickyweb, move lashout +2\n>p1 pass, switch 5\n>p2 switch 4, pass\n>p1 move thunderbolt +2, move aeroblast +1\n>p2 move fakeout +1, move lashout +2\n>p1 move thunderbolt +2, move aeroblast +1\n>p2 move tripleaxel +2, move lashout +1\n>p1 move knockoff +2, move recover\n>p2 move knockoff +2, move lashout +1\n>p1 switch 3, switch 4\n>p1 move sludgebomb +1, move highhorsepower +2\n>p2 move closecombat +2, move lashout +1\n>p2 switch 6, switch 3\n>p1 move sludgebomb +1, move highhorsepower +1\n>p2 move playrough +1, move grassknot +2\n>p1 pass, switch 6\n>p1 move sludgebomb +2, move astralbarrage\n>p2 move playrough +2, move icebeam +1\n>p1 pass, move astralbarrage\n>p2 move disable +2, move encore +2\n>chat ☆pejelegante|Gg\n>p1 pass, move struggle\n>p2 switch 5, move hydropump +2", "uploadtime": 1770861515, "views": 68, "formatid": "gen9randomdoublesbattle", "rating": 1822, "private": 0, "password": null}