{"id": "gen9randomdoublesbattle-2538987761", "format": "[Gen 9] Random Doubles Battle", "players": ["Dunsparceismyhomie", "twixx1717"], "log": "|j|☆Dunsparceismyhomie\n|j|☆twixx1717\n|t:|1771000353\n|gametype|doubles\n|player|p1|Dunsparceismyhomie|101|1737\n|player|p2|twixx1717|cynthia-gen4|1693\n|gen|9\n|tier|[Gen 9] Random Doubles Battle\n|rated|\n|rule|Species Clause: Limit one of each Pokémon\n|rule|HP Percentage Mod: HP is shown in percentages\n|rule|Illusion Level Mod: Illusion disguises the Pokémon's true level\n|rule|Sleep Clause Mod: Limit one foe put to sleep\n|\n|t:|1771000353\n|teamsize|p1|6\n|teamsize|p2|6\n|start\n|switch|p1a: Dragalge|Dragalge, L88, M|258/258\n|switch|p1b: Regidrago|Regidrago, L74|418/418\n|switch|p2a: Alomomola|Alomomola, L96, M|472/472\n|switch|p2b: Rabsca|Rabsca, L87, M|272/272\n|turn|1\n|inactive|Battle timer is ON: inactive players will automatically lose when time's up. (requested by twixx1717)\n|\n|t:|1771000385\n|switch|p1b: Kingambit|Kingambit, L77, M|281/281\n|move|p2a: Alomomola|Wide Guard|p2a: Alomomola\n|-singleturn|p2a: Alomomola|Wide Guard\n|move|p1a: Dragalge|Sludge Bomb|p2b: Rabsca\n|-damage|p2b: Rabsca|119/272\n|-enditem|p2b: Rabsca|Sitrus Berry|[eat]\n|-heal|p2b: Rabsca|187/272|[from] item: Sitrus Berry\n|-damage|p1a: Dragalge|233/258|[from] item: Life Orb\n|move|p2b: Rabsca|Psychic|p1a: Dragalge\n|-supereffective|p1a: Dragalge\n|-damage|p1a: Dragalge|71/258\n|\n|upkeep\n|turn|2\n|\n|t:|1771000408\n|switch|p1a: Grimmsnarl|Grimmsnarl, L82, M|290/290\n|switch|p2b: Mudsdale|Mudsdale, L84, F|305/305\n|move|p2a: Alomomola|Icy Wind|p1b: Kingambit|[spread] p1a,p1b\n|-resisted|p1b: Kingambit\n|-damage|p1a: Grimmsnarl|267/290\n|-damage|p1b: Kingambit|270/281\n|-unboost|p1a: Grimmsnarl|spe|1\n|-unboost|p1b: Kingambit|spe|1\n|-ability|p1b: Kingambit|Defiant|boost\n|-boost|p1b: Kingambit|atk|2\n|move|p1b: Kingambit|Kowtow Cleave|p2a: Alomomola\n|-damage|p2a: Alomomola|283/472\n|\n|upkeep\n|turn|3\n|\n|t:|1771000427\n|move|p1b: Kingambit|Protect|p1b: Kingambit\n|-singleturn|p1b: Kingambit|Protect\n|move|p1a: Grimmsnarl|Thunder Wave|p2a: Alomomola\n|-status|p2a: Alomomola|par\n|move|p2b: Mudsdale|Body Press|p1b: Kingambit\n|-activate|p1b: Kingambit|move: Protect\n|cant|p2a: Alomomola|par\n|\n|upkeep\n|turn|4\n|\n|t:|1771000443\n|switch|p1b: Enamorus|Enamorus, L79, F|247/247\n|move|p2b: Mudsdale|Body Press|p1b: Enamorus\n|-resisted|p1b: Enamorus\n|-damage|p1b: Enamorus|230/247\n|move|p1a: Grimmsnarl|Spirit Break|p2a: Alomomola\n|-damage|p2a: Alomomola|205/472 par\n|-unboost|p2a: Alomomola|spa|1\n|-enditem|p2a: Alomomola|Sitrus Berry|[eat]\n|-heal|p2a: Alomomola|323/472 par|[from] item: Sitrus Berry\n|cant|p2a: Alomomola|par\n|\n|upkeep\n|turn|5\n|\n|t:|1771000466\n|move|p1b: Enamorus|Play Rough|p2a: Alomomola|[miss]\n|-miss|p1b: Enamorus|p2a: Alomomola\n|move|p2b: Mudsdale|Heavy Slam|p1a: Grimmsnarl\n|-supereffective|p1a: Grimmsnarl\n|-damage|p1a: Grimmsnarl|19/290\n|-enditem|p1a: Grimmsnarl|Sitrus Berry|[eat]\n|-heal|p1a: Grimmsnarl|91/290|[from] item: Sitrus Berry\n|move|p1a: Grimmsnarl|Spirit Break|p2a: Alomomola\n|-damage|p2a: Alomomola|239/472 par\n|-unboost|p2a: Alomomola|spa|1\n|move|p2a: Alomomola|Icy Wind|p1a: Grimmsnarl|[spread] p1b\n|-miss|p2a: Alomomola|p1a: Grimmsnarl\n|-supereffective|p1b: Enamorus\n|-damage|p1b: Enamorus|206/247\n|-boost|p1b: Enamorus|spe|1\n|\n|upkeep\n|turn|6\n|inactive|Dunsparceismyhomie has 120 seconds left.\n|\n|t:|1771000496\n|switch|p1a: Kingambit|Kingambit, L77, M|270/281\n|switch|p2a: Blissey|Blissey, L96, F|645/645\n|move|p1b: Enamorus|Play Rough|p2a: Blissey\n|-damage|p2a: Blissey|306/645\n|-enditem|p2a: Blissey|Sitrus Berry|[eat]\n|-heal|p2a: Blissey|467/645|[from] item: Sitrus Berry\n|-damage|p1b: Enamorus|182/247|[from] item: Life Orb\n|move|p2b: Mudsdale|Heavy Slam|p1a: Kingambit\n|-resisted|p1a: Kingambit\n|-damage|p1a: Kingambit|229/281\n|\n|upkeep\n|turn|7\n|inactive|Dunsparceismyhomie has 120 seconds left.\n|\n|t:|1771000523\n|-terastallize|p1b: Enamorus|Fighting\n|move|p1a: Kingambit|Protect|p1a: Kingambit\n|-singleturn|p1a: Kingambit|Protect\n|move|p1b: Enamorus|Superpower|p2a: Blissey\n|-supereffective|p2a: Blissey\n|-damage|p2a: Blissey|0 fnt\n|-boost|p1b: Enamorus|atk|1\n|-boost|p1b: Enamorus|def|1\n|faint|p2a: Blissey\n|-damage|p1b: Enamorus|158/247|[from] item: Life Orb\n|move|p2b: Mudsdale|High Horsepower|p1a: Kingambit\n|-activate|p1a: Kingambit|move: Protect\n|\n|upkeep\n|inactive|twixx1717 has 120 seconds left.\n|\n|t:|1771000537\n|switch|p2a: Scyther|Scyther, L80, M|243/243\n|turn|8\n|\n|t:|1771000549\n|move|p1a: Kingambit|Sucker Punch||[still]\n|-fail|p1a: Kingambit\n|move|p1b: Enamorus|Play Rough|p2a: Scyther\n|-damage|p2a: Scyther|113/243\n|-damage|p1b: Enamorus|134/247|[from] item: Life Orb\n|move|p2a: Scyther|Tailwind|p2a: Scyther\n|-sidestart|p2: twixx1717|move: Tailwind\n|move|p2b: Mudsdale|High Horsepower|p1a: Kingambit\n|-supereffective|p1a: Kingambit\n|-damage|p1a: Kingambit|31/281\n|-enditem|p1a: Kingambit|Sitrus Berry|[eat]\n|-heal|p1a: Kingambit|101/281|[from] item: Sitrus Berry\n|\n|upkeep\n|turn|9\n|\n|t:|1771000571\n|move|p2a: Scyther|Protect|p2a: Scyther\n|-singleturn|p2a: Scyther|Protect\n|move|p1a: Kingambit|Sucker Punch||[still]\n|-fail|p1a: Kingambit\n|move|p1b: Enamorus|Tailwind|p1b: Enamorus\n|-sidestart|p1: Dunsparceismyhomie|move: Tailwind\n|move|p2b: Mudsdale|High Horsepower|p1b: Enamorus|[miss]\n|-miss|p2b: Mudsdale|p1b: Enamorus\n|\n|upkeep\n|turn|10\n|\n|t:|1771000585\n|switch|p2a: Alomomola|Alomomola, L96, M|396/472 par\n|move|p1a: Kingambit|Sucker Punch||[still]\n|-fail|p1a: Kingambit\n|move|p1b: Enamorus|Superpower|p2b: Mudsdale\n|-damage|p2b: Mudsdale|74/305\n|-boost|p1b: Enamorus|atk|1\n|-boost|p1b: Enamorus|def|1\n|-ability|p2b: Mudsdale|Stamina|boost\n|-boost|p2b: Mudsdale|def|1\n|-damage|p1b: Enamorus|110/247|[from] item: Life Orb\n|move|p2b: Mudsdale|Body Press|p1a: Kingambit\n|-supereffective|p1a: Kingambit\n|-damage|p1a: Kingambit|0 fnt\n|faint|p1a: Kingambit\n|\n|upkeep\n|\n|t:|1771000591\n|switch|p1a: Regidrago|Regidrago, L74|418/418\n|turn|11\n|\n|t:|1771000607\n|switch|p1a: Grimmsnarl|Grimmsnarl, L82, M|91/290\n|switch|p2b: Lugia|Lugia, L71|268/268\n|move|p2a: Alomomola|Wide Guard|p2a: Alomomola\n|-singleturn|p2a: Alomomola|Wide Guard\n|move|p1b: Enamorus|Superpower|p2b: Lugia\n|-resisted|p2b: Lugia\n|-damage|p2b: Lugia|232/268\n|-boost|p1b: Enamorus|atk|1\n|-boost|p1b: Enamorus|def|1\n|-damage|p1b: Enamorus|86/247|[from] item: Life Orb\n|\n|-heal|p2b: Lugia|248/268|[from] item: Leftovers\n|-sideend|p2: twixx1717|move: Tailwind\n|upkeep\n|turn|12\n|\n|t:|1771000627\n|move|p1b: Enamorus|Protect|p1b: Enamorus\n|-singleturn|p1b: Enamorus|Protect\n|move|p1a: Grimmsnarl|Thunder Wave|p2b: Lugia\n|-status|p2b: Lugia|par\n|move|p2b: Lugia|Aeroblast|p1b: Enamorus\n|-activate|p1b: Enamorus|move: Protect\n|move|p2a: Alomomola|Scald|p1b: Enamorus\n|-activate|p1b: Enamorus|move: Protect\n|\n|-heal|p2b: Lugia|264/268 par|[from] item: Leftovers\n|-sideend|p1: Dunsparceismyhomie|move: Tailwind\n|upkeep\n|turn|13\n|\n|t:|1771000650\n|move|p1b: Enamorus|Superpower|p2a: Alomomola\n|-damage|p2a: Alomomola|0 fnt\n|-boost|p1b: Enamorus|atk|1\n|-boost|p1b: Enamorus|def|1\n|faint|p2a: Alomomola\n|-damage|p1b: Enamorus|62/247|[from] item: Life Orb\n|move|p1a: Grimmsnarl|Spirit Break|p2b: Lugia\n|-damage|p2b: Lugia|192/268 par\n|-unboost|p2b: Lugia|spa|1\n|move|p2b: Lugia|Aeroblast|p1b: Enamorus\n|-supereffective|p1b: Enamorus\n|-damage|p1b: Enamorus|0 fnt\n|faint|p1b: Enamorus\n|\n|-heal|p2b: Lugia|208/268 par|[from] item: Leftovers\n|upkeep\n|inactive|Dunsparceismyhomie has 120 seconds left.\n|\n|t:|1771000668\n|switch|p1b: Pachirisu|Pachirisu, L93, M|262/262\n|switch|p2a: Scyther|Scyther, L80, M|113/243\n|turn|14\n|\n|t:|1771000681\n|-terastallize|p2b: Lugia|Ground\n|move|p2a: Scyther|Protect|p2a: Scyther\n|-singleturn|p2a: Scyther|Protect\n|move|p1a: Grimmsnarl|Thunder Wave|p2a: Scyther\n|-activate|p2a: Scyther|move: Protect\n|move|p1b: Pachirisu|Encore|p2b: Lugia\n|-start|p2b: Lugia|Encore\n|move|p2b: Lugia|Aeroblast|p1a: Grimmsnarl\n|-damage|p1a: Grimmsnarl|39/290\n|\n|-heal|p2b: Lugia|224/268 par|[from] item: Leftovers\n|upkeep\n|turn|15\n|\n|t:|1771000702\n|switch|p2b: Mudsdale|Mudsdale, L84, F|74/305\n|move|p1b: Pachirisu|Thunderbolt|p2a: Scyther\n|-supereffective|p2a: Scyther\n|-damage|p2a: Scyther|0 fnt\n|faint|p2a: Scyther\n|move|p1a: Grimmsnarl|Spirit Break|p2b: Mudsdale\n|-damage|p2b: Mudsdale|0 fnt\n|faint|p2b: Mudsdale\n|\n|upkeep\n|\n|t:|1771000711\n|switch|p2a: Rabsca|Rabsca, L87, M|187/272\n|switch|p2b: Lugia|Lugia, L71, tera:Ground|224/268 par\n|turn|16\n|\n|t:|1771000721\n|move|p1a: Grimmsnarl|Taunt|p2a: Rabsca\n|-start|p2a: Rabsca|move: Taunt\n|move|p1b: Pachirisu|Nuzzle|p2a: Rabsca\n|-damage|p2a: Rabsca|169/272\n|-status|p2a: Rabsca|par\n|-activate|p2a: Rabsca|ability: Synchronize\n|-immune|p1b: Pachirisu\n|move|p2b: Lugia|Earth Power|p1b: Pachirisu\n|-supereffective|p1b: Pachirisu\n|-damage|p1b: Pachirisu|152/262\n|cant|p2a: Rabsca|move: Taunt|Revival Blessing\n|\n|-heal|p2b: Lugia|240/268 par|[from] item: Leftovers\n|upkeep\n|turn|17\n|c|☆twixx1717|so annoying\n|c|☆Dunsparceismyhomie|Bahahahaha\n|c|☆Dunsparceismyhomie|Thats good strat\n|inactive|Dunsparceismyhomie has 120 seconds left.\n|c|☆twixx1717|lucky mons\n|\n|t:|1771000756\n|move|p1b: Pachirisu|Encore||[still]\n|-fail|p1b: Pachirisu\n|move|p1a: Grimmsnarl|Spirit Break|p2a: Rabsca\n|-damage|p2a: Rabsca|78/272 par\n|-unboost|p2a: Rabsca|spa|1\n|move|p2b: Lugia|Earth Power|p1b: Pachirisu\n|-supereffective|p1b: Pachirisu\n|-damage|p1b: Pachirisu|36/262\n|-enditem|p1b: Pachirisu|Sitrus Berry|[eat]\n|-heal|p1b: Pachirisu|101/262|[from] item: Sitrus Berry\n|cant|p2a: Rabsca|par\n|\n|-heal|p2b: Lugia|256/268 par|[from] item: Leftovers\n|upkeep\n|turn|18\n|c|☆Dunsparceismyhomie|Lol sure kid\n|\n|t:|1771000776\n|move|p1a: Grimmsnarl|Taunt|p2b: Lugia\n|-start|p2b: Lugia|move: Taunt\n|move|p1b: Pachirisu|Thunderbolt|p2a: Rabsca\n|-damage|p2a: Rabsca|15/272 par\n|move|p2b: Lugia|Aeroblast|p1a: Grimmsnarl\n|-damage|p1a: Grimmsnarl|0 fnt\n|faint|p1a: Grimmsnarl\n|cant|p2a: Rabsca|par\n|\n|-heal|p2b: Lugia|268/268 par|[from] item: Leftovers\n|-end|p2a: Rabsca|move: Taunt\n|upkeep\n|c|☆Dunsparceismyhomie|Blame the mons not your bad strategy\n|c|☆Dunsparceismyhomie|And my awesomeness\n|c|☆Dunsparceismyhomie|And your predictability\n|c|☆twixx1717|ok child\n|\n|t:|1771000791\n|switch|p1a: Regidrago|Regidrago, L74|418/418\n|turn|19\n|\n|t:|1771000804\n|move|p1a: Regidrago|Dragon Energy|p2a: Rabsca|[spread] p2a,p2b\n|-damage|p2a: Rabsca|0 fnt\n|-damage|p2b: Lugia|219/268 par\n|faint|p2a: Rabsca\n|move|p1b: Pachirisu|Encore|p2b: Lugia\n|-start|p2b: Lugia|Encore\n|cant|p2b: Lugia|par\n|\n|-heal|p2b: Lugia|235/268 par|[from] item: Leftovers\n|upkeep\n|turn|20\n|c|☆Dunsparceismyhomie|At least you didnt rage quit\n|\n|t:|1771000827\n|move|p1b: Pachirisu|Follow Me|p1b: Pachirisu\n|-singleturn|p1b: Pachirisu|move: Follow Me\n|move|p1a: Regidrago|Dragon Energy|p2b: Lugia\n|-damage|p2b: Lugia|97/268 par\n|cant|p2b: Lugia|par\n|\n|-heal|p2b: Lugia|113/268 par|[from] item: Leftovers\n|-end|p2b: Lugia|move: Taunt\n|upkeep\n|turn|21\n|\n|t:|1771000838\n|move|p1b: Pachirisu|Follow Me|p1b: Pachirisu\n|-singleturn|p1b: Pachirisu|move: Follow Me\n|move|p1a: Regidrago|Dragon Energy|p2b: Lugia\n|-damage|p2b: Lugia|0 fnt\n|faint|p2b: Lugia\n|\n|win|Dunsparceismyhomie\n|raw|Dunsparceismyhomie's rating: 1737 &rarr; <strong>1754</strong><br />(+17 for winning)\n|raw|twixx1717's rating: 1693 &rarr; <strong>1676</strong><br />(-17 for losing)\n|c|☆Dunsparceismyhomie|Ez\n|c|☆twixx1717|amazing skills\n|c|☆Dunsparceismyhomie|Ty\n", "inputlog": ">version ccdc32dd7cde25fd9e4bed64820e885f66e78a4e\n>start {\"formatid\":\"gen9randomdoublesbattle\",\"seed\":\"sodium,fba7dd0f4722ddd8eeb6732f57dca23e\",\"rated\":\"Rated battle\"}\n>player p1 {\"name\":\"Dunsparceismyhomie\",\"avatar\":\"101\",\"rating\":1737,\"seed\":\"sodium,3d33772a736570a7eb68b736418d757c\"}\n>player p2 {\"name\":\"twixx1717\",\"avatar\":\"cynthia-gen4\",\"rating\":1693,\"seed\":\"sodium,a9eff15f9cea4cd194c39e2851270123\"}\n>p1 move sludgebomb +2, switch 3\n>p2 move wideguard, move psychic +1\n>p1 switch 6, move kowtowcleave +1\n>p2 move icywind, switch 6\n>p1 move thunderwave +1, move protect\n>p2 move scald +2, move bodypress +2\n>p1 move spiritbreak +1, switch 5\n>p2 move scald +1, move bodypress +2\n>p1 move spiritbreak +1, move playrough +1\n>p2 move icywind, move heavyslam +1\n>p1 switch 5, move playrough +1\n>p2 switch 5, move heavyslam +1\n>p1 move protect, move superpower +1 terastallize\n>p2 move thunderwave +2, move highhorsepower +1\n>p2 switch 4, pass\n>p1 move suckerpunch +1, move playrough +1\n>p2 move tailwind, move highhorsepower +1\n>p1 move suckerpunch +1, move tailwind\n>p2 move protect, move highhorsepower +2\n>p1 move suckerpunch +1, move superpower +2\n>p2 switch 5, move bodypress +1\n>p1 switch 3, pass\n>p1 switch 5, move superpower +2\n>p2 move wideguard, switch 3\n>p1 move thunderwave +2, move protect\n>p2 move scald +2, move aeroblast +2\n>p1 move spiritbreak +1, move superpower +1\n>p2 move scald +1, move aeroblast +2\n>p1 pass, switch 4\n>p2 switch 5, pass\n>p1 move thunderwave +1, move encore +2\n>p2 move protect, move earthpower +2 terastallize\n>p1 move spiritbreak +2, move thunderbolt +1\n>p2 move dualwingbeat +1, switch 3\n>p2 switch 6, switch 3\n>p1 move taunt +1, move nuzzle +1\n>p2 move revivalblessing, move earthpower +2\n>chat ☆twixx1717|so annoying\n>chat ☆Dunsparceismyhomie|Bahahahaha\n>chat ☆Dunsparceismyhomie|Thats good strat\n>chat ☆twixx1717|lucky mons\n>p1 move spiritbreak +1, move encore +1\n>p2 move strugglebug, move earthpower +2\n>chat ☆Dunsparceismyhomie|Lol sure kid\n>p1 move taunt +2, move thunderbolt +1\n>p2 move psychic +2, move aeroblast +1\n>chat ☆Dunsparceismyhomie|Blame the mons not your bad strategy\n>chat ☆Dunsparceismyhomie|And my awesomeness\n>chat ☆Dunsparceismyhomie|And your predictability\n>chat ☆twixx1717|ok child\n>p1 switch 5, pass\n>p1 move dragonenergy, move encore +2\n>p2 move revivalblessing, move earthpower +2\n>chat ☆Dunsparceismyhomie|At least you didnt rage quit\n>p1 move dragonenergy, move followme\n>p2 pass, move aeroblast +1\n>p1 move dragonenergy, move followme\n>p2 pass, move aeroblast +1", "uploadtime": 1771000851, "views": 102, "formatid": "gen9randomdoublesbattle", "rating": 1676, "private": 0, "password": null}