{"id": "gen9randomdoublesbattle-2534348497", "format": "[Gen 9] Random Doubles Battle", "players": ["EFSA.trainee", "traceyscetchit"], "log": "|j|☆EFSA.trainee\n|j|☆traceyscetchit\n|t:|1770411252\n|gametype|doubles\n|player|p1|EFSA.trainee|102|1644\n|player|p2|traceyscetchit|colress|1619\n|gen|9\n|tier|[Gen 9] Random Doubles Battle\n|rated|\n|rule|Species Clause: Limit one of each Pokémon\n|rule|HP Percentage Mod: HP is shown in percentages\n|rule|Illusion Level Mod: Illusion disguises the Pokémon's true level\n|rule|Sleep Clause Mod: Limit one foe put to sleep\n|\n|t:|1770411252\n|teamsize|p1|6\n|teamsize|p2|6\n|start\n|switch|p1a: Volcarona|Volcarona, L78, F|261/261\n|switch|p1b: Swampert|Swampert, L82, F|298/298\n|switch|p2a: Pyroar|Pyroar, L83, F|278/278\n|switch|p2b: Mew|Mew, L84|305/305\n|-ability|p2a: Pyroar|Unnerve\n|turn|1\n|inactive|Battle timer is ON: inactive players will automatically lose when time's up. (requested by EFSA.trainee)\n|\n|t:|1770411291\n|switch|p2b: Scyther|Scyther, L80, F|243/243\n|-terastallize|p2a: Pyroar|Grass\n|move|p2a: Pyroar|Tera Blast|p1b: Swampert|[anim] Tera Blast Grass\n|-supereffective|p1b: Swampert\n|-damage|p1b: Swampert|0 fnt\n|faint|p1b: Swampert\n|-damage|p2a: Pyroar|251/278|[from] item: Life Orb\n|move|p1a: Volcarona|Quiver Dance|p1a: Volcarona\n|-boost|p1a: Volcarona|spa|1\n|-boost|p1a: Volcarona|spd|1\n|-boost|p1a: Volcarona|spe|1\n|\n|upkeep\n|\n|t:|1770411305\n|switch|p1b: Entei|Entei, L77|304/304\n|turn|2\n|\n|t:|1770411331\n|switch|p2a: Dondozo|Dondozo, L85, M|394/394\n|switch|p2b: Wugtrio|Wugtrio, L92, M|214/214\n|move|p1b: Entei|Extreme Speed|p2b: Wugtrio\n|-damage|p2b: Wugtrio|105/214\n|-ability|p2b: Wugtrio|Gooey\n|-unboost|p1b: Entei|spe|1\n|move|p1a: Volcarona|Heat Wave|p2a: Dondozo|[spread] p2a,p2b\n|-resisted|p2a: Dondozo\n|-resisted|p2b: Wugtrio\n|-damage|p2a: Dondozo|358/394\n|-damage|p2b: Wugtrio|36/214\n|\n|upkeep\n|turn|3\n|\n|t:|1770411350\n|-terastallize|p1b: Entei|Normal\n|move|p1a: Volcarona|Protect|p1a: Volcarona\n|-singleturn|p1a: Volcarona|Protect\n|move|p1b: Entei|Extreme Speed|p2b: Wugtrio\n|-damage|p2b: Wugtrio|0 fnt\n|-ability|p2b: Wugtrio|Gooey\n|-unboost|p1b: Entei|spe|1\n|faint|p2b: Wugtrio\n|move|p2a: Dondozo|Wave Crash|p1a: Volcarona\n|-activate|p1a: Volcarona|move: Protect\n|\n|upkeep\n|\n|t:|1770411359\n|switch|p2b: Mew|Mew, L84|305/305\n|turn|4\n|\n|t:|1770411374\n|switch|p1b: Landorus|Landorus-Therian, L77, M|264/264\n|-ability|p1b: Landorus|Intimidate|boost\n|-unboost|p2a: Dondozo|atk|1\n|-unboost|p2b: Mew|atk|1\n|move|p1a: Volcarona|Bug Buzz|p2b: Mew\n|-supereffective|p2b: Mew\n|-damage|p2b: Mew|23/305\n|move|p2b: Mew|Psychic|p1b: Landorus\n|-damage|p1b: Landorus|108/264\n|-enditem|p1b: Landorus|Sitrus Berry|[eat]\n|-heal|p1b: Landorus|174/264|[from] item: Sitrus Berry\n|-damage|p2b: Mew|0 fnt|[from] item: Life Orb\n|faint|p2b: Mew\n|move|p2a: Dondozo|Wave Crash|p1a: Volcarona\n|-supereffective|p1a: Volcarona\n|-damage|p1a: Volcarona|37/261\n|-damage|p2a: Dondozo|284/394|[from] Recoil\n|\n|upkeep\n|\n|t:|1770411392\n|switch|p2b: Scyther|Scyther, L80, F|243/243\n|turn|5\n|\n|t:|1770411414\n|move|p1a: Volcarona|Heat Wave|p2b: Scyther|[spread] p2a,p2b\n|-resisted|p2a: Dondozo\n|-supereffective|p2b: Scyther\n|-damage|p2a: Dondozo|247/394\n|-damage|p2b: Scyther|39/243\n|move|p2b: Scyther|Tailwind|p2b: Scyther\n|-sidestart|p2: traceyscetchit|move: Tailwind\n|move|p2a: Dondozo|Wave Crash|p1b: Landorus\n|-supereffective|p1b: Landorus\n|-damage|p1b: Landorus|0 fnt\n|faint|p1b: Landorus\n|-damage|p2a: Dondozo|190/394|[from] Recoil\n|\n|upkeep\n|\n|t:|1770411426\n|switch|p1b: Entei|Entei, L77, tera:Normal|304/304\n|turn|6\n|\n|t:|1770411443\n|switch|p2b: Pyroar|Pyroar, L83, F, tera:Grass|251/278\n|-ability|p2b: Pyroar|Unnerve\n|move|p1b: Entei|Extreme Speed|p2b: Pyroar\n|-damage|p2b: Pyroar|116/278\n|move|p1a: Volcarona|Bug Buzz|p2a: Dondozo\n|-damage|p2a: Dondozo|96/394\n|move|p2a: Dondozo|Wave Crash|p1a: Volcarona\n|-supereffective|p1a: Volcarona\n|-damage|p1a: Volcarona|0 fnt\n|faint|p1a: Volcarona\n|-damage|p2a: Dondozo|84/394|[from] Recoil\n|\n|upkeep\n|\n|t:|1770411459\n|switch|p1a: Hoopa|Hoopa, L86|278/278\n|turn|7\n|\n|t:|1770411467\n|move|p1a: Hoopa|Protect|p1a: Hoopa\n|-singleturn|p1a: Hoopa|Protect\n|move|p1b: Entei|Extreme Speed|p2a: Dondozo\n|-damage|p2a: Dondozo|0 fnt\n|faint|p2a: Dondozo\n|move|p2b: Pyroar|Fire Blast|p1b: Entei\n|-damage|p1b: Entei|112/304\n|-status|p1b: Entei|brn\n|-damage|p2b: Pyroar|89/278|[from] item: Life Orb\n|\n|-damage|p1b: Entei|93/304 brn|[from] brn\n|upkeep\n|\n|t:|1770411475\n|switch|p2a: Leavanny|Leavanny, L91, F|284/284\n|turn|8\n|\n|t:|1770411499\n|move|p1b: Entei|Extreme Speed|p2b: Pyroar\n|-damage|p2b: Pyroar|21/278\n|move|p2b: Pyroar|Tera Blast|p1b: Entei|[anim] Tera Blast Grass\n|-damage|p1b: Entei|0 fnt\n|faint|p1b: Entei\n|-damage|p2b: Pyroar|0 fnt|[from] item: Life Orb\n|faint|p2b: Pyroar\n|move|p2a: Leavanny|Knock Off|p1a: Hoopa\n|-supereffective|p1a: Hoopa\n|-damage|p1a: Hoopa|0 fnt\n|-enditem|p1a: Hoopa|Life Orb|[from] move: Knock Off|[of] p2a: Leavanny\n|faint|p1a: Hoopa\n|\n|-sideend|p2: traceyscetchit|move: Tailwind\n|upkeep\n|inactive|EFSA.trainee has 120 seconds left.\n|\n|t:|1770411515\n|switch|p2b: Scyther|Scyther, L80, F|39/243\n|switch|p1a: Eelektross|Eelektross, L86, M|286/286\n|turn|9\n|\n|t:|1770411542\n|move|p2a: Leavanny|Leaf Blade|p1a: Eelektross\n|-damage|p1a: Eelektross|166/286\n|move|p2b: Scyther|Bug Bite|p1a: Eelektross\n|-damage|p1a: Eelektross|64/286\n|move|p1a: Eelektross|Thunderbolt|p2b: Scyther\n|-supereffective|p2b: Scyther\n|-damage|p2b: Scyther|0 fnt\n|faint|p2b: Scyther\n|\n|upkeep\n|turn|10\n|\n|t:|1770411561\n|move|p2a: Leavanny|Leaf Blade|p1a: Eelektross\n|-damage|p1a: Eelektross|0 fnt\n|faint|p1a: Eelektross\n|\n|win|traceyscetchit\n|raw|EFSA.trainee's rating: 1644 &rarr; <strong>1623</strong><br />(-21 for losing)\n|raw|traceyscetchit's rating: 1619 &rarr; <strong>1640</strong><br />(+21 for winning)\n|c|☆traceyscetchit|gg\n", "inputlog": ">version ccdc32dd7cde25fd9e4bed64820e885f66e78a4e\n>start {\"formatid\":\"gen9randomdoublesbattle\",\"seed\":\"sodium,f00f606b9d00d034561434816b0b8101\",\"rated\":\"Rated battle\"}\n>player p1 {\"name\":\"EFSA.trainee\",\"avatar\":\"102\",\"rating\":1644,\"seed\":\"sodium,aa640da621208c6780036af80ef3afbf\"}\n>player p2 {\"name\":\"traceyscetchit\",\"avatar\":\"colress\",\"rating\":1619,\"seed\":\"sodium,f8bef3e6bef5ab0154ed76b5b004b65f\"}\n>p1 move quiverdance, move icywind\n>p2 move terablast +2 terastallize, switch 4\n>p1 pass, switch 5\n>p1 move heatwave, move extremespeed +2\n>p2 switch 3, switch 5\n>p1 move protect, move extremespeed +2 terastallize\n>p2 move wavecrash +1, move aquajet +2\n>p2 pass, switch 4\n>p1 move bugbuzz +2, switch 4\n>p2 move wavecrash +1, move psychic +2\n>p2 pass, switch 5\n>p1 move heatwave, move stoneedge +2\n>p2 move wavecrash +2, move tailwind\n>p1 pass, switch 4\n>p1 move bugbuzz +1, move extremespeed +2\n>p2 move wavecrash +1, switch 3\n>p1 switch 6, pass\n>p1 move protect, move extremespeed +1\n>p2 move wavecrash +2, move fireblast +2\n>p2 switch 6, pass\n>p1 move hyperspacehole +1, move extremespeed +2\n>p2 move knockoff +1, move terablast +2\n>p1 switch 3, pass\n>p2 pass, switch 3\n>p1 move thunderbolt +2, pass\n>p2 move leafblade +1, move bugbite +1\n>p1 move knockoff +1, pass\n>p2 move leafblade +1, pass", "uploadtime": 1770411566, "views": 93, "formatid": "gen9randomdoublesbattle", "rating": 1623, "private": 0, "password": null}