{"id": "gen9randomdoublesbattle-2535256673", "format": "[Gen 9] Random Doubles Battle", "players": ["LazzarinoCominazzo", "rstic"], "log": "|j|☆LazzarinoCominazzo\n|j|☆rstic\n|t:|1770538381\n|gametype|doubles\n|player|p1|LazzarinoCominazzo|266|1576\n|player|p2|rstic|170|1667\n|gen|9\n|tier|[Gen 9] Random Doubles Battle\n|rated|\n|rule|Species Clause: Limit one of each Pokémon\n|rule|HP Percentage Mod: HP is shown in percentages\n|rule|Illusion Level Mod: Illusion disguises the Pokémon's true level\n|rule|Sleep Clause Mod: Limit one foe put to sleep\n|\n|t:|1770538381\n|teamsize|p1|6\n|teamsize|p2|6\n|start\n|switch|p1a: Grafaiai|Grafaiai, L88, M|219/219\n|switch|p1b: Skarmory|Skarmory, L85, F|249/249\n|switch|p2a: Passimian|Passimian, L82, M|298/298\n|switch|p2b: Cramorant|Cramorant, L86, M|261/261\n|turn|1\n|inactive|Battle timer is ON: inactive players will automatically lose when time's up. (requested by rstic)\n|inactive|rstic has 120 seconds left.\n|\n|t:|1770538426\n|move|p1a: Grafaiai|Hyper Voice|p2b: Cramorant|[spread] p2a,p2b\n|-damage|p2a: Passimian|168/298\n|-damage|p2b: Cramorant|166/261\n|-damage|p1a: Grafaiai|198/219|[from] item: Life Orb\n|move|p2b: Cramorant|Tailwind|p2b: Cramorant\n|-sidestart|p2: rstic|move: Tailwind\n|move|p2a: Passimian|Close Combat|p1a: Grafaiai\n|-immune|p1a: Grafaiai\n|move|p1b: Skarmory|Iron Defense|p1b: Skarmory\n|-boost|p1b: Skarmory|def|2\n|\n|upkeep\n|turn|2\n|\n|t:|1770538448\n|switch|p2a: Overqwil|Overqwil, L82, M|274/274\n|-ability|p2a: Overqwil|Intimidate|boost\n|-unboost|p1a: Grafaiai|atk|1\n|-unboost|p1b: Skarmory|atk|1\n|move|p2b: Cramorant|Surf|p1b: Skarmory|[spread] p2a,p1a,p1b\n|-formechange|p2b: Cramorant|Cramorant-Gulping|\n|-damage|p2a: Overqwil|193/274\n|-damage|p1a: Grafaiai|113/219\n|-damage|p1b: Skarmory|173/249\n|replace|p1a: Zoroark|Zoroark-Hisui, L80, M\n|-end|p1a: Zoroark|Illusion\n|-hint|Illusion Level Mod is active, so this Pokémon's true level was hidden.\n|move|p1a: Zoroark|Bitter Malice|p2b: Cramorant\n|-damage|p2b: Cramorant|61/261\n|-unboost|p2b: Cramorant|atk|1\n|-damage|p1a: Zoroark|59/219|[from] ability: Gulp Missile|[of] p2b: Cramorant\n|-unboost|p1a: Zoroark|def|1\n|-formechange|p2b: Cramorant|Cramorant|\n|-enditem|p2b: Cramorant|Sitrus Berry|[eat]\n|-heal|p2b: Cramorant|126/261|[from] item: Sitrus Berry\n|-damage|p1a: Zoroark|38/219|[from] item: Life Orb\n|move|p1b: Skarmory|Brave Bird|p2b: Cramorant\n|-damage|p2b: Cramorant|30/261\n|-damage|p1b: Skarmory|141/249|[from] Recoil\n|\n|-heal|p1b: Skarmory|156/249|[from] item: Leftovers\n|upkeep\n|turn|3\n|inactive|rstic has 120 seconds left.\n|\n|t:|1770538493\n|switch|p2a: Blissey|Blissey, L96, F|645/645\n|switch|p1a: Grafaiai|Grafaiai, L88, M|254/254\n|move|p2b: Cramorant|Surf|p1a: Grafaiai|[spread] p2a,p1a,p1b\n|-formechange|p2b: Cramorant|Cramorant-Gorging|\n|-damage|p2a: Blissey|605/645\n|-damage|p1a: Grafaiai|208/254\n|-damage|p1b: Skarmory|80/249\n|move|p1b: Skarmory|Roost|p1b: Skarmory\n|-heal|p1b: Skarmory|205/249\n|-singleturn|p1b: Skarmory|move: Roost\n|\n|-heal|p1b: Skarmory|220/249|[from] item: Leftovers\n|upkeep\n|turn|4\n|inactive|rstic has 120 seconds left.\n|\n|t:|1770538516\n|move|p2b: Cramorant|Brave Bird|p1a: Grafaiai\n|-damage|p1a: Grafaiai|120/254\n|-damage|p2b: Cramorant|1/261|[from] Recoil\n|move|p2a: Blissey|Thunder Wave|p1b: Skarmory\n|-status|p1b: Skarmory|par\n|move|p1a: Grafaiai|Knock Off|p2a: Blissey\n|-damage|p2a: Blissey|421/645\n|-status|p2a: Blissey|psn|[from] ability: Poison Touch|[of] p1a: Grafaiai\n|-enditem|p2a: Blissey|Sitrus Berry|[from] move: Knock Off|[of] p1a: Grafaiai\n|move|p1b: Skarmory|Body Press|p2a: Blissey\n|-supereffective|p2a: Blissey\n|-damage|p2a: Blissey|0 fnt\n|faint|p2a: Blissey\n|\n|-heal|p1b: Skarmory|235/249 par|[from] item: Leftovers\n|-sideend|p2: rstic|move: Tailwind\n|upkeep\n|\n|t:|1770538544\n|switch|p2a: Regirock|Regirock, L82|265/265\n|turn|5\n|\n|t:|1770538553\n|move|p1a: Grafaiai|U-turn|p2a: Regirock\n|-damage|p2a: Regirock|239/265\n|-status|p2a: Regirock|psn|[from] ability: Poison Touch|[of] p1a: Grafaiai\n|\n|t:|1770538561\n|switch|p1a: Iron Bundle|Iron Bundle, L78|215/215|[from] U-turn\n|-enditem|p1a: Iron Bundle|Booster Energy\n|-activate|p1a: Iron Bundle|ability: Quark Drive|[fromitem]\n|-start|p1a: Iron Bundle|quarkdrivespe\n|move|p2b: Cramorant|Tailwind|p2b: Cramorant\n|-sidestart|p2: rstic|move: Tailwind\n|move|p2a: Regirock|Iron Defense|p2a: Regirock\n|-boost|p2a: Regirock|def|2\n|move|p1b: Skarmory|Body Press|p2a: Regirock\n|-supereffective|p2a: Regirock\n|-damage|p2a: Regirock|157/265 psn\n|\n|-heal|p1b: Skarmory|249/249 par|[from] item: Leftovers\n|-damage|p2a: Regirock|124/265 psn|[from] psn\n|upkeep\n|turn|6\n|inactive|rstic has 120 seconds left.\n|\n|t:|1770538588\n|-terastallize|p2a: Regirock|Fighting\n|move|p2b: Cramorant|Brave Bird|p1a: Iron Bundle\n|-damage|p1a: Iron Bundle|140/215\n|-damage|p2b: Cramorant|0 fnt|[from] Recoil\n|faint|p2b: Cramorant\n|move|p1a: Iron Bundle|Freeze-Dry|p2a: Regirock\n|-damage|p2a: Regirock|52/265 psn\n|move|p2a: Regirock|Rest|p2a: Regirock\n|-status|p2a: Regirock|slp|[from] move: Rest\n|-heal|p2a: Regirock|265/265 slp|[silent]\n|-enditem|p2a: Regirock|Chesto Berry|[eat]\n|-curestatus|p2a: Regirock|slp|[msg]\n|move|p1b: Skarmory|Body Press|p2a: Regirock\n|-damage|p2a: Regirock|226/265\n|\n|upkeep\n|inactive|rstic has 120 seconds left.\n|\n|t:|1770538601\n|switch|p2b: Passimian|Passimian, L82, M|168/298\n|turn|7\n|\n|t:|1770538618\n|-end|p1a: Iron Bundle|Quark Drive|[silent]\n|switch|p1a: Iron Bundle|Iron Bundle, L78|38/219\n|move|p2b: Passimian|Close Combat|p1a: Iron Bundle\n|-immune|p1a: Iron Bundle\n|move|p2a: Regirock|Iron Defense|p2a: Regirock\n|-boost|p2a: Regirock|def|2\n|cant|p1b: Skarmory|par\n|\n|upkeep\n|turn|8\n|\n|t:|1770538635\n|move|p2b: Passimian|Close Combat|p1b: Skarmory\n|-damage|p1b: Skarmory|182/249 par\n|-unboost|p2b: Passimian|def|1\n|-unboost|p2b: Passimian|spd|1\n|move|p2a: Regirock|Rock Slide|p1b: Skarmory|[spread] p1a,p1b\n|-damage|p1a: Iron Bundle|0 fnt\n|-damage|p1b: Skarmory|163/249 par\n|replace|p1a: Zoroark|Zoroark-Hisui, L80, M\n|-end|p1a: Zoroark|Illusion\n|faint|p1a: Zoroark\n|cant|p1b: Skarmory|flinch\n|\n|-heal|p1b: Skarmory|178/249 par|[from] item: Leftovers\n|-sideend|p2: rstic|move: Tailwind\n|upkeep\n|\n|t:|1770538654\n|switch|p1a: Frosmoth|Frosmoth, L86, F|261/261\n|turn|9\n|\n|t:|1770538670\n|-terastallize|p1a: Frosmoth|Ground\n|move|p2b: Passimian|Close Combat|p1b: Skarmory\n|-damage|p1b: Skarmory|106/249 par\n|-unboost|p2b: Passimian|def|1\n|-unboost|p2b: Passimian|spd|1\n|move|p1a: Frosmoth|Quiver Dance|p1a: Frosmoth\n|-boost|p1a: Frosmoth|spa|1\n|-boost|p1a: Frosmoth|spd|1\n|-boost|p1a: Frosmoth|spe|1\n|move|p2a: Regirock|Rock Slide|p1b: Skarmory|[spread] p1a,p1b\n|-resisted|p1a: Frosmoth\n|-damage|p1a: Frosmoth|225/261\n|-damage|p1b: Skarmory|87/249 par\n|move|p1b: Skarmory|Body Press|p2b: Passimian\n|-damage|p2b: Passimian|0 fnt\n|faint|p2b: Passimian\n|\n|-heal|p1b: Skarmory|102/249 par|[from] item: Leftovers\n|upkeep\n|\n|t:|1770538677\n|switch|p2b: Overqwil|Overqwil, L82, M|193/274\n|-ability|p2b: Overqwil|Intimidate|boost\n|-unboost|p1a: Frosmoth|atk|1\n|-unboost|p1b: Skarmory|atk|1\n|turn|10\n|\n|t:|1770538693\n|move|p1a: Frosmoth|Protect|p1a: Frosmoth\n|-singleturn|p1a: Frosmoth|Protect\n|move|p2b: Overqwil|Liquidation|p1a: Frosmoth\n|-activate|p1a: Frosmoth|move: Protect\n|move|p2a: Regirock|Iron Defense|p2a: Regirock\n|-boost|p2a: Regirock|def|2\n|move|p1b: Skarmory|Body Press|p2b: Overqwil\n|-damage|p2b: Overqwil|38/274\n|\n|-heal|p1b: Skarmory|117/249 par|[from] item: Leftovers\n|upkeep\n|turn|11\n|\n|t:|1770538713\n|move|p2b: Overqwil|Protect|p2b: Overqwil\n|-singleturn|p2b: Overqwil|Protect\n|move|p1a: Frosmoth|Ice Beam|p2a: Regirock\n|-damage|p2a: Regirock|70/265\n|move|p2a: Regirock|Body Press|p1a: Frosmoth\n|-damage|p1a: Frosmoth|0 fnt\n|faint|p1a: Frosmoth\n|move|p1b: Skarmory|Body Press|p2b: Overqwil\n|-activate|p2b: Overqwil|move: Protect\n|\n|-heal|p1b: Skarmory|132/249 par|[from] item: Leftovers\n|upkeep\n|\n|t:|1770538731\n|switch|p1a: Iron Bundle|Iron Bundle, L78|140/215\n|turn|12\n|\n|t:|1770538752\n|move|p1a: Iron Bundle|Protect|p1a: Iron Bundle\n|-singleturn|p1a: Iron Bundle|Protect\n|move|p2b: Overqwil|Gunk Shot|p1a: Iron Bundle\n|-activate|p1a: Iron Bundle|move: Protect\n|move|p2a: Regirock|Rest|p2a: Regirock\n|-status|p2a: Regirock|slp|[from] move: Rest\n|-heal|p2a: Regirock|265/265 slp|[silent]\n|cant|p1b: Skarmory|par\n|\n|-heal|p1b: Skarmory|147/249 par|[from] item: Leftovers\n|upkeep\n|turn|13\n|\n|t:|1770538769\n|move|p1a: Iron Bundle|Freeze-Dry|p2b: Overqwil\n|-damage|p2b: Overqwil|0 fnt\n|faint|p2b: Overqwil\n|cant|p2a: Regirock|slp\n|move|p1b: Skarmory|Iron Defense|p1b: Skarmory\n|-boost|p1b: Skarmory|def|2\n|\n|-heal|p1b: Skarmory|162/249 par|[from] item: Leftovers\n|upkeep\n|\n|t:|1770538771\n|switch|p2b: Zacian|Zacian-Crowned, L66|231/231\n|-ability|p2b: Zacian|Intrepid Sword|boost\n|-boost|p2b: Zacian|atk|1\n|turn|14\n|\n|t:|1770538789\n|move|p1a: Iron Bundle|Hydro Pump|p2a: Regirock\n|-damage|p2a: Regirock|154/265 slp\n|move|p2b: Zacian|Behemoth Blade|p1a: Iron Bundle\n|-damage|p1a: Iron Bundle|8/215\n|cant|p2a: Regirock|slp\n|move|p1b: Skarmory|Body Press|p2b: Zacian\n|-damage|p2b: Zacian|0 fnt\n|faint|p2b: Zacian\n|\n|-heal|p1b: Skarmory|177/249 par|[from] item: Leftovers\n|upkeep\n|turn|15\n|\n|t:|1770538803\n|move|p1a: Iron Bundle|Hydro Pump|p2a: Regirock\n|-damage|p2a: Regirock|45/265 slp\n|-curestatus|p2a: Regirock|slp|[msg]\n|move|p2a: Regirock|Rock Slide|p1b: Skarmory|[spread] p1a,p1b\n|-supereffective|p1a: Iron Bundle\n|-damage|p1a: Iron Bundle|0 fnt\n|-damage|p1b: Skarmory|164/249 par\n|faint|p1a: Iron Bundle\n|-end|p1a: Iron Bundle|Quark Drive|[silent]\n|move|p1b: Skarmory|Body Press|p2a: Regirock\n|-damage|p2a: Regirock|13/265\n|\n|-heal|p1b: Skarmory|179/249 par|[from] item: Leftovers\n|upkeep\n|\n|t:|1770538815\n|switch|p1a: Flapple|Flapple, L95, M|287/287\n|turn|16\n|\n|t:|1770538822\n|move|p1a: Flapple|Grav Apple|p2a: Regirock\n|-damage|p2a: Regirock|0 fnt\n|faint|p2a: Regirock\n|\n|win|LazzarinoCominazzo\n|raw|LazzarinoCominazzo's rating: 1576 &rarr; <strong>1601</strong><br />(+25 for winning)\n|raw|rstic's rating: 1667 &rarr; <strong>1642</strong><br />(-25 for losing)\n|l|☆rstic\n|player|p2|\n", "inputlog": ">version ccdc32dd7cde25fd9e4bed64820e885f66e78a4e\n>start {\"formatid\":\"gen9randomdoublesbattle\",\"seed\":\"sodium,4e62217576bcf97a84b24dc04be22583\",\"rated\":\"Rated battle\"}\n>player p1 {\"name\":\"LazzarinoCominazzo\",\"avatar\":\"266\",\"rating\":1576,\"seed\":\"sodium,3492e84ce9a8c42de0f8f7075b6ef6bd\"}\n>player p2 {\"name\":\"rstic\",\"avatar\":\"170\",\"rating\":1667,\"seed\":\"sodium,716b2757f0160d5339e8a50c38f9faa9\"}\n>p1 move hypervoice, move irondefense\n>p2 move closecombat +1, move tailwind\n>p1 move bittermalice +2, move bravebird +2\n>p2 switch 6, move surf\n>p1 switch 6, move roost\n>p2 switch 5, move surf\n>p1 move knockoff +1, move bodypress +1\n>p2 move thunderwave +2, move bravebird +1\n>p2 switch 4, pass\n>p1 move uturn +1, move bodypress +1\n>p2 move irondefense, move tailwind\n>p1 switch 3, pass\n>p1 move freezedry +1, move bodypress +2\n>p2 move rest terastallize, move bravebird +1\n>p2 pass, switch 6\n>p1 switch 6, move bodypress +1\n>p2 move irondefense, move closecombat +1\n>p1 move hypervoice, move bodypress +1\n>p2 move rockslide, move closecombat +2\n>p1 switch 4, pass\n>p1 move quiverdance terastallize, move bodypress +2\n>p2 move rockslide, move closecombat +2\n>p2 pass, switch 5\n>p1 move protect, move bodypress +2\n>p2 move irondefense, move liquidation +1\n>p1 move icebeam +1, move bodypress +2\n>p2 move bodypress +1, move protect\n>p1 switch 6, pass\n>p1 move protect, move bodypress +2\n>p2 move rest, move gunkshot +1\n>p1 move freezedry +2, move irondefense\n>p2 move bodypress +2, move crunch +1\n>p2 pass, switch 3\n>p1 move hydropump +1, move bodypress +2\n>p2 move bodypress +2, move behemothblade +1\n>p1 move hydropump +1, move bodypress +1\n>p2 move rockslide, pass\n>p1 switch 5, pass\n>p1 move gravapple +1, move bravebird +1\n>p2 move rockslide, pass", "uploadtime": 1770538833, "views": 111, "formatid": "gen9randomdoublesbattle", "rating": 1601, "private": 0, "password": null}