{"id": "gen9randomdoublesbattle-2535635886", "format": "[Gen 9] Random Doubles Battle", "players": ["Tisio", "wubungus"], "log": "|j|☆Tisio\n|j|☆wubungus\n|t:|1770589461\n|gametype|doubles\n|player|p1|Tisio|volkner|1635\n|player|p2|wubungus|linebacker|1866\n|gen|9\n|tier|[Gen 9] Random Doubles Battle\n|rated|\n|rule|Species Clause: Limit one of each Pokémon\n|rule|HP Percentage Mod: HP is shown in percentages\n|rule|Illusion Level Mod: Illusion disguises the Pokémon's true level\n|rule|Sleep Clause Mod: Limit one foe put to sleep\n|\n|t:|1770589461\n|teamsize|p1|6\n|teamsize|p2|6\n|start\n|switch|p1a: Toxicroak|Toxicroak, L85, F|280/280\n|switch|p1b: Froslass|Froslass, L88, F|266/266\n|switch|p2a: Glastrier|Glastrier, L80|291/291\n|switch|p2b: Blastoise|Blastoise, L83, F|267/267\n|turn|1\n|\n|t:|1770589484\n|switch|p2a: Armarouge|Armarouge, L80, F|267/267\n|move|p1b: Froslass|Poltergeist|p2b: Blastoise\n|-activate|p2b: Blastoise|move: Poltergeist|White Herb\n|-damage|p2b: Blastoise|165/267\n|move|p1a: Toxicroak|Close Combat|p2b: Blastoise\n|-damage|p2b: Blastoise|0 fnt\n|-unboost|p1a: Toxicroak|def|1\n|-unboost|p1a: Toxicroak|spd|1\n|faint|p2b: Blastoise\n|-damage|p1a: Toxicroak|252/280|[from] item: Life Orb\n|\n|upkeep\n|\n|t:|1770589503\n|switch|p2b: Hitmonchan|Hitmonchan, L90, M|236/236\n|turn|2\n|\n|t:|1770589529\n|move|p1a: Toxicroak|Protect|p1a: Toxicroak\n|-singleturn|p1a: Toxicroak|Protect\n|move|p2b: Hitmonchan|Fake Out|p1a: Toxicroak\n|-activate|p1a: Toxicroak|move: Protect\n|move|p1b: Froslass|Poltergeist|p2a: Armarouge\n|-activate|p2a: Armarouge|move: Poltergeist|Choice Specs\n|-supereffective|p2a: Armarouge\n|-damage|p2a: Armarouge|49/267\n|move|p2a: Armarouge|Armor Cannon|p1b: Froslass\n|-supereffective|p1b: Froslass\n|-damage|p1b: Froslass|0 fnt\n|-unboost|p2a: Armarouge|def|1\n|-unboost|p2a: Armarouge|spd|1\n|-start|p2a: Armarouge|Disable|Armor Cannon|[from] ability: Cursed Body|[of] p1b: Froslass\n|faint|p1b: Froslass\n|\n|upkeep\n|\n|t:|1770589555\n|switch|p1b: Talonflame|Talonflame, L82, M|262/262\n|turn|3\n|inactive|Battle timer is ON: inactive players will automatically lose when time's up. (requested by Tisio)\n|\n|t:|1770589586\n|switch|p2a: Dudunsparce|Dudunsparce, L86, M|355/355\n|move|p1b: Talonflame|Brave Bird|p2b: Hitmonchan\n|-supereffective|p2b: Hitmonchan\n|-damage|p2b: Hitmonchan|18/236\n|-damage|p1b: Talonflame|190/262|[from] Recoil\n|move|p1a: Toxicroak|Close Combat|p2a: Dudunsparce\n|-supereffective|p2a: Dudunsparce\n|-damage|p2a: Dudunsparce|0 fnt\n|-unboost|p1a: Toxicroak|def|1\n|-unboost|p1a: Toxicroak|spd|1\n|faint|p2a: Dudunsparce\n|-damage|p1a: Toxicroak|224/280|[from] item: Life Orb\n|move|p2b: Hitmonchan|Knock Off|p1b: Talonflame\n|-damage|p1b: Talonflame|89/262\n|-enditem|p1b: Talonflame|Sitrus Berry|[from] move: Knock Off|[of] p2b: Hitmonchan\n|\n|upkeep\n|\n|t:|1770589604\n|switch|p2a: Toucannon|Toucannon, L87, F|281/281\n|turn|4\n|\n|t:|1770589624\n|move|p1b: Talonflame|Tailwind|p1b: Talonflame\n|-sidestart|p1: Tisio|move: Tailwind\n|move|p1a: Toxicroak|Close Combat|p2a: Toucannon\n|-damage|p2a: Toucannon|81/281\n|-unboost|p1a: Toxicroak|def|1\n|-unboost|p1a: Toxicroak|spd|1\n|-enditem|p2a: Toucannon|Sitrus Berry|[eat]\n|-heal|p2a: Toucannon|151/281|[from] item: Sitrus Berry\n|-damage|p1a: Toxicroak|196/280|[from] item: Life Orb\n|move|p2b: Hitmonchan|Close Combat|p1b: Talonflame\n|-resisted|p1b: Talonflame\n|-damage|p1b: Talonflame|2/262\n|-unboost|p2b: Hitmonchan|def|1\n|-unboost|p2b: Hitmonchan|spd|1\n|move|p2a: Toucannon|Tailwind|p2a: Toucannon\n|-sidestart|p2: wubungus|move: Tailwind\n|\n|upkeep\n|turn|5\n|\n|t:|1770589653\n|switch|p2b: Armarouge|Armarouge, L80, F|49/267\n|move|p1b: Talonflame|Overheat|p2b: Armarouge\n|-start|p2b: Armarouge|ability: Flash Fire\n|move|p1a: Toxicroak|Close Combat|p2a: Toucannon\n|-damage|p2a: Toucannon|0 fnt\n|-unboost|p1a: Toxicroak|def|1\n|-unboost|p1a: Toxicroak|spd|1\n|faint|p2a: Toucannon\n|-damage|p1a: Toxicroak|168/280|[from] item: Life Orb\n|\n|upkeep\n|inactive|wubungus has 120 seconds left.\n|\n|t:|1770589663\n|switch|p2a: Hitmonchan|Hitmonchan, L90, M|18/236\n|turn|6\n|c|☆wubungus|might be the worst matchup in history\n|\n|t:|1770589679\n|switch|p1b: Indeedee|Indeedee-F, L91, F|275/275\n|-fieldstart|move: Psychic Terrain|[from] ability: Psychic Surge|[of] p1b: Indeedee\n|move|p2a: Hitmonchan|Fake Out|p1b: Indeedee\n|-activate|p1b: Indeedee|move: Psychic Terrain\n|move|p1a: Toxicroak|Close Combat|p2b: Armarouge\n|-resisted|p2b: Armarouge\n|-damage|p2b: Armarouge|0 fnt\n|-unboost|p1a: Toxicroak|def|1\n|-unboost|p1a: Toxicroak|spd|1\n|faint|p2b: Armarouge\n|-damage|p1a: Toxicroak|140/280|[from] item: Life Orb\n|\n|upkeep\n|-message|wubungus forfeited.\n|\n|win|Tisio\n|raw|Tisio's rating: 1635 &rarr; <strong>1667</strong><br />(+32 for winning)\n|raw|wubungus's rating: 1866 &rarr; <strong>1834</strong><br />(-32 for losing)\n|l|☆wubungus\n|player|p2|\n", "inputlog": ">version ccdc32dd7cde25fd9e4bed64820e885f66e78a4e\n>start {\"formatid\":\"gen9randomdoublesbattle\",\"seed\":\"sodium,58998479c6d80e763bc73b411b35e438\",\"rated\":\"Rated battle\"}\n>player p1 {\"name\":\"Tisio\",\"avatar\":\"volkner\",\"rating\":1635,\"seed\":\"sodium,84ef57ca5ef27e215992b52f8226ba7a\"}\n>player p2 {\"name\":\"wubungus\",\"avatar\":\"linebacker\",\"rating\":1866,\"seed\":\"sodium,7545a9b3f95102bce6fecd31f4347e55\"}\n>p1 move closecombat +2, move poltergeist +2\n>p2 switch 5, move shellsmash\n>p2 pass, switch 6\n>p1 move protect, move poltergeist +1\n>p2 move armorcannon +2, move fakeout +1\n>p1 pass, switch 4\n>p1 move closecombat +1, move bravebird +2\n>p2 switch 4, move knockoff +2\n>p2 switch 3, pass\n>p1 move closecombat +1, move tailwind\n>p2 move tailwind, move closecombat +2\n>p1 move closecombat +1, move overheat +2\n>p2 move bravebird +1, switch 4\n>p2 switch 4, pass\n>chat ☆wubungus|might be the worst matchup in history\n>p1 move closecombat +2, switch 6\n>p2 move fakeout +2, move psychic +1\n>forcelose p2", "uploadtime": 1770589732, "views": 78, "formatid": "gen9randomdoublesbattle", "rating": 1667, "private": 0, "password": null}