{"id": "gen9randomdoublesbattle-2536666164", "format": "[Gen 9] Random Doubles Battle", "players": ["peppppe", "marco365"], "log": "|j|☆peppppe\n|j|☆marco365\n|t:|1770723147\n|gametype|doubles\n|player|p1|peppppe|blaine|1698\n|player|p2|marco365|lucian|1719\n|gen|9\n|tier|[Gen 9] Random Doubles Battle\n|rated|\n|rule|Species Clause: Limit one of each Pokémon\n|rule|HP Percentage Mod: HP is shown in percentages\n|rule|Illusion Level Mod: Illusion disguises the Pokémon's true level\n|rule|Sleep Clause Mod: Limit one foe put to sleep\n|\n|t:|1770723147\n|teamsize|p1|6\n|teamsize|p2|6\n|start\n|switch|p1a: Emboar|Emboar, L85, M|326/326\n|switch|p1b: Mudsdale|Mudsdale, L84, F|305/305\n|switch|p2a: Ampharos|Ampharos, L86, M|295/295\n|switch|p2b: Iron Treads|Iron Treads, L81|278/278\n|turn|1\n|inactive|Battle timer is ON: inactive players will automatically lose when time's up. (requested by peppppe)\n|inactive|marco365 has 120 seconds left.\n|inactive|peppppe has 120 seconds left.\n|\n|t:|1770723213\n|switch|p1a: Passimian|Passimian, L82, F|298/298\n|move|p2b: Iron Treads|High Horsepower|p1a: Passimian\n|-damage|p1a: Passimian|193/298\n|move|p2a: Ampharos|Thunder Wave|p1a: Passimian\n|-status|p1a: Passimian|par\n|move|p1b: Mudsdale|High Horsepower|p2a: Ampharos\n|-supereffective|p2a: Ampharos\n|-damage|p2a: Ampharos|55/295\n|-enditem|p2a: Ampharos|Sitrus Berry|[eat]\n|-heal|p2a: Ampharos|128/295|[from] item: Sitrus Berry\n|\n|upkeep\n|turn|2\n|inactive|marco365 has 120 seconds left.\n|\n|t:|1770723256\n|move|p2b: Iron Treads|High Horsepower|p1a: Passimian\n|-damage|p1a: Passimian|84/298 par\n|move|p2a: Ampharos|Thunderbolt|p1a: Passimian\n|-crit|p1a: Passimian\n|-damage|p1a: Passimian|0 fnt\n|faint|p1a: Passimian\n|move|p1b: Mudsdale|High Horsepower|p2b: Iron Treads\n|-supereffective|p2b: Iron Treads\n|-damage|p2b: Iron Treads|78/278\n|\n|upkeep\n|\n|t:|1770723266\n|switch|p1a: Espathra|Espathra, L83, M|293/293\n|turn|3\n|\n|t:|1770723277\n|move|p1a: Espathra|Protect|p1a: Espathra\n|-singleturn|p1a: Espathra|Protect\n|move|p2b: Iron Treads|High Horsepower|p1b: Mudsdale\n|-damage|p1b: Mudsdale|217/305\n|-ability|p1b: Mudsdale|Stamina|boost\n|-boost|p1b: Mudsdale|def|1\n|move|p1b: Mudsdale|High Horsepower|p2b: Iron Treads\n|-supereffective|p2b: Iron Treads\n|-damage|p2b: Iron Treads|0 fnt\n|faint|p2b: Iron Treads\n|-end|p2b: Iron Treads|Quark Drive|[silent]\n|move|p2a: Ampharos|Dragon Tail|p1b: Mudsdale\n|-damage|p1b: Mudsdale|194/305\n|-ability|p1b: Mudsdale|Stamina|boost\n|-boost|p1b: Mudsdale|def|1\n|drag|p1b: Scovillain|Scovillain, L90, F|263/263\n|\n|-ability|p1a: Espathra|Speed Boost|boost\n|-boost|p1a: Espathra|spe|1\n|upkeep\n|inactive|marco365 has 120 seconds left.\n|\n|t:|1770723308\n|switch|p2b: Shiftry|Shiftry, L84, F|288/288\n|turn|4\n|inactive|marco365 has 120 seconds left.\n|\n|t:|1770723338\n|-terastallize|p2b: Shiftry|Ghost\n|move|p1a: Espathra|Dazzling Gleam|p2a: Ampharos|[spread] p2a,p2b\n|-damage|p2a: Ampharos|73/295\n|-damage|p2b: Shiftry|210/288\n|-damage|p1a: Espathra|264/293|[from] item: Life Orb\n|move|p1b: Scovillain|Fire Blast|p2b: Shiftry\n|-damage|p2b: Shiftry|5/288\n|move|p2b: Shiftry|Knock Off|p1a: Espathra\n|-supereffective|p1a: Espathra\n|-damage|p1a: Espathra|0 fnt\n|-enditem|p1a: Espathra|Life Orb|[from] move: Knock Off|[of] p2b: Shiftry\n|faint|p1a: Espathra\n|move|p2a: Ampharos|Thunder Wave|p1b: Scovillain\n|-status|p1b: Scovillain|par\n|\n|upkeep\n|\n|t:|1770723363\n|switch|p1a: Pachirisu|Pachirisu, L93, M|262/262\n|turn|5\n|inactive|marco365 has 120 seconds left.\n|\n|t:|1770723376\n|move|p1a: Pachirisu|Encore|p2a: Ampharos\n|-start|p2a: Ampharos|Encore\n|move|p2b: Shiftry|Tailwind|p2b: Shiftry\n|-sidestart|p2: marco365|move: Tailwind\n|-ability|p2b: Shiftry|Wind Rider|boost\n|-boost|p2b: Shiftry|atk|1\n|cant|p1b: Scovillain|par\n|move|p2a: Ampharos|Thunder Wave|p1b: Scovillain\n|-fail|p1b: Scovillain|par\n|\n|upkeep\n|turn|6\n|inactive|marco365 has 120 seconds left.\n|\n|t:|1770723411\n|switch|p2a: Flygon|Flygon, L83, F|268/268\n|move|p2b: Shiftry|Knock Off|p1a: Pachirisu\n|-damage|p1a: Pachirisu|90/262\n|-enditem|p1a: Pachirisu|Sitrus Berry|[from] move: Knock Off|[of] p2b: Shiftry\n|move|p1a: Pachirisu|Thunderbolt|p2b: Shiftry\n|-damage|p2b: Shiftry|0 fnt\n|faint|p2b: Shiftry\n|move|p1b: Scovillain|Energy Ball|p2a: Flygon\n|-damage|p2a: Flygon|141/268\n|\n|upkeep\n|\n|t:|1770723426\n|switch|p2b: Indeedee|Indeedee-F, L91, F|275/275\n|-fieldstart|move: Psychic Terrain|[from] ability: Psychic Surge|[of] p2b: Indeedee\n|turn|7\n|inactive|marco365 has 120 seconds left.\n|\n|t:|1770723441\n|switch|p1a: Mudsdale|Mudsdale, L84, F|194/305\n|move|p2a: Flygon|Earth Power|p1a: Mudsdale\n|-damage|p1a: Mudsdale|115/305\n|-ability|p1a: Mudsdale|Stamina|boost\n|-boost|p1a: Mudsdale|def|1\n|move|p2b: Indeedee|Psychic|p1b: Scovillain\n|-damage|p1b: Scovillain|89/263 par\n|-enditem|p1b: Scovillain|Sitrus Berry|[eat]\n|-heal|p1b: Scovillain|154/263 par|[from] item: Sitrus Berry\n|cant|p1b: Scovillain|par\n|\n|upkeep\n|turn|8\n|\n|t:|1770723462\n|move|p2a: Flygon|Earth Power|p1b: Scovillain\n|-damage|p1b: Scovillain|51/263 par\n|move|p2b: Indeedee|Psychic|p1a: Mudsdale\n|-damage|p1a: Mudsdale|0 fnt\n|faint|p1a: Mudsdale\n|move|p1b: Scovillain|Energy Ball|p2a: Flygon\n|-damage|p2a: Flygon|9/268\n|-unboost|p2a: Flygon|spd|1\n|-enditem|p2a: Flygon|Sitrus Berry|[eat]\n|-heal|p2a: Flygon|76/268|[from] item: Sitrus Berry\n|\n|-sideend|p2: marco365|move: Tailwind\n|upkeep\n|inactive|peppppe has 120 seconds left.\n|\n|t:|1770723479\n|switch|p1a: Pachirisu|Pachirisu, L93, M|90/262\n|turn|9\n|\n|t:|1770723490\n|move|p1a: Pachirisu|Nuzzle|p2b: Indeedee\n|-damage|p2b: Indeedee|257/275\n|-status|p2b: Indeedee|par\n|move|p2a: Flygon|Earth Power|p1a: Pachirisu\n|-supereffective|p1a: Pachirisu\n|-damage|p1a: Pachirisu|0 fnt\n|faint|p1a: Pachirisu\n|cant|p2b: Indeedee|par\n|move|p1b: Scovillain|Energy Ball|p2a: Flygon\n|-damage|p2a: Flygon|0 fnt\n|faint|p2a: Flygon\n|\n|upkeep\n|\n|t:|1770723511\n|switch|p1a: Emboar|Emboar, L85, M|326/326\n|switch|p2a: Ampharos|Ampharos, L86, M|73/295\n|turn|10\n|\n|t:|1770723520\n|-terastallize|p1a: Emboar|Dark\n|move|p1a: Emboar|Knock Off|p2b: Indeedee\n|-supereffective|p2b: Indeedee\n|-damage|p2b: Indeedee|0 fnt\n|-enditem|p2b: Indeedee|Sitrus Berry|[from] move: Knock Off|[of] p1a: Emboar\n|faint|p2b: Indeedee\n|move|p2a: Ampharos|Thunder Wave|p1a: Emboar\n|-status|p1a: Emboar|par\n|move|p1b: Scovillain|Energy Ball|p2a: Ampharos\n|-damage|p2a: Ampharos|0 fnt\n|faint|p2a: Ampharos\n|\n|upkeep\n|\n|t:|1770723533\n|switch|p2b: Lycanroc|Lycanroc-Midnight, L84, F|280/280\n|turn|11\n|\n|t:|1770723559\n|move|p2b: Lycanroc|Rock Slide|p1a: Emboar|[spread] p1a,p1b\n|-supereffective|p1b: Scovillain\n|-damage|p1a: Emboar|247/326 par\n|-damage|p1b: Scovillain|0 fnt\n|faint|p1b: Scovillain\n|move|p1a: Emboar|Knock Off|p2b: Lycanroc\n|-damage|p2b: Lycanroc|78/280\n|-enditem|p2b: Lycanroc|Choice Scarf|[from] move: Knock Off|[of] p1a: Emboar\n|\n|-fieldend|move: Psychic Terrain\n|upkeep\n|turn|12\n|\n|t:|1770723572\n|move|p2b: Lycanroc|Close Combat|p1a: Emboar\n|-supereffective|p1a: Emboar\n|-damage|p1a: Emboar|21/326 par\n|-unboost|p2b: Lycanroc|def|1\n|-unboost|p2b: Lycanroc|spd|1\n|cant|p1a: Emboar|par\n|\n|upkeep\n|turn|13\n|c|☆peppppe|gg\n|\n|t:|1770723581\n|move|p2b: Lycanroc|Close Combat|p1a: Emboar\n|-supereffective|p1a: Emboar\n|-damage|p1a: Emboar|0 fnt\n|-unboost|p2b: Lycanroc|def|1\n|-unboost|p2b: Lycanroc|spd|1\n|faint|p1a: Emboar\n|\n|win|marco365\n|raw|peppppe's rating: 1698 &rarr; <strong>1679</strong><br />(-19 for losing)\n|raw|marco365's rating: 1719 &rarr; <strong>1738</strong><br />(+19 for winning)\n|c|☆marco365|Gg\n|l|☆peppppe\n|player|p1|\n", "inputlog": ">version ccdc32dd7cde25fd9e4bed64820e885f66e78a4e\n>start {\"formatid\":\"gen9randomdoublesbattle\",\"seed\":\"sodium,3f2b91589b66808a6c669b9373189e9c\",\"rated\":\"Rated battle\"}\n>player p1 {\"name\":\"peppppe\",\"avatar\":\"blaine\",\"rating\":1698,\"seed\":\"sodium,ab8b1c786dd9f1c1b453ce9c611a32b6\"}\n>player p2 {\"name\":\"marco365\",\"avatar\":\"lucian\",\"rating\":1719,\"seed\":\"sodium,7949908361d2779df57fe837694b51ab\"}\n>p1 switch 4, move highhorsepower +1\n>p2 move thunderwave +1, move highhorsepower +1\n>p1 move gunkshot +1, move highhorsepower +2\n>p2 move thunderbolt +1, move highhorsepower +1\n>p1 switch 5, pass\n>p1 move protect, move highhorsepower +2\n>p2 move dragontail +2, move highhorsepower +2\n>p2 pass, switch 6\n>p1 move dazzlinggleam, move fireblast +2\n>p2 move thunderwave +2, move knockoff +1 terastallize\n>p1 switch 3, pass\n>p1 move encore +1, move energyball +2\n>p2 move dragontail +1, move tailwind\n>p1 move thunderbolt +2, move energyball +2\n>p2 switch 3, move knockoff +1\n>p2 pass, switch 5\n>p1 switch 6, move willowisp +1\n>p2 move earthpower +1, move psychic +2\n>p1 move rest, move energyball +1\n>p2 move earthpower +2, move psychic +1\n>p1 switch 6, pass\n>p1 move nuzzle +2, move energyball +1\n>p2 move earthpower +1, move psychic +2\n>p1 switch 4, pass\n>p2 switch 3, pass\n>p1 move knockoff +2 terastallize, move energyball +1\n>p2 move thunderwave +1, move psychic +2\n>p2 pass, switch 4\n>p1 move knockoff +2, move energyball +2\n>p2 pass, move rockslide\n>p1 move knockoff +2, pass\n>p2 pass, move closecombat +1\n>chat ☆peppppe|gg\n>p1 move knockoff +2, pass\n>p2 pass, move closecombat +1", "uploadtime": 1770723592, "views": 56, "formatid": "gen9randomdoublesbattle", "rating": 1679, "private": 0, "password": null}