{"id": "gen9randomdoublesbattle-2540647427", "format": "[Gen 9] Random Doubles Battle", "players": ["DaniSK", "Moonlight Flutter"], "log": "|j|☆DaniSK\n|j|☆Moonlight Flutter\n|t:|1771233654\n|gametype|doubles\n|player|p1|DaniSK|lucas|1820\n|player|p2|Moonlight Flutter|dawn-masters3|1917\n|gen|9\n|tier|[Gen 9] Random Doubles Battle\n|rated|\n|rule|Species Clause: Limit one of each Pokémon\n|rule|HP Percentage Mod: HP is shown in percentages\n|rule|Illusion Level Mod: Illusion disguises the Pokémon's true level\n|rule|Sleep Clause Mod: Limit one foe put to sleep\n|\n|t:|1771233654\n|teamsize|p1|6\n|teamsize|p2|6\n|start\n|switch|p1a: Swalot|Swalot, L90, F|326/326\n|switch|p1b: Noivern|Noivern, L84, F|280/280\n|switch|p2a: Zebstrika|Zebstrika, L87, F|272/272\n|switch|p2b: Meowscarada|Meowscarada, L79, F|250/250\n|-item|p2a: Zebstrika|Life Orb|[from] ability: Frisk|[of] p1b: Noivern\n|-item|p2b: Meowscarada|Choice Band|[from] ability: Frisk|[of] p1b: Noivern\n|turn|1\n|\n|t:|1771233724\n|switch|p2b: Masquerain|Masquerain, L90, F|272/272\n|-ability|p2b: Masquerain|Intimidate|boost\n|-unboost|p1a: Swalot|atk|1\n|-unboost|p1b: Noivern|atk|1\n|move|p1b: Noivern|Tailwind|p1b: Noivern\n|-sidestart|p1: DaniSK|move: Tailwind\n|move|p1a: Swalot|Gunk Shot|p2b: Masquerain\n|-damage|p2b: Masquerain|173/272\n|-status|p2b: Masquerain|psn\n|move|p2a: Zebstrika|Thunderbolt|p1b: Noivern\n|-damage|p1b: Noivern|163/280\n|-damage|p2a: Zebstrika|245/272|[from] item: Life Orb\n|\n|-damage|p2b: Masquerain|139/272 psn|[from] psn\n|upkeep\n|turn|2\n|\n|t:|1771233756\n|switch|p1b: Morpeko|Morpeko, L88, F|245/245\n|move|p2b: Masquerain|Protect|p2b: Masquerain\n|-singleturn|p2b: Masquerain|Protect\n|move|p1a: Swalot|Encore|p2a: Zebstrika\n|-start|p2a: Zebstrika|Encore\n|move|p2a: Zebstrika|Thunderbolt|p1b: Morpeko\n|-resisted|p1b: Morpeko\n|-damage|p1b: Morpeko|177/245\n|-damage|p2a: Zebstrika|218/272|[from] item: Life Orb\n|\n|-damage|p2b: Masquerain|105/272 psn|[from] psn\n|-formechange|p1b: Morpeko|Morpeko-Hangry||[from] ability: Hunger Switch\n|upkeep\n|turn|3\n|\n|t:|1771233807\n|switch|p1a: Gouging Fire|Gouging Fire, L75|281/281\n|switch|p2b: Whimsicott|Whimsicott, L80, F|227/227\n|move|p1b: Morpeko|Aura Wheel|p2b: Whimsicott\n|-resisted|p2b: Whimsicott\n|-damage|p2b: Whimsicott|158/227\n|-boost|p1b: Morpeko|spe|1\n|move|p2a: Zebstrika|Thunderbolt|p1a: Gouging Fire\n|-resisted|p1a: Gouging Fire\n|-damage|p1a: Gouging Fire|219/281\n|-damage|p2a: Zebstrika|191/272|[from] item: Life Orb\n|\n|-formechange|p1b: Morpeko|Morpeko||[from] ability: Hunger Switch\n|upkeep\n|turn|4\n|\n|t:|1771233829\n|switch|p2a: Masquerain|Masquerain, L90, F|105/272 psn\n|-ability|p2a: Masquerain|Intimidate|boost\n|-fail|p1a: Gouging Fire|unboost|[from] item: Clear Amulet|[of] p1a: Gouging Fire\n|-unboost|p1b: Morpeko|atk|1\n|move|p2b: Whimsicott|Tailwind|p2b: Whimsicott\n|-sidestart|p2: Moonlight Flutter|move: Tailwind\n|move|p1b: Morpeko|Knock Off|p2a: Masquerain\n|-damage|p2a: Masquerain|23/272 psn\n|-enditem|p2a: Masquerain|Heavy-Duty Boots|[from] move: Knock Off|[of] p1b: Morpeko\n|move|p1a: Gouging Fire|Heat Crash|p2b: Whimsicott\n|-supereffective|p2b: Whimsicott\n|-damage|p2b: Whimsicott|0 fnt\n|faint|p2b: Whimsicott\n|\n|-damage|p2a: Masquerain|0 fnt|[from] psn\n|faint|p2a: Masquerain\n|-sideend|p1: DaniSK|move: Tailwind\n|-formechange|p1b: Morpeko|Morpeko-Hangry||[from] ability: Hunger Switch\n|upkeep\n|\n|t:|1771233858\n|switch|p2b: Meowscarada|Meowscarada, L79, F|250/250\n|switch|p2a: Chi-Yu|Chi-Yu, L75|206/206\n|-ability|p2a: Chi-Yu|Beads of Ruin\n|turn|5\n|\n|t:|1771233897\n|switch|p2b: Pecharunt|Pecharunt, L78|265/265\n|move|p1b: Morpeko|Protect|p1b: Morpeko\n|-singleturn|p1b: Morpeko|Protect\n|move|p1a: Gouging Fire|Burning Bulwark|p1a: Gouging Fire\n|-singleturn|p1a: Gouging Fire|move: Protect\n|move|p2a: Chi-Yu|Heat Wave|p1b: Morpeko|[spread] \n|-activate|p1a: Gouging Fire|move: Protect\n|-activate|p1b: Morpeko|move: Protect\n|\n|-formechange|p1b: Morpeko|Morpeko||[from] ability: Hunger Switch\n|upkeep\n|turn|6\n|\n|t:|1771233916\n|move|p2b: Pecharunt|Protect|p2b: Pecharunt\n|-singleturn|p2b: Pecharunt|Protect\n|move|p2a: Chi-Yu|Heat Wave|p1a: Gouging Fire|[spread] p1b\n|-miss|p2a: Chi-Yu|p1a: Gouging Fire\n|-damage|p1b: Morpeko|0 fnt\n|faint|p1b: Morpeko\n|-damage|p2a: Chi-Yu|186/206|[from] item: Life Orb\n|move|p1a: Gouging Fire|Dragon Dance|p1a: Gouging Fire\n|-boost|p1a: Gouging Fire|atk|1\n|-boost|p1a: Gouging Fire|spe|1\n|\n|upkeep\n|\n|t:|1771233942\n|switch|p1b: Swalot|Swalot, L90, F|326/326\n|turn|7\n|\n|t:|1771233963\n|move|p2a: Chi-Yu|Dark Pulse|p1b: Swalot\n|-damage|p1b: Swalot|170/326\n|-damage|p2a: Chi-Yu|166/206|[from] item: Life Orb\n|move|p2b: Pecharunt|Shadow Ball|p1b: Swalot\n|-damage|p1b: Swalot|82/326\n|-enditem|p1b: Swalot|Mago Berry|[eat]\n|-heal|p1b: Swalot|190/326|[from] item: Mago Berry\n|move|p1a: Gouging Fire|Dragon Claw|p2a: Chi-Yu\n|-damage|p2a: Chi-Yu|34/206\n|move|p1b: Swalot|Gunk Shot|p2a: Chi-Yu|[miss]\n|-miss|p1b: Swalot|p2a: Chi-Yu\n|\n|-sideend|p2: Moonlight Flutter|move: Tailwind\n|upkeep\n|turn|8\n|\n|t:|1771233985\n|move|p1a: Gouging Fire|Dragon Claw|p2a: Chi-Yu\n|-damage|p2a: Chi-Yu|0 fnt\n|faint|p2a: Chi-Yu\n|move|p2b: Pecharunt|Malignant Chain|p1a: Gouging Fire\n|-damage|p1a: Gouging Fire|123/281\n|-status|p1a: Gouging Fire|tox\n|-start|p1a: Gouging Fire|confusion|[from] ability: Poison Puppeteer|[of] p2b: Pecharunt\n|move|p1b: Swalot|Knock Off|p2b: Pecharunt\n|-supereffective|p2b: Pecharunt\n|-damage|p2b: Pecharunt|181/265\n|-enditem|p2b: Pecharunt|Sitrus Berry|[from] move: Knock Off|[of] p1b: Swalot\n|\n|-damage|p1a: Gouging Fire|106/281 tox|[from] psn\n|upkeep\n|\n|t:|1771233995\n|switch|p2a: Zebstrika|Zebstrika, L87, F|191/272\n|turn|9\n|\n|t:|1771234003\n|move|p2b: Pecharunt|Protect|p2b: Pecharunt\n|-singleturn|p2b: Pecharunt|Protect\n|-activate|p1a: Gouging Fire|confusion\n|-damage|p1a: Gouging Fire|72/281 tox|[from] confusion\n|move|p2a: Zebstrika|High Horsepower|p1b: Swalot\n|-supereffective|p1b: Swalot\n|-damage|p1b: Swalot|13/326\n|-damage|p2a: Zebstrika|164/272|[from] item: Life Orb\n|move|p1b: Swalot|Gunk Shot|p2a: Zebstrika\n|-damage|p2a: Zebstrika|17/272\n|\n|-damage|p1a: Gouging Fire|38/281 tox|[from] psn\n|upkeep\n|turn|10\n|\n|t:|1771234021\n|move|p2a: Zebstrika|Protect|p2a: Zebstrika\n|-singleturn|p2a: Zebstrika|Protect\n|-activate|p1a: Gouging Fire|confusion\n|-damage|p1a: Gouging Fire|1/281 tox|[from] confusion\n|move|p2b: Pecharunt|Parting Shot|p1b: Swalot\n|-unboost|p1b: Swalot|atk|1\n|-unboost|p1b: Swalot|spa|1\n|\n|t:|1771234026\n|switch|p2b: Meowscarada|Meowscarada, L79, F|250/250|[from] Parting Shot\n|move|p1b: Swalot|Knock Off|p2a: Zebstrika\n|-activate|p2a: Zebstrika|move: Protect\n|\n|-damage|p1a: Gouging Fire|0 fnt|[from] psn\n|faint|p1a: Gouging Fire\n|-end|p1a: Gouging Fire|Protosynthesis|[silent]\n|upkeep\n|\n|t:|1771234034\n|switch|p1a: Noivern|Noivern, L84, F|163/280\n|-item|p2a: Zebstrika|Life Orb|[from] ability: Frisk|[of] p1a: Noivern\n|-item|p2b: Meowscarada|Choice Band|[from] ability: Frisk|[of] p1a: Noivern\n|turn|11\n|\n|t:|1771234054\n|switch|p2a: Pecharunt|Pecharunt, L78|181/265\n|-terastallize|p1a: Noivern|Dragon\n|move|p1a: Noivern|Flamethrower|p2a: Pecharunt\n|-damage|p2a: Pecharunt|112/265\n|move|p2b: Meowscarada|Triple Axel|p1a: Noivern\n|-start|p2b: Meowscarada|typechange|Ice|[from] ability: Protean\n|-supereffective|p1a: Noivern\n|-damage|p1a: Noivern|97/280\n|-enditem|p1a: Noivern|Sitrus Berry|[eat]\n|-heal|p1a: Noivern|167/280|[from] item: Sitrus Berry\n|-supereffective|p1a: Noivern\n|-damage|p1a: Noivern|45/280\n|-supereffective|p1a: Noivern\n|-damage|p1a: Noivern|0 fnt\n|faint|p1a: Noivern\n|-hitcount|p1: Noivern|3\n|move|p1b: Swalot|Gunk Shot|p2b: Meowscarada|[miss]\n|-miss|p1b: Swalot|p2b: Meowscarada\n|\n|upkeep\n|\n|t:|1771234073\n|switch|p1a: Farigiraf|Farigiraf, L84, M|339/339\n|turn|12\n|\n|t:|1771234095\n|-terastallize|p2a: Pecharunt|Dark\n|move|p2b: Meowscarada|Triple Axel|p1a: Farigiraf\n|-damage|p1a: Farigiraf|297/339\n|-damage|p1a: Farigiraf|218/339\n|-hitcount|p1a: Farigiraf|2\n|move|p2a: Pecharunt|Malignant Chain|p1a: Farigiraf\n|-damage|p1a: Farigiraf|125/339\n|-status|p1a: Farigiraf|tox\n|-start|p1a: Farigiraf|confusion|[from] ability: Poison Puppeteer|[of] p2a: Pecharunt\n|move|p1b: Swalot|Knock Off|p2b: Meowscarada\n|-damage|p2b: Meowscarada|197/250\n|-enditem|p2b: Meowscarada|Choice Band|[from] move: Knock Off|[of] p1b: Swalot\n|-activate|p1a: Farigiraf|confusion\n|move|p1a: Farigiraf|Psychic|p2b: Meowscarada\n|-damage|p2b: Meowscarada|10/250\n|-damage|p1a: Farigiraf|92/339 tox|[from] item: Life Orb\n|\n|-damage|p1a: Farigiraf|71/339 tox|[from] psn\n|upkeep\n|turn|13\n|\n|t:|1771234123\n|move|p2b: Meowscarada|Knock Off|p1a: Farigiraf\n|-supereffective|p1a: Farigiraf\n|-damage|p1a: Farigiraf|0 fnt\n|-enditem|p1a: Farigiraf|Life Orb|[from] move: Knock Off|[of] p2b: Meowscarada\n|faint|p1a: Farigiraf\n|move|p2a: Pecharunt|Malignant Chain|p1b: Swalot\n|-resisted|p1b: Swalot\n|-damage|p1b: Swalot|0 fnt\n|faint|p1b: Swalot\n|\n|upkeep\n|\n|t:|1771234125\n|switch|p1b: Mew|Mew, L84|305/305\n|turn|14\n|\n|t:|1771234134\n|move|p2b: Meowscarada|Knock Off|p1b: Mew\n|-supereffective|p1b: Mew\n|-damage|p1b: Mew|181/305\n|-enditem|p1b: Mew|Life Orb|[from] move: Knock Off|[of] p2b: Meowscarada\n|move|p1b: Mew|Psychic|p2b: Meowscarada\n|-damage|p2b: Meowscarada|0 fnt\n|faint|p2b: Meowscarada\n|move|p2a: Pecharunt|Shadow Ball|p1b: Mew\n|-supereffective|p1b: Mew\n|-crit|p1b: Mew\n|-damage|p1b: Mew|0 fnt\n|faint|p1b: Mew\n|\n|win|Moonlight Flutter\n|raw|DaniSK's rating: 1820 &rarr; <strong>1805</strong><br />(-15 for losing)\n|raw|Moonlight Flutter's rating: 1917 &rarr; <strong>1932</strong><br />(+15 for winning)\n|l|☆DaniSK\n|player|p1|\n", "inputlog": ">version 686819e5e19f8a7fd2345cfc5a08a5085efa2cc3\n>start {\"formatid\":\"gen9randomdoublesbattle\",\"seed\":\"sodium,3fa32b2416b725ce86edeb21990d05d8\",\"rated\":\"Rated battle\"}\n>player p1 {\"name\":\"DaniSK\",\"avatar\":\"lucas\",\"rating\":1820,\"seed\":\"sodium,8f2d3ab5852ff1c6f1d82cde2ea32375\"}\n>player p2 {\"name\":\"Moonlight Flutter\",\"avatar\":\"dawn-masters3\",\"rating\":1917,\"seed\":\"sodium,9ef4af674c56cfb433ad2910cc3d4361\"}\n>p1 move gunkshot +2, move tailwind\n>p2 move thunderbolt +2, switch 5\n>p1 move encore +1, switch 3\n>p2 move thunderbolt +2, move protect\n>p1 switch 5, move aurawheel +2\n>p2 move thunderbolt +1, switch 3\n>p1 move heatcrash +2, move knockoff +1\n>p2 switch 3, move tailwind\n>p2 switch 4, switch 5\n>p1 move burningbulwark, move protect\n>p2 move heatwave, switch 6\n>p1 move dragondance, move aurawheel +1\n>p2 move heatwave, move protect\n>p1 pass, switch 5\n>p1 move dragonclaw +1, move gunkshot +1\n>p2 move darkpulse +2, move shadowball +2\n>p1 move dragonclaw +1, move knockoff +2\n>p2 move heatwave, move malignantchain +1\n>p2 switch 3, pass\n>p1 move heatcrash +1, move gunkshot +1\n>p2 move highhorsepower +2, move protect\n>p1 move heatcrash +1, move knockoff +1\n>p2 move protect, move partingshot +2\n>p2 pass, switch 6\n>p1 switch 3, pass\n>p1 move flamethrower +1 terastallize, move gunkshot +2\n>p2 switch 6, move tripleaxel +1\n>p1 switch 6, pass\n>p1 move psychic +2, move knockoff +2\n>p2 move malignantchain +1 terastallize, move tripleaxel +1\n>p1 move hypervoice, move knockoff +2\n>p2 move malignantchain +2, move knockoff +1\n>p1 pass, switch 4\n>p1 pass, move psychic +2\n>p2 move shadowball +2, move knockoff +2", "uploadtime": 1771234144, "views": 22, "formatid": "gen9randomdoublesbattle", "rating": 1805, "private": 0, "password": null}