{"id": "gen9randomdoublesbattle-2540917950", "format": "[Gen 9] Random Doubles Battle", "players": ["JohnPsychic", "JD989"], "log": "|j|☆JohnPsychic\n|j|☆JD989\n|t:|1771267015\n|gametype|doubles\n|player|p1|JohnPsychic|hooligans|1621\n|player|p2|JD989|rocketgrunt|1744\n|gen|9\n|tier|[Gen 9] Random Doubles Battle\n|rated|\n|rule|Species Clause: Limit one of each Pokémon\n|rule|HP Percentage Mod: HP is shown in percentages\n|rule|Illusion Level Mod: Illusion disguises the Pokémon's true level\n|rule|Sleep Clause Mod: Limit one foe put to sleep\n|\n|t:|1771267015\n|teamsize|p1|6\n|teamsize|p2|6\n|start\n|switch|p1a: Tentacruel|Tentacruel, L85, M|275/275\n|switch|p1b: Gallade|Gallade, L80, M|240/240\n|switch|p2a: Flapple|Flapple, L95, M|287/287\n|switch|p2b: Iron Treads|Iron Treads, L81|278/278\n|turn|1\n|inactive|Battle timer is ON: inactive players will automatically lose when time's up. (requested by JohnPsychic)\n|\n|t:|1771267039\n|-end|p2b: Iron Treads|Quark Drive|[silent]\n|switch|p2b: Granbull|Granbull, L88, F|302/302\n|-ability|p2b: Granbull|Intimidate|boost\n|-fail|p1a: Tentacruel|unboost|[from] ability: Clear Body|[of] p1a: Tentacruel\n|-unboost|p1b: Gallade|atk|1\n|move|p1b: Gallade|Sacred Sword|p2b: Granbull\n|-resisted|p2b: Granbull\n|-damage|p2b: Granbull|239/302\n|move|p1a: Tentacruel|Icy Wind|p2a: Flapple|[spread] p2a,p2b\n|-supereffective|p2a: Flapple\n|-damage|p2a: Flapple|159/287\n|-damage|p2b: Granbull|217/302\n|-unboost|p2b: Granbull|spe|1\n|move|p2a: Flapple|Dragon Dance|p2a: Flapple\n|-boost|p2a: Flapple|atk|1\n|-boost|p2a: Flapple|spe|1\n|\n|upkeep\n|turn|2\n|\n|t:|1771267064\n|switch|p1b: Ribombee|Ribombee, L86, M|243/243\n|switch|p2b: Chien-Pao|Chien-Pao, L75|244/244\n|-ability|p2b: Chien-Pao|Sword of Ruin\n|move|p2a: Flapple|Grav Apple|p1a: Tentacruel|[miss]\n|-miss|p2a: Flapple|p1a: Tentacruel\n|move|p1a: Tentacruel|Icy Wind|p2b: Chien-Pao|[spread] p2a,p2b\n|-supereffective|p2a: Flapple\n|-resisted|p2b: Chien-Pao\n|-damage|p2a: Flapple|27/287\n|-damage|p2b: Chien-Pao|225/244\n|-unboost|p2b: Chien-Pao|spe|1\n|\n|upkeep\n|turn|3\n|\n|t:|1771267081\n|move|p2b: Chien-Pao|Protect|p2b: Chien-Pao\n|-singleturn|p2b: Chien-Pao|Protect\n|move|p2a: Flapple|Tera Blast|p1b: Ribombee\n|-damage|p1b: Ribombee|157/243\n|move|p1b: Ribombee|Tailwind|p1b: Ribombee\n|-sidestart|p1: JohnPsychic|move: Tailwind\n|move|p1a: Tentacruel|Icy Wind|p2b: Chien-Pao|[spread] p2a\n|-activate|p2b: Chien-Pao|move: Protect\n|-supereffective|p2a: Flapple\n|-damage|p2a: Flapple|0 fnt\n|faint|p2a: Flapple\n|\n|upkeep\n|\n|t:|1771267097\n|switch|p2a: Lugia|Lugia, L71|268/268\n|turn|4\n|\n|t:|1771267104\n|switch|p2b: Iron Treads|Iron Treads, L81|278/278\n|move|p1b: Ribombee|Pollen Puff|p2b: Iron Treads\n|-resisted|p2b: Iron Treads\n|-damage|p2b: Iron Treads|240/278\n|move|p1a: Tentacruel|Icy Wind|p2a: Lugia|[spread] p2a,p2b\n|-supereffective|p2a: Lugia\n|-damage|p2a: Lugia|249/268\n|-damage|p2b: Iron Treads|217/278\n|-unboost|p2a: Lugia|spe|1\n|-unboost|p2b: Iron Treads|spe|1\n|move|p2a: Lugia|Calm Mind|p2a: Lugia\n|-boost|p2a: Lugia|spa|1\n|-boost|p2a: Lugia|spd|1\n|\n|-heal|p2a: Lugia|265/268|[from] item: Leftovers\n|upkeep\n|turn|5\n|\n|t:|1771267113\n|move|p1b: Ribombee|Moonblast|p2a: Lugia\n|-damage|p2a: Lugia|210/268\n|-unboost|p2a: Lugia|spa|1\n|move|p1a: Tentacruel|Icy Wind|p2a: Lugia|[spread] p2a,p2b\n|-supereffective|p2a: Lugia\n|-damage|p2a: Lugia|184/268\n|-damage|p2b: Iron Treads|194/278\n|-unboost|p2a: Lugia|spe|1\n|-unboost|p2b: Iron Treads|spe|1\n|move|p2b: Iron Treads|Iron Head|p1b: Ribombee\n|-supereffective|p1b: Ribombee\n|-damage|p1b: Ribombee|0 fnt\n|faint|p1b: Ribombee\n|move|p2a: Lugia|Calm Mind|p2a: Lugia\n|-boost|p2a: Lugia|spa|1\n|-boost|p2a: Lugia|spd|1\n|\n|-heal|p2a: Lugia|200/268|[from] item: Leftovers\n|upkeep\n|\n|t:|1771267120\n|switch|p1b: Chandelure|Chandelure, L81, M|230/230\n|turn|6\n|\n|t:|1771267146\n|-end|p2b: Iron Treads|Quark Drive|[silent]\n|switch|p2b: Poliwrath|Poliwrath, L90, M|308/308\n|-terastallize|p2a: Lugia|Ground\n|move|p1b: Chandelure|Trick|p2a: Lugia\n|-activate|p1b: Chandelure|move: Trick|[of] p2a: Lugia\n|-item|p2a: Lugia|Choice Scarf|[from] move: Trick\n|-item|p1b: Chandelure|Leftovers|[from] move: Trick\n|move|p1a: Tentacruel|Hydro Pump|p2b: Poliwrath\n|-immune|p2b: Poliwrath|[from] ability: Water Absorb\n|move|p2a: Lugia|Recover|p2a: Lugia\n|-heal|p2a: Lugia|268/268\n|\n|-sideend|p1: JohnPsychic|move: Tailwind\n|upkeep\n|turn|7\n|\n|t:|1771267166\n|switch|p2a: Granbull|Granbull, L88, F|217/302\n|-ability|p2a: Granbull|Intimidate|boost\n|-fail|p1a: Tentacruel|unboost|[from] ability: Clear Body|[of] p1a: Tentacruel\n|-unboost|p1b: Chandelure|atk|1\n|move|p1a: Tentacruel|Sludge Bomb|p2b: Poliwrath\n|-damage|p2b: Poliwrath|256/308\n|move|p2b: Poliwrath|Liquidation|p1b: Chandelure\n|-supereffective|p1b: Chandelure\n|-damage|p1b: Chandelure|32/230\n|move|p1b: Chandelure|Energy Ball|p2b: Poliwrath\n|-supereffective|p2b: Poliwrath\n|-damage|p2b: Poliwrath|144/308\n|\n|-heal|p1b: Chandelure|46/230|[from] item: Leftovers\n|upkeep\n|turn|8\n|\n|t:|1771267186\n|switch|p2b: Lugia|Lugia, L71, tera:Ground|268/268\n|move|p1a: Tentacruel|Icy Wind|p2a: Granbull|[spread] p2a,p2b\n|-supereffective|p2b: Lugia\n|-damage|p2a: Granbull|193/302\n|-damage|p2b: Lugia|250/268\n|-unboost|p2a: Granbull|spe|1\n|-unboost|p2b: Lugia|spe|1\n|move|p1b: Chandelure|Heat Wave|p2b: Lugia|[spread] p2a,p2b\n|-damage|p2a: Granbull|117/302\n|-damage|p2b: Lugia|172/268\n|move|p2a: Granbull|Stomping Tantrum|p1a: Tentacruel\n|-supereffective|p1a: Tentacruel\n|-damage|p1a: Tentacruel|117/275\n|-enditem|p1a: Tentacruel|Sitrus Berry|[eat]\n|-heal|p1a: Tentacruel|185/275|[from] item: Sitrus Berry\n|\n|-heal|p1b: Chandelure|60/230|[from] item: Leftovers\n|upkeep\n|turn|9\n|\n|t:|1771267199\n|move|p1a: Tentacruel|Icy Wind|p2b: Lugia|[spread] p2a,p2b\n|-supereffective|p2b: Lugia\n|-damage|p2a: Granbull|95/302\n|-damage|p2b: Lugia|134/268\n|-unboost|p2a: Granbull|spe|1\n|-unboost|p2b: Lugia|spe|1\n|move|p1b: Chandelure|Energy Ball|p2b: Lugia\n|-supereffective|p2b: Lugia\n|-damage|p2b: Lugia|18/268\n|move|p2b: Lugia|Earth Power|p1a: Tentacruel\n|-supereffective|p1a: Tentacruel\n|-damage|p1a: Tentacruel|83/275\n|move|p2a: Granbull|Stomping Tantrum|p1a: Tentacruel\n|-supereffective|p1a: Tentacruel\n|-damage|p1a: Tentacruel|0 fnt\n|faint|p1a: Tentacruel\n|\n|-heal|p1b: Chandelure|74/230|[from] item: Leftovers\n|upkeep\n|\n|t:|1771267208\n|switch|p1a: Slaking|Slaking, L89, M|412/412\n|turn|10\n|\n|t:|1771267225\n|move|p1a: Slaking|Double-Edge|p2a: Granbull\n|-damage|p2a: Granbull|0 fnt\n|faint|p2a: Granbull\n|-damage|p1a: Slaking|381/412|[from] Recoil\n|move|p1b: Chandelure|Heat Wave|p2b: Lugia\n|-damage|p2b: Lugia|0 fnt\n|faint|p2b: Lugia\n|\n|-heal|p1b: Chandelure|88/230|[from] item: Leftovers\n|upkeep\n|\n|t:|1771267236\n|switch|p2b: Chien-Pao|Chien-Pao, L75|225/244\n|switch|p2a: Iron Treads|Iron Treads, L81|194/278\n|-ability|p2b: Chien-Pao|Sword of Ruin\n|turn|11\n|inactive|JD989 has 120 seconds left.\n|\n|t:|1771267272\n|switch|p1a: Gallade|Gallade, L80, M|240/240\n|switch|p1b: Flygon|Flygon, L83, F|268/268\n|move|p2b: Chien-Pao|Icicle Crash|p1a: Gallade\n|-damage|p1a: Gallade|52/240\n|-damage|p2b: Chien-Pao|201/244|[from] item: Life Orb\n|move|p2a: Iron Treads|Knock Off|p1b: Flygon\n|-damage|p1b: Flygon|170/268\n|-enditem|p1b: Flygon|Sitrus Berry|[from] move: Knock Off|[of] p2a: Iron Treads\n|\n|upkeep\n|turn|12\n|inactive|JD989 has 120 seconds left.\n|\n|t:|1771267304\n|move|p2b: Chien-Pao|Sucker Punch|p1a: Gallade\n|-damage|p1a: Gallade|0 fnt\n|faint|p1a: Gallade\n|-damage|p2b: Chien-Pao|177/244|[from] item: Life Orb\n|move|p2a: Iron Treads|Rapid Spin|p1b: Flygon\n|-damage|p1b: Flygon|111/268\n|-boost|p2a: Iron Treads|spe|1\n|move|p1b: Flygon|Tailwind|p1b: Flygon\n|-sidestart|p1: JohnPsychic|move: Tailwind\n|\n|upkeep\n|\n|t:|1771267309\n|switch|p1a: Chandelure|Chandelure, L81, M|88/230\n|turn|13\n|inactive|JD989 has 120 seconds left.\n|\n|t:|1771267340\n|move|p1b: Flygon|Protect|p1b: Flygon\n|-singleturn|p1b: Flygon|Protect\n|move|p2b: Chien-Pao|Protect|p2b: Chien-Pao\n|-singleturn|p2b: Chien-Pao|Protect\n|move|p1a: Chandelure|Energy Ball|p2a: Iron Treads\n|-damage|p2a: Iron Treads|123/278\n|move|p2a: Iron Treads|Iron Head|p1b: Flygon\n|-activate|p1b: Flygon|move: Protect\n|\n|-heal|p1a: Chandelure|102/230|[from] item: Leftovers\n|upkeep\n|turn|14\n|inactive|JD989 has 120 seconds left.\n|\n|t:|1771267359\n|move|p2b: Chien-Pao|Sucker Punch|p1a: Chandelure\n|-supereffective|p1a: Chandelure\n|-damage|p1a: Chandelure|0 fnt\n|faint|p1a: Chandelure\n|-damage|p2b: Chien-Pao|153/244|[from] item: Life Orb\n|move|p1b: Flygon|Earth Power|p2a: Iron Treads\n|-supereffective|p2a: Iron Treads\n|-damage|p2a: Iron Treads|0 fnt\n|faint|p2a: Iron Treads\n|-end|p2a: Iron Treads|Quark Drive|[silent]\n|\n|upkeep\n|\n|t:|1771267363\n|switch|p2a: Poliwrath|Poliwrath, L90, M|144/308\n|switch|p1a: Slaking|Slaking, L89, M|381/412\n|turn|15\n|\n|t:|1771267382\n|move|p2b: Chien-Pao|Protect|p2b: Chien-Pao\n|-singleturn|p2b: Chien-Pao|Protect\n|move|p1a: Slaking|Giga Impact|p2b: Chien-Pao\n|-activate|p2b: Chien-Pao|move: Protect\n|move|p1b: Flygon|Breaking Swipe|p2b: Chien-Pao|[spread] p2a\n|-activate|p2b: Chien-Pao|move: Protect\n|-damage|p2a: Poliwrath|86/308\n|-unboost|p2a: Poliwrath|atk|1\n|move|p2a: Poliwrath|Icy Wind|p1a: Slaking|[spread] p1a,p1b\n|-supereffective|p1b: Flygon\n|-crit|p1b: Flygon\n|-damage|p1a: Slaking|349/412\n|-damage|p1b: Flygon|0 fnt\n|-unboost|p1a: Slaking|spe|1\n|faint|p1b: Flygon\n|\n|-sideend|p1: JohnPsychic|move: Tailwind\n|upkeep\n|turn|16\n|-message|JohnPsychic forfeited.\n|\n|win|JD989\n|raw|JohnPsychic's rating: 1621 &rarr; <strong>1608</strong><br />(-13 for losing)\n|raw|JD989's rating: 1744 &rarr; <strong>1757</strong><br />(+13 for winning)\n|l|☆JohnPsychic\n|player|p1|\n", "inputlog": ">version 686819e5e19f8a7fd2345cfc5a08a5085efa2cc3\n>start {\"formatid\":\"gen9randomdoublesbattle\",\"seed\":\"sodium,256e0782bb2bd2b44a8433857e4565a1\",\"rated\":\"Rated battle\"}\n>player p1 {\"name\":\"JohnPsychic\",\"avatar\":\"hooligans\",\"rating\":1621,\"seed\":\"sodium,6f2671c9ea73ac17972cb68fbb391289\"}\n>player p2 {\"name\":\"JD989\",\"avatar\":\"rocketgrunt\",\"rating\":1744,\"seed\":\"sodium,b4c1f07cc8ea665efe17714acb8e9bec\"}\n>p1 move icywind, move sacredsword +2\n>p2 move dragondance, switch 4\n>p1 move icywind, switch 6\n>p2 move gravapple +1, switch 3\n>p1 move icywind, move tailwind\n>p2 move terablast +2, move protect\n>p2 switch 6, pass\n>p1 move icywind, move pollenpuff +2\n>p2 move calmmind, switch 4\n>p1 move icywind, move moonblast +1\n>p2 move calmmind, move ironhead +2\n>p1 pass, switch 4\n>p1 move hydropump +2, move trick +1\n>p2 move recover terastallize, switch 5\n>p1 move sludgebomb +2, move energyball +2\n>p2 switch 3, move liquidation +2\n>p1 move icywind, move heatwave\n>p2 move stompingtantrum +1, switch 3\n>p1 move icywind, move energyball +2\n>p2 move stompingtantrum +1, move earthpower +1\n>p1 switch 5, pass\n>p1 move doubleedge +1, move heatwave\n>p2 move stompingtantrum +2, move earthpower +2\n>p2 switch 5, switch 4\n>p1 switch 6, switch 3\n>p2 move knockoff +2, move iciclecrash +1\n>p1 move sacredsword +2, move tailwind\n>p2 move rapidspin +2, move suckerpunch +1\n>p1 switch 3, pass\n>p1 move energyball +1, move protect\n>p2 move ironhead +2, move protect\n>p1 move heatwave, move earthpower +1\n>p2 move rapidspin +2, move suckerpunch +1\n>p1 switch 6, pass\n>p2 switch 3, pass\n>p1 move gigaimpact +2, move breakingswipe\n>p2 move icywind, move protect\n>forcelose p1", "uploadtime": 1771267392, "views": 2, "formatid": "gen9randomdoublesbattle", "rating": 1608, "private": 0, "password": null}