{"id": "gen9randomdoublesbattle-2540918049", "format": "[Gen 9] Random Doubles Battle", "players": ["Noshamenoregret", "baseballlover"], "log": "|j|☆Noshamenoregret\n|j|☆baseballlover\n|t:|1771267025\n|gametype|doubles\n|player|p1|Noshamenoregret|266|1597\n|player|p2|baseballlover|265|1655\n|gen|9\n|tier|[Gen 9] Random Doubles Battle\n|rated|\n|rule|Species Clause: Limit one of each Pokémon\n|rule|HP Percentage Mod: HP is shown in percentages\n|rule|Illusion Level Mod: Illusion disguises the Pokémon's true level\n|rule|Sleep Clause Mod: Limit one foe put to sleep\n|\n|t:|1771267025\n|teamsize|p1|6\n|teamsize|p2|6\n|start\n|switch|p1a: Slowking|Slowking, L88, M|310/310\n|switch|p1b: Baxcalibur|Baxcalibur, L78, F|307/307\n|switch|p2a: Honchkrow|Honchkrow, L85, M|309/309\n|switch|p2b: Dudunsparce|Dudunsparce, L86, M|355/355\n|turn|1\n|inactive|Battle timer is ON: inactive players will automatically lose when time's up. (requested by baseballlover)\n|inactive|Noshamenoregret has 120 seconds left.\n|\n|t:|1771267084\n|switch|p2a: Glaceon|Glaceon, L86, F|252/252\n|move|p1b: Baxcalibur|Icicle Spear|p2a: Glaceon\n|-resisted|p2a: Glaceon\n|-damage|p2a: Glaceon|240/252\n|-resisted|p2a: Glaceon\n|-damage|p2a: Glaceon|225/252\n|-resisted|p2a: Glaceon\n|-damage|p2a: Glaceon|212/252\n|-resisted|p2a: Glaceon\n|-damage|p2a: Glaceon|199/252\n|-resisted|p2a: Glaceon\n|-damage|p2a: Glaceon|187/252\n|-hitcount|p2a: Glaceon|5\n|move|p2b: Dudunsparce|Boomburst|p1b: Baxcalibur|[spread] p2a,p1a,p1b\n|-damage|p2a: Glaceon|97/252\n|-damage|p1a: Slowking|234/310\n|-damage|p1b: Baxcalibur|195/307\n|move|p1a: Slowking|Trick Room|p1a: Slowking\n|-fieldstart|move: Trick Room|[of] p1a: Slowking\n|\n|upkeep\n|turn|2\n|inactive|Noshamenoregret has 120 seconds left.\n|\n|t:|1771267119\n|move|p1a: Slowking|Fire Blast|p2a: Glaceon\n|-supereffective|p2a: Glaceon\n|-damage|p2a: Glaceon|0 fnt\n|faint|p2a: Glaceon\n|move|p2b: Dudunsparce|Earth Power|p1b: Baxcalibur\n|-damage|p1b: Baxcalibur|124/307\n|move|p1b: Baxcalibur|Icicle Spear|p2b: Dudunsparce\n|-damage|p2b: Dudunsparce|321/355\n|-damage|p2b: Dudunsparce|290/355\n|-damage|p2b: Dudunsparce|259/355\n|-damage|p2b: Dudunsparce|228/355\n|-hitcount|p2b: Dudunsparce|4\n|\n|upkeep\n|inactive|baseballlover has 120 seconds left.\n|\n|t:|1771267152\n|switch|p2a: Honchkrow|Honchkrow, L85, M|309/309\n|turn|3\n|l|☆Noshamenoregret\n|inactive|Noshamenoregret disconnected and has a minute to reconnect!\n|player|p1|\n|j|☆Noshamenoregret\n|inactive|Noshamenoregret reconnected and has 140 seconds left.\n|player|p1|Noshamenoregret|266|\n|inactive|Noshamenoregret has 120 seconds left.\n|\n|t:|1771267203\n|move|p2a: Honchkrow|Sucker Punch||[still]\n|-fail|p2a: Honchkrow\n|move|p1a: Slowking|Heal Pulse|p1b: Baxcalibur\n|-heal|p1b: Baxcalibur|278/307\n|move|p2b: Dudunsparce|Earth Power|p1b: Baxcalibur\n|-damage|p1b: Baxcalibur|213/307\n|-unboost|p1b: Baxcalibur|spd|1\n|move|p1b: Baxcalibur|Swords Dance|p1b: Baxcalibur\n|-boost|p1b: Baxcalibur|atk|2\n|\n|upkeep\n|turn|4\n|inactive|Noshamenoregret has 120 seconds left.\n|\n|t:|1771267220\n|move|p1a: Slowking|Heal Pulse|p1b: Baxcalibur\n|-heal|p1b: Baxcalibur|307/307\n|move|p2b: Dudunsparce|Earth Power|p1b: Baxcalibur\n|-damage|p1b: Baxcalibur|203/307\n|move|p2a: Honchkrow|Brave Bird|p1b: Baxcalibur\n|-damage|p1b: Baxcalibur|0 fnt\n|faint|p1b: Baxcalibur\n|-ability|p2a: Honchkrow|Moxie|boost\n|-boost|p2a: Honchkrow|atk|1\n|-damage|p2a: Honchkrow|242/309|[from] Recoil\n|-damage|p2a: Honchkrow|212/309|[from] item: Life Orb\n|\n|upkeep\n|\n|t:|1771267236\n|switch|p1b: Enamorus|Enamorus-Therian, L82, F|256/256\n|turn|5\n|inactive|Noshamenoregret has 120 seconds left.\n|\n|t:|1771267245\n|move|p2a: Honchkrow|Sucker Punch|p1a: Slowking\n|-supereffective|p1a: Slowking\n|-damage|p1a: Slowking|0 fnt\n|faint|p1a: Slowking\n|-ability|p2a: Honchkrow|Moxie|boost\n|-boost|p2a: Honchkrow|atk|1\n|-damage|p2a: Honchkrow|182/309|[from] item: Life Orb\n|move|p1b: Enamorus|Springtide Storm|p2a: Honchkrow|[spread] p2a,p2b\n|-supereffective|p2a: Honchkrow\n|-damage|p2a: Honchkrow|0 fnt\n|-damage|p2b: Dudunsparce|113/355\n|-enditem|p2b: Dudunsparce|Sitrus Berry|[eat]\n|-heal|p2b: Dudunsparce|201/355|[from] item: Sitrus Berry\n|faint|p2a: Honchkrow\n|move|p2b: Dudunsparce|Earth Power|p1b: Enamorus\n|-immune|p1b: Enamorus\n|\n|-fieldend|move: Trick Room\n|upkeep\n|inactive|Noshamenoregret has 120 seconds left.\n|\n|t:|1771267270\n|switch|p2a: Okidogi|Okidogi, L78, M|265/265\n|switch|p1a: Jirachi|Jirachi, L80|291/291\n|turn|6\n|inactive|Noshamenoregret has 120 seconds left.\n|\n|t:|1771267292\n|move|p1b: Enamorus|Protect|p1b: Enamorus\n|-singleturn|p1b: Enamorus|Protect\n|move|p1a: Jirachi|Trick|p2a: Okidogi\n|-activate|p1a: Jirachi|move: Trick|[of] p2a: Okidogi\n|-item|p2a: Okidogi|Choice Scarf|[from] move: Trick\n|-item|p1a: Jirachi|Assault Vest|[from] move: Trick\n|move|p2a: Okidogi|Gunk Shot|p1b: Enamorus\n|-activate|p1b: Enamorus|move: Protect\n|move|p2b: Dudunsparce|Earth Power|p1a: Jirachi\n|-supereffective|p1a: Jirachi\n|-damage|p1a: Jirachi|211/291\n|\n|upkeep\n|turn|7\n|inactive|Noshamenoregret has 120 seconds left.\n|\n|t:|1771267309\n|switch|p1b: Zamazenta|Zamazenta, L72|251/251\n|-ability|p1b: Zamazenta|Dauntless Shield|boost\n|-boost|p1b: Zamazenta|def|1\n|move|p2a: Okidogi|Gunk Shot|p1b: Zamazenta|[miss]\n|-miss|p2a: Okidogi|p1b: Zamazenta\n|move|p1a: Jirachi|Iron Head|p2b: Dudunsparce\n|-damage|p2b: Dudunsparce|114/355\n|move|p2b: Dudunsparce|Earth Power|p1a: Jirachi\n|-supereffective|p1a: Jirachi\n|-damage|p1a: Jirachi|129/291\n|\n|upkeep\n|turn|8\n|\n|t:|1771267328\n|switch|p2a: Palkia|Palkia, L74|255/255\n|move|p1b: Zamazenta|Coaching|p1a: Jirachi\n|-boost|p1a: Jirachi|atk|1\n|-boost|p1a: Jirachi|def|1\n|move|p1a: Jirachi|Iron Head|p2b: Dudunsparce\n|-crit|p2b: Dudunsparce\n|-damage|p2b: Dudunsparce|0 fnt\n|faint|p2b: Dudunsparce\n|\n|upkeep\n|\n|t:|1771267347\n|switch|p2b: Okidogi|Okidogi, L78, M|265/265\n|turn|9\n|\n|t:|1771267364\n|move|p2b: Okidogi|Knock Off|p1a: Jirachi\n|-supereffective|p1a: Jirachi\n|-damage|p1a: Jirachi|33/291\n|-enditem|p1a: Jirachi|Assault Vest|[from] move: Knock Off|[of] p2b: Okidogi\n|move|p1b: Zamazenta|Close Combat|p2a: Palkia\n|-damage|p2a: Palkia|117/255\n|-unboost|p1b: Zamazenta|def|1\n|-unboost|p1b: Zamazenta|spd|1\n|-damage|p1b: Zamazenta|226/251|[from] item: Life Orb\n|move|p1a: Jirachi|Psychic|p2a: Palkia\n|-damage|p2a: Palkia|38/255\n|move|p2a: Palkia|Spacial Rend|p1b: Zamazenta\n|-damage|p1b: Zamazenta|0 fnt\n|faint|p1b: Zamazenta\n|\n|upkeep\n|inactive|Noshamenoregret has 120 seconds left.\n|\n|t:|1771267389\n|switch|p1b: Enamorus|Enamorus-Therian, L82, F|256/256\n|turn|10\n|\n|t:|1771267406\n|switch|p2a: Victreebel|Victreebel, L91, M|293/293\n|move|p2b: Okidogi|Knock Off|p1a: Jirachi\n|-supereffective|p1a: Jirachi\n|-damage|p1a: Jirachi|0 fnt\n|faint|p1a: Jirachi\n|move|p1b: Enamorus|Earth Power|p2b: Okidogi\n|-supereffective|p2b: Okidogi\n|-damage|p2b: Okidogi|87/265\n|\n|upkeep\n|inactive|Noshamenoregret has 120 seconds left.\n|\n|t:|1771267416\n|switch|p1a: Kyogre|Kyogre, L65|238/238\n|-weather|RainDance|[from] ability: Drizzle|[of] p1a: Kyogre\n|turn|11\n|inactive|Noshamenoregret has 120 seconds left.\n|\n|t:|1771267444\n|move|p1b: Enamorus|Protect|p1b: Enamorus\n|-singleturn|p1b: Enamorus|Protect\n|move|p2b: Okidogi|Knock Off|p1a: Kyogre\n|-damage|p1a: Kyogre|148/238\n|-enditem|p1a: Kyogre|Choice Scarf|[from] move: Knock Off|[of] p2b: Okidogi\n|move|p2a: Victreebel|Power Whip|p1a: Kyogre\n|-supereffective|p1a: Kyogre\n|-damage|p1a: Kyogre|0 fnt\n|faint|p1a: Kyogre\n|-damage|p2a: Victreebel|264/293|[from] item: Life Orb\n|\n|-weather|RainDance|[upkeep]\n|upkeep\n|turn|12\n|\n|t:|1771267456\n|switch|p2b: Palkia|Palkia, L74|38/255\n|-terastallize|p1b: Enamorus|Fairy\n|move|p2a: Victreebel|Sludge Bomb|p1b: Enamorus\n|-supereffective|p1b: Enamorus\n|-damage|p1b: Enamorus|4/256\n|-enditem|p1b: Enamorus|Sitrus Berry|[eat]\n|-heal|p1b: Enamorus|68/256|[from] item: Sitrus Berry\n|-damage|p2a: Victreebel|235/293|[from] item: Life Orb\n|move|p1b: Enamorus|Springtide Storm|p2a: Victreebel|[spread] p2a,p2b\n|-resisted|p2a: Victreebel\n|-supereffective|p2b: Palkia\n|-damage|p2a: Victreebel|168/293\n|-damage|p2b: Palkia|0 fnt\n|faint|p2b: Palkia\n|\n|-weather|RainDance|[upkeep]\n|upkeep\n|\n|t:|1771267463\n|switch|p2b: Okidogi|Okidogi, L78, M|87/265\n|turn|13\n|-message|Noshamenoregret forfeited.\n|\n|win|baseballlover\n|raw|Noshamenoregret's rating: 1597 &rarr; <strong>1580</strong><br />(-17 for losing)\n|raw|baseballlover's rating: 1655 &rarr; <strong>1672</strong><br />(+17 for winning)\n", "inputlog": ">version 686819e5e19f8a7fd2345cfc5a08a5085efa2cc3\n>start {\"formatid\":\"gen9randomdoublesbattle\",\"seed\":\"sodium,ff14c7f2055b6ed9850a676acddffb6e\",\"rated\":\"Rated battle\"}\n>player p1 {\"name\":\"Noshamenoregret\",\"avatar\":\"266\",\"rating\":1597,\"seed\":\"sodium,7f24f795c90002ee1e0bafb6d3fa117d\"}\n>player p2 {\"name\":\"baseballlover\",\"avatar\":\"265\",\"rating\":1655,\"seed\":\"sodium,ae13702e6046ee993044ba5b46e8fb47\"}\n>p1 move trickroom, move iciclespear +1\n>p2 switch 6, move boomburst\n>p1 move fireblast +1, move iciclespear +2\n>p2 move freezedry +1, move earthpower +2\n>p2 switch 6, pass\n>p1 move healpulse -2, move swordsdance\n>p2 move suckerpunch +1, move earthpower +2\n>p1 move healpulse -2, move iciclespear +1\n>p2 move bravebird +2, move earthpower +2\n>p1 pass, switch 5\n>p1 move scald +1, move springtidestorm\n>p2 move suckerpunch +1, move earthpower +1\n>p1 switch 6, pass\n>p2 switch 4, pass\n>p1 move trick +1, move protect\n>p2 move gunkshot +2, move earthpower +1\n>p1 move ironhead +2, switch 3\n>p2 move gunkshot +2, move earthpower +1\n>p1 move ironhead +2, move coaching -1\n>p2 switch 5, move tailwind\n>p2 pass, switch 5\n>p1 move psychic +1, move closecombat +1\n>p2 move spacialrend +2, move knockoff +1\n>p1 pass, switch 3\n>p1 move psychic +2, move earthpower +2\n>p2 switch 3, move knockoff +1\n>p1 switch 4, pass\n>p1 move icebeam +1, move protect\n>p2 move powerwhip +1, move knockoff +1\n>p1 pass, move springtidestorm terastallize\n>p2 move sludgebomb +2, switch 3\n>p2 pass, switch 3\n>forcelose p1", "uploadtime": 1771267464, "views": 5, "formatid": "gen9randomdoublesbattle", "rating": 1580, "private": 0, "password": null}