{"id": "gen9randomdoublesbattle-2534203196", "format": "[Gen 9] Random Doubles Battle", "players": ["hongbin1", "blaseover8"], "log": "|j|☆hongbin1\n|j|☆blaseover8\n|t:|1770397416\n|gametype|doubles\n|player|p1|hongbin1|2|1988\n|player|p2|blaseover8|102|1938\n|gen|9\n|tier|[Gen 9] Random Doubles Battle\n|rated|\n|rule|Species Clause: Limit one of each Pokémon\n|rule|HP Percentage Mod: HP is shown in percentages\n|rule|Illusion Level Mod: Illusion disguises the Pokémon's true level\n|rule|Sleep Clause Mod: Limit one foe put to sleep\n|\n|t:|1770397416\n|teamsize|p1|6\n|teamsize|p2|6\n|start\n|switch|p1a: Regirock|Regirock, L82|265/265\n|switch|p1b: Smeargle|Smeargle, M|272/272\n|switch|p2a: Spidops|Spidops, M|282/282\n|switch|p2b: Ho-Oh|Ho-Oh, L70|264/264\n|turn|1\n|\n|t:|1770397429\n|move|p1b: Smeargle|Fake Out|p2b: Ho-Oh\n|-damage|p2b: Ho-Oh|222/264\n|cant|p2b: Ho-Oh|flinch\n|move|p1a: Regirock|Rock Slide|p2b: Ho-Oh|[spread] p2a,p2b\n|-supereffective|p2a: Spidops\n|-supereffective|p2b: Ho-Oh\n|-damage|p2a: Spidops|184/282\n|-damage|p2b: Ho-Oh|0 fnt\n|faint|p2b: Ho-Oh\n|move|p2a: Spidops|Sticky Web|p1b: Smeargle\n|-sidestart|p1: hongbin1|move: Sticky Web\n|\n|upkeep\n|\n|t:|1770397439\n|switch|p2b: Meowscarada|Meowscarada, L79, F|250/250\n|turn|2\n|inactive|Battle timer is ON: inactive players will automatically lose when time's up. (requested by hongbin1)\n|\n|t:|1770397450\n|move|p2b: Meowscarada|Knock Off|p1b: Smeargle\n|-start|p2b: Meowscarada|typechange|Dark|[from] ability: Protean\n|-damage|p1b: Smeargle|40/272\n|-enditem|p1b: Smeargle|Sitrus Berry|[from] move: Knock Off|[of] p2b: Meowscarada\n|move|p1b: Smeargle|Tailwind|p1b: Smeargle\n|-sidestart|p1: hongbin1|move: Tailwind\n|move|p1a: Regirock|Rock Slide|p2b: Meowscarada|[spread] p2a,p2b\n|-supereffective|p2a: Spidops\n|-damage|p2a: Spidops|88/282\n|-damage|p2b: Meowscarada|181/250\n|-enditem|p2a: Spidops|Sitrus Berry|[eat]\n|-heal|p2a: Spidops|158/282|[from] item: Sitrus Berry\n|move|p2a: Spidops|Lunge|p1a: Regirock\n|-damage|p1a: Regirock|208/265\n|\n|-heal|p1a: Regirock|224/265|[from] item: Leftovers\n|upkeep\n|turn|3\n|\n|t:|1770397467\n|switch|p2b: Sudowoodo|Sudowoodo, L94, M|284/284\n|move|p1b: Smeargle|Decorate|p1a: Regirock\n|-boost|p1a: Regirock|atk|2\n|-boost|p1a: Regirock|spa|2\n|move|p1a: Regirock|Rock Slide|p2a: Spidops|[spread] p2a,p2b\n|-supereffective|p2a: Spidops\n|-damage|p2a: Spidops|0 fnt\n|-damage|p2b: Sudowoodo|196/284\n|faint|p2a: Spidops\n|\n|-heal|p1a: Regirock|240/265|[from] item: Leftovers\n|upkeep\n|\n|t:|1770397479\n|switch|p2a: Entei|Entei, L77|304/304\n|turn|4\n|\n|t:|1770397484\n|move|p2a: Entei|Extreme Speed|p1b: Smeargle\n|-damage|p1b: Smeargle|0 fnt\n|faint|p1b: Smeargle\n|move|p1a: Regirock|Rock Slide|p2b: Sudowoodo|[spread] p2a,p2b\n|-supereffective|p2a: Entei\n|-crit|p2a: Entei\n|-damage|p2a: Entei|0 fnt\n|-damage|p2b: Sudowoodo|114/284\n|faint|p2a: Entei\n|move|p2b: Sudowoodo|Wood Hammer|p1a: Regirock\n|-supereffective|p1a: Regirock\n|-damage|p1a: Regirock|102/265\n|-damage|p2b: Sudowoodo|86/284|[from] item: Life Orb\n|\n|-heal|p1a: Regirock|118/265|[from] item: Leftovers\n|upkeep\n|\n|t:|1770397498\n|switch|p1b: Hitmonlee|Hitmonlee, L86, M|226/226\n|switch|p2a: Palkia|Palkia-Origin, L72|249/249\n|-activate|p1b: Hitmonlee|move: Sticky Web\n|-unboost|p1b: Hitmonlee|spe|1\n|-enditem|p1b: Hitmonlee|White Herb\n|-clearnegativeboost|p1b: Hitmonlee|[silent]\n|turn|5\n|\n|t:|1770397503\n|move|p2a: Palkia|Protect|p2a: Palkia\n|-singleturn|p2a: Palkia|Protect\n|move|p2b: Sudowoodo|Sucker Punch|p1a: Regirock\n|-damage|p1a: Regirock|78/265\n|-damage|p2b: Sudowoodo|58/284|[from] item: Life Orb\n|move|p1b: Hitmonlee|Close Combat|p2a: Palkia\n|-activate|p2a: Palkia|move: Protect\n|move|p1a: Regirock|Rock Slide|p2b: Sudowoodo|[spread] p2b\n|-activate|p2a: Palkia|move: Protect\n|-damage|p2b: Sudowoodo|0 fnt\n|faint|p2b: Sudowoodo\n|\n|-heal|p1a: Regirock|94/265|[from] item: Leftovers\n|-sideend|p1: hongbin1|move: Tailwind\n|upkeep\n|\n|t:|1770397509\n|switch|p2b: Meowscarada|Meowscarada, L79, F|181/250\n|turn|6\n|\n|t:|1770397516\n|-terastallize|p2b: Meowscarada|Grass\n|move|p1b: Hitmonlee|Close Combat|p2b: Meowscarada\n|-damage|p2b: Meowscarada|0 fnt\n|-unboost|p1b: Hitmonlee|def|1\n|-unboost|p1b: Hitmonlee|spd|1\n|faint|p2b: Meowscarada\n|move|p2a: Palkia|Spacial Rend|p1a: Regirock\n|-damage|p1a: Regirock|0 fnt\n|faint|p1a: Regirock\n|\n|upkeep\n|\n|t:|1770397520\n|switch|p1a: Masquerain|Masquerain, L90, M|272/272\n|-ability|p1a: Masquerain|Intimidate|boost\n|-unboost|p2a: Palkia|atk|1\n|turn|7\n|-message|blaseover8 forfeited.\n|\n|win|hongbin1\n|raw|hongbin1's rating: 2008 &rarr; <strong>2024</strong><br />(+16 for winning)\n|raw|blaseover8's rating: 1938 &rarr; <strong>1922</strong><br />(-16 for losing)\n|l|☆blaseover8\n|player|p2|\n", "inputlog": ">version ccdc32dd7cde25fd9e4bed64820e885f66e78a4e\n>start {\"formatid\":\"gen9randomdoublesbattle\",\"seed\":\"sodium,3b234d56d3c6093a519f74bdf61c190f\",\"rated\":\"Rated battle\"}\n>player p1 {\"name\":\"hongbin1\",\"avatar\":\"2\",\"rating\":1988,\"seed\":\"sodium,9cd6b1b607d367e4e979f0740b989ecd\"}\n>player p2 {\"name\":\"blaseover8\",\"avatar\":\"102\",\"rating\":1938,\"seed\":\"sodium,ac42d97a549c0ba3da85a991faa13e58\"}\n>p1 move rockslide, move fakeout +2\n>p2 move stickyweb, move sacredfire +2\n>p2 pass, switch 6\n>p1 move rockslide, move tailwind\n>p2 move lunge +1, move knockoff +2\n>p1 move rockslide, move decorate -1\n>p2 move lunge +2, switch 3\n>p2 switch 5, pass\n>p1 move rockslide, move decorate -1\n>p2 move extremespeed +2, move woodhammer +1\n>p1 pass, switch 3\n>p2 switch 4, pass\n>p1 move rockslide, move closecombat +1\n>p2 move protect, move suckerpunch +1\n>p2 pass, switch 3\n>p1 move thunderwave +1, move closecombat +2\n>p2 move spacialrend +1, move flowertrick +2 terastallize\n>p1 switch 4, pass\n>forcelose p2", "uploadtime": 1770397531, "views": 89, "formatid": "gen9randomdoublesbattle", "rating": 1922, "private": 0, "password": null}