{"id": "gen9randomdoublesbattle-2537131408", "format": "[Gen 9] Random Doubles Battle", "players": ["jdaddy696969", "fadi9"], "log": "|j|☆jdaddy696969\n|j|☆fadi9\n|t:|1770769577\n|gametype|doubles\n|player|p1|jdaddy696969|2|1728\n|player|p2|fadi9|lyra-masters2|1838\n|gen|9\n|tier|[Gen 9] Random Doubles Battle\n|rated|\n|rule|Species Clause: Limit one of each Pokémon\n|rule|HP Percentage Mod: HP is shown in percentages\n|rule|Illusion Level Mod: Illusion disguises the Pokémon's true level\n|rule|Sleep Clause Mod: Limit one foe put to sleep\n|\n|t:|1770769577\n|teamsize|p1|6\n|teamsize|p2|6\n|start\n|switch|p1a: Mandibuzz|Mandibuzz, L85, F|326/326\n|switch|p1b: Heracross|Heracross, L82, F|265/265\n|switch|p2a: Yanmega|Yanmega, L84, F|282/282\n|switch|p2b: Tauros|Tauros-Paldea-Blaze, L79, M|248/248\n|-ability|p2b: Tauros|Intimidate|boost\n|-unboost|p1a: Mandibuzz|atk|1\n|-unboost|p1b: Heracross|atk|1\n|turn|1\n|inactive|Battle timer is ON: inactive players will automatically lose when time's up. (requested by fadi9)\n|c|☆fadi9|Blhf\n|inactive|jdaddy696969 has 120 seconds left.\n|c|☆fadi9|Last time I said glhf have fun I missed half of my attacks >:(\n|\n|t:|1770769621\n|switch|p1b: Noctowl|Noctowl, L91, F|330/330\n|move|p2a: Yanmega|Protect|p2a: Yanmega\n|-singleturn|p2a: Yanmega|Protect\n|move|p2b: Tauros|Rock Slide|p1a: Mandibuzz|[spread] p1a,p1b\n|-supereffective|p1a: Mandibuzz\n|-supereffective|p1b: Noctowl\n|-damage|p1a: Mandibuzz|226/326\n|-damage|p1b: Noctowl|178/330\n|move|p1a: Mandibuzz|Brave Bird|p2b: Tauros\n|-supereffective|p2b: Tauros\n|-damage|p2b: Tauros|128/248\n|-damage|p1a: Mandibuzz|186/326|[from] Recoil\n|\n|-ability|p2a: Yanmega|Speed Boost|boost\n|-boost|p2a: Yanmega|spe|1\n|upkeep\n|turn|2\n|c|☆fadi9|So we gotta try a different strat\n|inactive|jdaddy696969 has 120 seconds left.\n|\n|t:|1770769651\n|move|p2a: Yanmega|Bug Buzz|p1a: Mandibuzz\n|-damage|p1a: Mandibuzz|61/326\n|-enditem|p1a: Mandibuzz|Sitrus Berry|[eat]\n|-heal|p1a: Mandibuzz|142/326|[from] item: Sitrus Berry\n|-damage|p2a: Yanmega|254/282|[from] item: Life Orb\n|move|p2b: Tauros|Rock Slide|p1a: Mandibuzz|[spread] p1b\n|-miss|p2b: Tauros|p1a: Mandibuzz\n|-supereffective|p1b: Noctowl\n|-damage|p1b: Noctowl|14/330\n|move|p1a: Mandibuzz|Roost|p1a: Mandibuzz\n|-heal|p1a: Mandibuzz|305/326\n|-singleturn|p1a: Mandibuzz|move: Roost\n|move|p1b: Noctowl|Hurricane|p2b: Tauros\n|-supereffective|p2b: Tauros\n|-damage|p2b: Tauros|0 fnt\n|faint|p2b: Tauros\n|-damage|p1b: Noctowl|0 fnt|[from] item: Life Orb\n|faint|p1b: Noctowl\n|\n|-ability|p2a: Yanmega|Speed Boost|boost\n|-boost|p2a: Yanmega|spe|1\n|upkeep\n|inactive|jdaddy696969 has 120 seconds left.\n|inactive|fadi9 has 120 seconds left.\n|\n|t:|1770769677\n|switch|p2b: Wigglytuff|Wigglytuff, L91, F|403/403\n|switch|p1b: Heracross|Heracross, L82, F|265/265\n|turn|3\n|inactive|jdaddy696969 has 120 seconds left.\n|\n|t:|1770769693\n|-terastallize|p1b: Heracross|Fighting\n|move|p2a: Yanmega|Protect|p2a: Yanmega\n|-singleturn|p2a: Yanmega|Protect\n|move|p1b: Heracross|Rock Slide|p2b: Wigglytuff|[spread] p2b\n|-activate|p2a: Yanmega|move: Protect\n|-damage|p2b: Wigglytuff|310/403\n|move|p1a: Mandibuzz|Tailwind|p1a: Mandibuzz\n|-sidestart|p1: jdaddy696969|move: Tailwind\n|cant|p2b: Wigglytuff|flinch\n|\n|-ability|p2a: Yanmega|Speed Boost|boost\n|-boost|p2a: Yanmega|spe|1\n|upkeep\n|turn|4\n|\n|t:|1770769713\n|-terastallize|p2a: Yanmega|Ground\n|move|p2a: Yanmega|Air Slash|p1b: Heracross\n|-supereffective|p1b: Heracross\n|-damage|p1b: Heracross|52/265\n|-damage|p2a: Yanmega|226/282|[from] item: Life Orb\n|move|p1b: Heracross|Rock Slide|p2b: Wigglytuff|[spread] p2b\n|-miss|p1b: Heracross|p2a: Yanmega\n|-damage|p2b: Wigglytuff|215/403\n|move|p1a: Mandibuzz|Brave Bird|p2a: Yanmega\n|-damage|p2a: Yanmega|154/282\n|-damage|p1a: Mandibuzz|281/326|[from] Recoil\n|cant|p2b: Wigglytuff|flinch\n|\n|-ability|p2a: Yanmega|Speed Boost|boost\n|-boost|p2a: Yanmega|spe|1\n|upkeep\n|turn|5\n|\n|t:|1770769738\n|move|p2a: Yanmega|Protect|p2a: Yanmega\n|-singleturn|p2a: Yanmega|Protect\n|move|p1b: Heracross|Rock Slide|p2b: Wigglytuff|[spread] p2b\n|-activate|p2a: Yanmega|move: Protect\n|-damage|p2b: Wigglytuff|115/403\n|-enditem|p2b: Wigglytuff|Sitrus Berry|[eat]\n|-heal|p2b: Wigglytuff|215/403|[from] item: Sitrus Berry\n|move|p1a: Mandibuzz|Knock Off|p2a: Yanmega\n|-activate|p2a: Yanmega|move: Protect\n|move|p2b: Wigglytuff|Dazzling Gleam|p1a: Mandibuzz|[spread] p1a,p1b\n|-supereffective|p1a: Mandibuzz\n|-supereffective|p1b: Heracross\n|-damage|p1a: Mandibuzz|153/326\n|-damage|p1b: Heracross|0 fnt\n|faint|p1b: Heracross\n|\n|-ability|p2a: Yanmega|Speed Boost|boost\n|-boost|p2a: Yanmega|spe|1\n|upkeep\n|inactive|jdaddy696969 has 120 seconds left.\n|\n|t:|1770769760\n|switch|p1b: Basculegion|Basculegion-F, L72, F|292/292\n|turn|6\n|\n|t:|1770769784\n|move|p2a: Yanmega|Tera Blast|p1b: Basculegion|[anim] Tera Blast Ground\n|-damage|p1b: Basculegion|135/292\n|-damage|p2a: Yanmega|126/282|[from] item: Life Orb\n|move|p1b: Basculegion|Muddy Water|p2b: Wigglytuff|[spread] p2a,p2b\n|-supereffective|p2a: Yanmega\n|-damage|p2a: Yanmega|0 fnt\n|-damage|p2b: Wigglytuff|111/403\n|faint|p2a: Yanmega\n|move|p1a: Mandibuzz|Brave Bird|p2b: Wigglytuff\n|-damage|p2b: Wigglytuff|17/403\n|-damage|p1a: Mandibuzz|122/326|[from] Recoil\n|move|p2b: Wigglytuff|Icy Wind|p1b: Basculegion|[spread] p1a,p1b\n|-supereffective|p1a: Mandibuzz\n|-resisted|p1b: Basculegion\n|-damage|p1a: Mandibuzz|66/326\n|-damage|p1b: Basculegion|115/292\n|-unboost|p1a: Mandibuzz|spe|1\n|-unboost|p1b: Basculegion|spe|1\n|\n|-sideend|p1: jdaddy696969|move: Tailwind\n|upkeep\n|\n|t:|1770769799\n|switch|p2a: Mightyena|Mightyena, L95, F|287/287\n|-ability|p2a: Mightyena|Intimidate|boost\n|-unboost|p1a: Mandibuzz|atk|1\n|-unboost|p1b: Basculegion|atk|1\n|turn|7\n|\n|t:|1770769813\n|switch|p1b: Sunflora|Sunflora, M|312/312\n|switch|p1a: Abomasnow|Abomasnow, L81, F|278/278\n|-weather|Snowscape|[from] ability: Snow Warning|[of] p1a: Abomasnow\n|move|p2a: Mightyena|Throat Chop|p1b: Sunflora\n|-damage|p1b: Sunflora|148/312\n|-start|p1b: Sunflora|Throat Chop|[silent]\n|-damage|p2a: Mightyena|259/287|[from] item: Life Orb\n|move|p2b: Wigglytuff|Dazzling Gleam|p1a: Abomasnow|[spread] p1a,p1b\n|-damage|p1a: Abomasnow|208/278\n|-damage|p1b: Sunflora|94/312\n|\n|-weather|Snowscape|[upkeep]\n|upkeep\n|turn|8\n|c|☆fadi9|It's time to pay the consequences\n|\n|t:|1770769832\n|move|p1b: Sunflora|Protect|p1b: Sunflora\n|-singleturn|p1b: Sunflora|Protect\n|move|p2a: Mightyena|Throat Chop|p1b: Sunflora\n|-activate|p1b: Sunflora|move: Protect\n|move|p1a: Abomasnow|Blizzard|p2a: Mightyena|[spread] p2a,p2b\n|-crit|p2b: Wigglytuff\n|-damage|p2a: Mightyena|174/287\n|-damage|p2b: Wigglytuff|0 fnt\n|faint|p2b: Wigglytuff\n|\n|-weather|Snowscape|[upkeep]\n|-end|p1b: Sunflora|Throat Chop|[silent]\n|upkeep\n|\n|t:|1770769843\n|switch|p2b: Heatran|Heatran, L78, M|270/270\n|turn|9\n|\n|t:|1770769854\n|switch|p1a: Basculegion|Basculegion-F, L72, F|115/292\n|move|p2a: Mightyena|Throat Chop|p1b: Sunflora\n|-damage|p1b: Sunflora|0 fnt\n|faint|p1b: Sunflora\n|-damage|p2a: Mightyena|146/287|[from] item: Life Orb\n|move|p2b: Heatran|Heat Wave|p1a: Basculegion|[miss]\n|-miss|p2b: Heatran|p1a: Basculegion\n|\n|-weather|Snowscape|[upkeep]\n|upkeep\n|\n|t:|1770769863\n|switch|p1b: Abomasnow|Abomasnow, L81, F|208/278\n|turn|10\n|\n|t:|1770769870\n|move|p2a: Mightyena|Sucker Punch|p1a: Basculegion\n|-supereffective|p1a: Basculegion\n|-damage|p1a: Basculegion|0 fnt\n|faint|p1a: Basculegion\n|-damage|p2a: Mightyena|118/287|[from] item: Life Orb\n|move|p2b: Heatran|Heat Wave|p1b: Abomasnow\n|-supereffective|p1b: Abomasnow\n|-damage|p1b: Abomasnow|0 fnt\n|faint|p1b: Abomasnow\n|-damage|p2b: Heatran|243/270|[from] item: Life Orb\n|\n|-weather|Snowscape|[upkeep]\n|upkeep\n|c|☆fadi9|Ok NOW it's time\n|-message|jdaddy696969 forfeited.\n|\n|win|fadi9\n|raw|jdaddy696969's rating: 1728 &rarr; <strong>1714</strong><br />(-14 for losing)\n|raw|fadi9's rating: 1838 &rarr; <strong>1852</strong><br />(+14 for winning)\n|l|☆jdaddy696969\n|player|p1|\n|c|☆fadi9|Bum player with bum luck bad game lmao\n|c|☆fadi9|No offense btw\n", "inputlog": ">version ccdc32dd7cde25fd9e4bed64820e885f66e78a4e\n>start {\"formatid\":\"gen9randomdoublesbattle\",\"seed\":\"sodium,32573de63259f2ccf3b7a4298393b924\",\"rated\":\"Rated battle\"}\n>player p1 {\"name\":\"jdaddy696969\",\"avatar\":\"2\",\"rating\":1728,\"seed\":\"sodium,a80b9fe0d6ae468e347bc42a89a78210\"}\n>player p2 {\"name\":\"fadi9\",\"avatar\":\"lyra-masters2\",\"rating\":1838,\"seed\":\"sodium,26c53be08eff13394a23d1639b7eed69\"}\n>chat ☆fadi9|Blhf\n>chat ☆fadi9|Last time I said glhf have fun I missed half of my attacks >:(\n>p1 move bravebird +2, switch 3\n>p2 move protect, move rockslide\n>chat ☆fadi9|So we gotta try a different strat\n>p1 move roost, move hurricane +2\n>p2 move bugbuzz +1, move rockslide\n>p1 pass, switch 3\n>p2 pass, switch 5\n>p1 move tailwind, move rockslide terastallize\n>p2 move protect, move dazzlinggleam\n>p1 move bravebird +1, move rockslide\n>p2 move airslash +2 terastallize, move dazzlinggleam\n>p1 move knockoff +1, move rockslide\n>p2 move protect, move dazzlinggleam\n>p1 pass, switch 5\n>p1 move bravebird +2, move muddywater\n>p2 move terablast +2, move icywind\n>p2 switch 3, pass\n>p1 switch 4, switch 6\n>p2 move throatchop +2, move dazzlinggleam\n>chat ☆fadi9|It's time to pay the consequences\n>p1 move blizzard, move protect\n>p2 move throatchop +2, move fireblast +1\n>p2 pass, switch 4\n>p1 switch 6, move earthpower +2\n>p2 move throatchop +2, move heatwave\n>p1 pass, switch 6\n>p1 move muddywater, move auroraveil\n>p2 move suckerpunch +1, move heatwave\n>chat ☆fadi9|Ok NOW it's time\n>forcelose p1", "uploadtime": 1770769904, "views": 70, "formatid": "gen9randomdoublesbattle", "rating": 1714, "private": 0, "password": null}