{"id": "gen9randomdoublesbattle-2539847360", "format": "[Gen 9] Random Doubles Battle", "players": ["justindfx", "caoscontrol"], "log": "|j|☆justindfx\n|j|☆caoscontrol\n|t:|1771116962\n|gametype|doubles\n|player|p1|justindfx|101|1559\n|player|p2|caoscontrol|102|1659\n|gen|9\n|tier|[Gen 9] Random Doubles Battle\n|rated|\n|rule|Species Clause: Limit one of each Pokémon\n|rule|HP Percentage Mod: HP is shown in percentages\n|rule|Illusion Level Mod: Illusion disguises the Pokémon's true level\n|rule|Sleep Clause Mod: Limit one foe put to sleep\n|\n|t:|1771116962\n|teamsize|p1|6\n|teamsize|p2|6\n|start\n|switch|p1a: Pecharunt|Pecharunt, L78|265/265\n|switch|p1b: Iron Crown|Iron Crown, L78|268/268\n|switch|p2a: Groudon|Groudon, L69|252/252\n|switch|p2b: Cinccino|Cinccino, L85, F|266/266\n|-weather|SunnyDay|[from] ability: Drought|[of] p2a: Groudon\n|turn|1\n|inactive|Battle timer is ON: inactive players will automatically lose when time's up. (requested by justindfx)\n|\n|t:|1771116986\n|-end|p1b: Iron Crown|Quark Drive|[silent]\n|switch|p1b: Garchomp|Garchomp, L77, M|293/293\n|move|p2b: Cinccino|Knock Off|p1b: Garchomp\n|-damage|p1b: Garchomp|223/293\n|-damage|p2b: Cinccino|233/266|[from] ability: Rough Skin|[of] p1b: Garchomp\n|-enditem|p1b: Garchomp|Loaded Dice|[from] move: Knock Off|[of] p2b: Cinccino\n|move|p1a: Pecharunt|Parting Shot|p2a: Groudon\n|-unboost|p2a: Groudon|atk|1\n|-unboost|p2a: Groudon|spa|1\n|\n|t:|1771116995\n|switch|p1a: Mesprit|Mesprit, L86|278/278|[from] Parting Shot\n|move|p2a: Groudon|Precipice Blades|p1a: Mesprit|[spread] p1b\n|-immune|p1a: Mesprit|[from] ability: Levitate\n|-damage|p1b: Garchomp|160/293\n|\n|-weather|SunnyDay|[upkeep]\n|upkeep\n|turn|2\n|inactive|justindfx has 120 seconds left.\n|\n|t:|1771117030\n|switch|p1a: Magearna|Magearna, L71|231/231\n|move|p2b: Cinccino|Triple Axel|p1b: Garchomp\n|-supereffective|p1b: Garchomp\n|-damage|p1b: Garchomp|60/293\n|-damage|p2b: Cinccino|200/266|[from] ability: Rough Skin|[of] p1b: Garchomp\n|-supereffective|p1b: Garchomp\n|-damage|p1b: Garchomp|0 fnt\n|-damage|p2b: Cinccino|167/266|[from] ability: Rough Skin|[of] p1b: Garchomp\n|faint|p1b: Garchomp\n|-ability|p1a: Magearna|Soul-Heart|boost\n|-boost|p1a: Magearna|spa|1\n|-hitcount|p1: Garchomp|2\n|move|p2a: Groudon|Thunder Wave|p1a: Magearna\n|-status|p1a: Magearna|par\n|\n|-weather|SunnyDay|[upkeep]\n|upkeep\n|inactive|justindfx has 120 seconds left.\n|\n|t:|1771117045\n|switch|p1b: Mamoswine|Mamoswine, L82, F|315/315\n|turn|3\n|\n|t:|1771117070\n|switch|p2b: Masquerain|Masquerain, L90, F|272/272\n|-ability|p2b: Masquerain|Intimidate|boost\n|-unboost|p1a: Magearna|atk|1\n|-unboost|p1b: Mamoswine|atk|1\n|switch|p2a: Toxicroak|Toxicroak, L85, F|280/280\n|move|p1b: Mamoswine|Icicle Crash|p2a: Toxicroak\n|-damage|p2a: Toxicroak|171/280\n|-damage|p1b: Mamoswine|284/315|[from] item: Life Orb\n|move|p1a: Magearna|Trick Room|p1a: Magearna\n|-fieldstart|move: Trick Room|[of] p1a: Magearna\n|\n|-weather|SunnyDay|[upkeep]\n|-damage|p2a: Toxicroak|136/280|[from] ability: Dry Skin|[of] p2a: Toxicroak\n|upkeep\n|turn|4\n|\n|t:|1771117099\n|move|p1a: Magearna|Protect|p1a: Magearna\n|-singleturn|p1a: Magearna|Protect\n|move|p2a: Toxicroak|Fake Out|p1b: Mamoswine\n|-damage|p1b: Mamoswine|249/315\n|cant|p1b: Mamoswine|flinch\n|move|p2b: Masquerain|Bug Buzz|p1b: Mamoswine\n|-damage|p1b: Mamoswine|95/315\n|\n|-weather|SunnyDay|[upkeep]\n|-damage|p2a: Toxicroak|101/280|[from] ability: Dry Skin|[of] p2a: Toxicroak\n|upkeep\n|turn|5\n|\n|t:|1771117128\n|switch|p2a: Groudon|Groudon, L69|252/252\n|move|p2b: Masquerain|Protect|p2b: Masquerain\n|-singleturn|p2b: Masquerain|Protect\n|cant|p1a: Magearna|par\n|move|p1b: Mamoswine|Icicle Crash|p2b: Masquerain\n|-activate|p2b: Masquerain|move: Protect\n|\n|-weather|none\n|upkeep\n|turn|6\n|inactive|justindfx has 120 seconds left.\n|inactive|caoscontrol has 120 seconds left.\n|\n|t:|1771117175\n|-terastallize|p1a: Magearna|Water\n|move|p1b: Mamoswine|Ice Shard|p2a: Groudon\n|-supereffective|p2a: Groudon\n|-damage|p2a: Groudon|179/252\n|-damage|p1b: Mamoswine|64/315|[from] item: Life Orb\n|move|p1a: Magearna|Dazzling Gleam|p2b: Masquerain|[spread] p2a,p2b\n|-damage|p2a: Groudon|45/252\n|-damage|p2b: Masquerain|169/272\n|-enditem|p2a: Groudon|Sitrus Berry|[eat]\n|-heal|p2a: Groudon|108/252|[from] item: Sitrus Berry\n|-damage|p1a: Magearna|208/231 par|[from] item: Life Orb\n|move|p2a: Groudon|Precipice Blades|p1b: Mamoswine|[spread] p1a,p1b\n|-damage|p1a: Magearna|124/231 par\n|-damage|p1b: Mamoswine|0 fnt\n|faint|p1b: Mamoswine\n|-ability|p1a: Magearna|Soul-Heart|boost\n|-boost|p1a: Magearna|spa|1\n|move|p2b: Masquerain|Bug Buzz|p1a: Magearna\n|-damage|p1a: Magearna|9/231 par\n|\n|upkeep\n|\n|t:|1771117201\n|switch|p1b: Pecharunt|Pecharunt, L78|265/265\n|turn|7\n|\n|t:|1771117219\n|cant|p1a: Magearna|par\n|move|p2a: Groudon|Precipice Blades|p1b: Pecharunt|[spread] p1a,p1b\n|-supereffective|p1b: Pecharunt\n|-damage|p1a: Magearna|0 fnt\n|-damage|p1b: Pecharunt|143/265\n|faint|p1a: Magearna\n|move|p1b: Pecharunt|Malignant Chain|p2b: Masquerain\n|-damage|p2b: Masquerain|88/272\n|-status|p2b: Masquerain|tox\n|-start|p2b: Masquerain|confusion|[from] ability: Poison Puppeteer|[of] p1b: Pecharunt\n|-activate|p2b: Masquerain|confusion\n|-damage|p2b: Masquerain|68/272 tox|[from] confusion\n|\n|-damage|p2b: Masquerain|51/272 tox|[from] psn\n|-fieldend|move: Trick Room\n|upkeep\n|\n|t:|1771117236\n|switch|p1a: Mesprit|Mesprit, L86|278/278\n|turn|8\n|inactive|justindfx has 90 seconds left.\n|\n|t:|1771117266\n|-activate|p2b: Masquerain|confusion\n|-damage|p2b: Masquerain|31/272 tox|[from] confusion\n|move|p1a: Mesprit|Nasty Plot|p1a: Mesprit\n|-boost|p1a: Mesprit|spa|2\n|move|p1b: Pecharunt|Shadow Ball|p2a: Groudon\n|-damage|p2a: Groudon|23/252\n|move|p2a: Groudon|Thunder Wave|p1a: Mesprit\n|-status|p1a: Mesprit|par\n|\n|-damage|p2b: Masquerain|0 fnt|[from] psn\n|faint|p2b: Masquerain\n|upkeep\n|inactive|caoscontrol has 120 seconds left.\n|\n|t:|1771117291\n|switch|p2b: Cinccino|Cinccino, L85, F|167/266\n|turn|9\n|\n|t:|1771117304\n|move|p2b: Cinccino|Tail Slap|p1a: Mesprit\n|-damage|p1a: Mesprit|239/278 par\n|-damage|p1a: Mesprit|205/278 par\n|-damage|p1a: Mesprit|166/278 par\n|-damage|p1a: Mesprit|133/278 par\n|-damage|p1a: Mesprit|96/278 par\n|-hitcount|p1a: Mesprit|5\n|move|p1b: Pecharunt|Shadow Ball|p2a: Groudon\n|-damage|p2a: Groudon|0 fnt\n|faint|p2a: Groudon\n|cant|p1a: Mesprit|par\n|\n|upkeep\n|c|☆justindfx|hdfgh\n|\n|t:|1771117320\n|switch|p2a: Great Tusk|Great Tusk, L81|319/319\n|turn|10\n|\n|t:|1771117331\n|move|p2b: Cinccino|Knock Off|p1a: Mesprit\n|-supereffective|p1a: Mesprit\n|-damage|p1a: Mesprit|0 fnt\n|-enditem|p1a: Mesprit|Life Orb|[from] move: Knock Off|[of] p2b: Cinccino\n|faint|p1a: Mesprit\n|move|p2a: Great Tusk|Headlong Rush|p1b: Pecharunt\n|-supereffective|p1b: Pecharunt\n|-damage|p1b: Pecharunt|0 fnt\n|-unboost|p2a: Great Tusk|def|1\n|-unboost|p2a: Great Tusk|spd|1\n|faint|p1b: Pecharunt\n|\n|upkeep\n|\n|t:|1771117333\n|switch|p1b: Iron Crown|Iron Crown, L78|268/268\n|turn|11\n|\n|t:|1771117358\n|move|p2b: Cinccino|Knock Off|p1b: Iron Crown\n|-supereffective|p1b: Iron Crown\n|-damage|p1b: Iron Crown|138/268\n|-enditem|p1b: Iron Crown|Choice Specs|[from] move: Knock Off|[of] p2b: Cinccino\n|move|p1b: Iron Crown|Psychic|p2a: Great Tusk\n|-supereffective|p2a: Great Tusk\n|-damage|p2a: Great Tusk|23/319\n|move|p2a: Great Tusk|Headlong Rush|p1b: Iron Crown\n|-supereffective|p1b: Iron Crown\n|-damage|p1b: Iron Crown|0 fnt\n|-unboost|p2a: Great Tusk|def|1\n|-unboost|p2a: Great Tusk|spd|1\n|faint|p1b: Iron Crown\n|-end|p1b: Iron Crown|Quark Drive|[silent]\n|\n|win|caoscontrol\n|raw|justindfx's rating: 1559 &rarr; <strong>1545</strong><br />(-14 for losing)\n|raw|caoscontrol's rating: 1659 &rarr; <strong>1673</strong><br />(+14 for winning)\n|c|☆caoscontrol|gg wp\n|l|☆justindfx\n|player|p1|\n", "inputlog": ">version ccdc32dd7cde25fd9e4bed64820e885f66e78a4e\n>start {\"formatid\":\"gen9randomdoublesbattle\",\"seed\":\"sodium,da81dff2473d7214a9545068586ba70d\",\"rated\":\"Rated battle\"}\n>player p1 {\"name\":\"justindfx\",\"avatar\":\"101\",\"rating\":1559,\"seed\":\"sodium,ab94471b4a270d87ceaa49be7609dd67\"}\n>player p2 {\"name\":\"caoscontrol\",\"avatar\":\"102\",\"rating\":1659,\"seed\":\"sodium,ccdd63699484865e03fab2bfc22f805f\"}\n>p1 move partingshot +1, switch 6\n>p2 move precipiceblades, move knockoff +2\n>p1 switch 5, pass\n>p1 switch 3, move scaleshot +2\n>p2 move thunderwave +1, move tripleaxel +2\n>p1 pass, switch 4\n>p1 move trickroom, move iciclecrash +1\n>p2 switch 3, switch 5\n>p1 move protect, move iciclecrash +2\n>p2 move fakeout +2, move bugbuzz +2\n>p1 move dazzlinggleam, move iciclecrash +2\n>p2 switch 3, move protect\n>p1 move dazzlinggleam terastallize, move iceshard +1\n>p2 move precipiceblades, move bugbuzz +2\n>p1 pass, switch 5\n>p1 move dazzlinggleam, move malignantchain +2\n>p2 move precipiceblades, move tailwind\n>p1 switch 3, pass\n>p1 move nastyplot, move shadowball +1\n>p2 move thunderwave +1, move tailwind\n>p2 pass, switch 5\n>p1 move dazzlinggleam, move shadowball +1\n>p2 move thunderwave +2, move tailslap +1\n>chat ☆justindfx|hdfgh\n>p2 switch 4, pass\n>p1 move psychic +1, move partingshot +1\n>p2 move headlongrush +2, move knockoff +1\n>p1 pass, switch 6\n>p1 pass, move psychic +1\n>p2 move headlongrush +2, move knockoff +2", "uploadtime": 1771117386, "views": 65, "formatid": "gen9randomdoublesbattle", "rating": 1545, "private": 0, "password": null}