{"id": "gen9randomdoublesbattle-2534823799", "format": "[Gen 9] Random Doubles Battle", "players": ["shigeshigetokugawa", "Marakiss"], "log": "|j|☆shigeshigetokugawa\n|j|☆Marakiss\n|t:|1770481626\n|gametype|doubles\n|player|p1|shigeshigetokugawa|ghetsis|2029\n|player|p2|Marakiss|lucas|2040\n|gen|9\n|tier|[Gen 9] Random Doubles Battle\n|rated|\n|rule|Species Clause: Limit one of each Pokémon\n|rule|HP Percentage Mod: HP is shown in percentages\n|rule|Illusion Level Mod: Illusion disguises the Pokémon's true level\n|rule|Sleep Clause Mod: Limit one foe put to sleep\n|\n|t:|1770481626\n|teamsize|p1|6\n|teamsize|p2|6\n|start\n|switch|p1a: Goodra|Goodra-Hisui, L81, M|262/262\n|switch|p1b: Comfey|Comfey, L88, M|233/233\n|switch|p2a: Kyurem|Kyurem-White, L72|299/299\n|switch|p2b: Honchkrow|Honchkrow, L85, M|309/309\n|-ability|p2a: Kyurem|Turboblaze\n|turn|1\n|inactive|Battle timer is ON: inactive players will automatically lose when time's up. (requested by Marakiss)\n|\n|t:|1770481648\n|switch|p2a: Empoleon|Empoleon, L83, M|275/275\n|move|p1b: Comfey|Tailwind|p1b: Comfey\n|-sidestart|p1: shigeshigetokugawa|move: Tailwind\n|move|p1a: Goodra|Heavy Slam|p2b: Honchkrow\n|-damage|p2b: Honchkrow|137/309\n|move|p2b: Honchkrow|Brave Bird|p1b: Comfey\n|-damage|p1b: Comfey|30/233\n|-enditem|p1b: Comfey|Sitrus Berry|[eat]\n|-heal|p1b: Comfey|88/233|[from] item: Sitrus Berry\n|-damage|p2b: Honchkrow|70/309|[from] Recoil\n|-damage|p2b: Honchkrow|40/309|[from] item: Life Orb\n|\n|upkeep\n|turn|2\n|\n|t:|1770481671\n|switch|p1b: Perrserker|Perrserker, L88, M|266/266\n|move|p2b: Honchkrow|Protect|p2b: Honchkrow\n|-singleturn|p2b: Honchkrow|Protect\n|move|p1a: Goodra|Thunderbolt|p2a: Empoleon\n|-supereffective|p2a: Empoleon\n|-damage|p2a: Empoleon|149/275\n|move|p2a: Empoleon|Flash Cannon|p1b: Perrserker\n|-resisted|p1b: Perrserker\n|-damage|p1b: Perrserker|224/266\n|\n|upkeep\n|turn|3\n|\n|t:|1770481687\n|switch|p2b: Magnezone|Magnezone, L84|255/255\n|switch|p2a: Vivillon|Vivillon-Modern, L88, F|284/284\n|-terastallize|p1a: Goodra|Electric\n|move|p1b: Perrserker|Fake Out|p2b: Magnezone\n|-resisted|p2b: Magnezone\n|-damage|p2b: Magnezone|240/255\n|move|p1a: Goodra|Thunderbolt|p2a: Vivillon\n|-supereffective|p2a: Vivillon\n|-crit|p2a: Vivillon\n|-damage|p2a: Vivillon|0 fnt\n|faint|p2a: Vivillon\n|\n|upkeep\n|\n|t:|1770481705\n|switch|p2a: Honchkrow|Honchkrow, L85, M|40/309\n|turn|4\n|\n|t:|1770481717\n|switch|p1a: Comfey|Comfey, L88, M|88/233\n|move|p2a: Honchkrow|Protect|p2a: Honchkrow\n|-singleturn|p2a: Honchkrow|Protect\n|move|p2b: Magnezone|Protect|p2b: Magnezone\n|-singleturn|p2b: Magnezone|Protect\n|move|p1b: Perrserker|Close Combat|p2b: Magnezone\n|-activate|p2b: Magnezone|move: Protect\n|\n|-sideend|p1: shigeshigetokugawa|move: Tailwind\n|upkeep\n|turn|5\n|inactive|shigeshigetokugawa has 120 seconds left.\n|inactive|Marakiss has 120 seconds left.\n|\n|t:|1770481752\n|switch|p1a: Goodra|Goodra-Hisui, L81, M, tera:Electric|262/262\n|-terastallize|p2b: Magnezone|Flying\n|move|p2a: Honchkrow|Sucker Punch|p1b: Perrserker\n|-crit|p1b: Perrserker\n|-damage|p1b: Perrserker|75/266\n|-damage|p2a: Honchkrow|10/309|[from] item: Life Orb\n|move|p2b: Magnezone|Flash Cannon|p1a: Goodra\n|-resisted|p1a: Goodra\n|-damage|p1a: Goodra|240/262\n|move|p1b: Perrserker|Close Combat|p2b: Magnezone\n|-resisted|p2b: Magnezone\n|-damage|p2b: Magnezone|196/255\n|-unboost|p1b: Perrserker|def|1\n|-unboost|p1b: Perrserker|spd|1\n|\n|upkeep\n|turn|6\n|inactive|Marakiss has 120 seconds left.\n|\n|t:|1770481777\n|move|p2b: Magnezone|Protect|p2b: Magnezone\n|-singleturn|p2b: Magnezone|Protect\n|move|p2a: Honchkrow|Sucker Punch|p1a: Goodra\n|-damage|p1a: Goodra|131/262\n|-damage|p2a: Honchkrow|0 fnt|[from] item: Life Orb\n|faint|p2a: Honchkrow\n|move|p1a: Goodra|Thunderbolt|p2b: Magnezone\n|-activate|p2b: Magnezone|move: Protect\n|move|p1b: Perrserker|Knock Off|p2b: Magnezone\n|-activate|p2b: Magnezone|move: Protect\n|\n|upkeep\n|inactive|Marakiss has 120 seconds left.\n|\n|t:|1770481798\n|switch|p2a: Mimikyu|Mimikyu, L82, F|224/224\n|turn|7\n|\n|t:|1770481811\n|move|p2a: Mimikyu|Swords Dance|p2a: Mimikyu\n|-boost|p2a: Mimikyu|atk|2\n|move|p2b: Magnezone|Thunderbolt|p1b: Perrserker\n|-damage|p1b: Perrserker|0 fnt\n|faint|p1b: Perrserker\n|move|p1a: Goodra|Heavy Slam|p2a: Mimikyu\n|-activate|p2a: Mimikyu|ability: Disguise\n|-damage|p2a: Mimikyu|224/224\n|detailschange|p2a: Mimikyu|Mimikyu-Busted, L82, F\n|-damage|p2a: Mimikyu|196/224|[from] pokemon: Mimikyu-Busted\n|\n|upkeep\n|\n|t:|1770481817\n|switch|p1b: Comfey|Comfey, L88, M|88/233\n|turn|8\n|\n|t:|1770481832\n|move|p2a: Mimikyu|Shadow Sneak|p1b: Comfey\n|-damage|p1b: Comfey|0 fnt\n|faint|p1b: Comfey\n|-damage|p2a: Mimikyu|174/224|[from] item: Life Orb\n|move|p2b: Magnezone|Electroweb|p1a: Goodra\n|-resisted|p1a: Goodra\n|-damage|p1a: Goodra|115/262\n|-unboost|p1a: Goodra|spe|1\n|move|p1a: Goodra|Heavy Slam|p2a: Mimikyu\n|-supereffective|p2a: Mimikyu\n|-damage|p2a: Mimikyu|0 fnt\n|faint|p2a: Mimikyu\n|\n|upkeep\n|\n|t:|1770481844\n|switch|p1b: Grimmsnarl|Grimmsnarl, L82, M|290/290\n|switch|p2a: Kyurem|Kyurem-White, L72|299/299\n|-ability|p2a: Kyurem|Turboblaze\n|turn|9\n|\n|t:|1770481858\n|move|p2a: Kyurem|Protect|p2a: Kyurem\n|-singleturn|p2a: Kyurem|Protect\n|move|p2b: Magnezone|Protect|p2b: Magnezone\n|-singleturn|p2b: Magnezone|Protect\n|move|p1b: Grimmsnarl|Light Screen|p1b: Grimmsnarl\n|-sidestart|p1: shigeshigetokugawa|move: Light Screen\n|move|p1a: Goodra|Draco Meteor|p2a: Kyurem\n|-activate|p2a: Kyurem|move: Protect\n|\n|upkeep\n|turn|10\n|\n|t:|1770481877\n|move|p2a: Kyurem|Draco Meteor|p1a: Goodra|[miss]\n|-miss|p2a: Kyurem|p1a: Goodra\n|move|p2b: Magnezone|Flash Cannon|p1b: Grimmsnarl\n|-supereffective|p1b: Grimmsnarl\n|-damage|p1b: Grimmsnarl|117/290\n|move|p1b: Grimmsnarl|Spirit Break|p2a: Kyurem\n|-supereffective|p2a: Kyurem\n|-damage|p2a: Kyurem|101/299\n|-unboost|p2a: Kyurem|spa|1\n|move|p1a: Goodra|Thunderbolt|p2a: Kyurem\n|-resisted|p2a: Kyurem\n|-damage|p2a: Kyurem|51/299\n|\n|upkeep\n|turn|11\n|\n|t:|1770481900\n|move|p1b: Grimmsnarl|Parting Shot|p2b: Magnezone\n|-unboost|p2b: Magnezone|atk|1\n|-unboost|p2b: Magnezone|spa|1\n|\n|t:|1770481904\n|switch|p1b: Tropius|Tropius, L94, F|339/339|[from] Parting Shot\n|move|p2a: Kyurem|Draco Meteor|p1a: Goodra\n|-damage|p1a: Goodra|70/262\n|-unboost|p2a: Kyurem|spa|2\n|-damage|p2a: Kyurem|22/299|[from] item: Life Orb\n|move|p2b: Magnezone|Flash Cannon|p1b: Tropius\n|-damage|p1b: Tropius|300/339\n|move|p1a: Goodra|Thunderbolt|p2b: Magnezone\n|-supereffective|p2b: Magnezone\n|-damage|p2b: Magnezone|8/255\n|-enditem|p2b: Magnezone|Sitrus Berry|[eat]\n|-heal|p2b: Magnezone|71/255|[from] item: Sitrus Berry\n|\n|upkeep\n|turn|12\n|-message|Marakiss forfeited.\n|\n|win|shigeshigetokugawa\n|raw|shigeshigetokugawa's rating: 2029 &rarr; <strong>2050</strong><br />(+21 for winning)\n|raw|Marakiss's rating: 2040 &rarr; <strong>2019</strong><br />(-21 for losing)\n|l|☆Marakiss\n|player|p2|\n|l|☆shigeshigetokugawa\n|player|p1|\n|j|☆shigeshigetokugawa\n|player|p1|shigeshigetokugawa|ghetsis|\n", "inputlog": ">version ccdc32dd7cde25fd9e4bed64820e885f66e78a4e\n>start {\"formatid\":\"gen9randomdoublesbattle\",\"seed\":\"sodium,d03a7a9bb20be6496b2b6a868c1f96c7\",\"rated\":\"Rated battle\"}\n>player p1 {\"name\":\"shigeshigetokugawa\",\"avatar\":\"ghetsis\",\"rating\":2029,\"seed\":\"sodium,71e9834fe9a1a73073cfc4c4d0697117\"}\n>player p2 {\"name\":\"Marakiss\",\"avatar\":\"lucas\",\"rating\":2040,\"seed\":\"sodium,b593f5c5b015a01823432a4e1a9a9e0e\"}\n>p1 move heavyslam +2, move tailwind\n>p2 switch 5, move bravebird +2\n>p1 move thunderbolt +1, switch 4\n>p2 move flashcannon +2, move protect\n>p1 move thunderbolt +1 terastallize, move fakeout +2\n>p2 switch 3, switch 6\n>p2 switch 6, pass\n>p1 switch 4, move closecombat +2\n>p2 move protect, move protect\n>p1 switch 4, move closecombat +2\n>p2 move suckerpunch +2, move flashcannon +1 terastallize\n>p1 move thunderbolt +2, move knockoff +2\n>p2 move suckerpunch +1, move protect\n>p2 switch 4, pass\n>p1 move heavyslam +1, move ironhead +1\n>p2 move swordsdance, move thunderbolt +2\n>p1 pass, switch 4\n>p1 move heavyslam +1, move tailwind\n>p2 move shadowsneak +2, move electroweb\n>p1 pass, switch 5\n>p2 switch 5, pass\n>p1 move dracometeor +1, move lightscreen\n>p2 move protect, move protect\n>p1 move thunderbolt +1, move spiritbreak +1\n>p2 move dracometeor +1, move flashcannon +2\n>p1 move thunderbolt +2, move partingshot +2\n>p2 move dracometeor +1, move flashcannon +2\n>p1 pass, switch 3\n>forcelose p2", "uploadtime": 1770481923, "views": 89, "formatid": "gen9randomdoublesbattle", "rating": 2019, "private": 0, "password": null}