{"id": "gen9randomdoublesbattle-2536851314", "format": "[Gen 9] Random Doubles Battle", "players": ["mynamegrassgreen", "babacar17"], "log": "|j|☆mynamegrassgreen\n|j|☆babacar17\n|t:|1770742565\n|gametype|doubles\n|player|p1|mynamegrassgreen|2|1789\n|player|p2|babacar17|sabrina|1777\n|gen|9\n|tier|[Gen 9] Random Doubles Battle\n|rated|\n|rule|Species Clause: Limit one of each Pokémon\n|rule|HP Percentage Mod: HP is shown in percentages\n|rule|Illusion Level Mod: Illusion disguises the Pokémon's true level\n|rule|Sleep Clause Mod: Limit one foe put to sleep\n|\n|t:|1770742565\n|teamsize|p1|6\n|teamsize|p2|6\n|start\n|switch|p1a: Sinistcha|Sinistcha, L81|248/248\n|switch|p1b: Raging Bolt|Raging Bolt, L77|319/319\n|switch|p2a: Crabominable|Crabominable, L89, F|317/317\n|switch|p2b: Hawlucha|Hawlucha, L84, F|268/268\n|turn|1\n|\n|t:|1770742602\n|-end|p1b: Raging Bolt|Protosynthesis|[silent]\n|switch|p1b: Passimian|Passimian, L82, F|298/298\n|move|p2b: Hawlucha|Brave Bird|p1a: Sinistcha\n|-supereffective|p1a: Sinistcha\n|-damage|p1a: Sinistcha|32/248\n|-damage|p2b: Hawlucha|197/268|[from] Recoil\n|move|p1a: Sinistcha|Calm Mind|p1a: Sinistcha\n|-boost|p1a: Sinistcha|spa|1\n|-boost|p1a: Sinistcha|spd|1\n|move|p2a: Crabominable|Ice Hammer|p1b: Passimian\n|-damage|p1b: Passimian|52/298\n|-unboost|p2a: Crabominable|spe|1\n|-damage|p2a: Crabominable|286/317|[from] item: Life Orb\n|\n|-heal|p1a: Sinistcha|47/248|[from] item: Leftovers\n|upkeep\n|turn|2\n|\n|t:|1770742616\n|move|p1b: Passimian|Close Combat|p2a: Crabominable\n|-supereffective|p2a: Crabominable\n|-damage|p2a: Crabominable|8/317\n|-unboost|p1b: Passimian|def|1\n|-unboost|p1b: Passimian|spd|1\n|move|p2b: Hawlucha|Close Combat|p1b: Passimian\n|-damage|p1b: Passimian|0 fnt\n|-unboost|p2b: Hawlucha|def|1\n|-unboost|p2b: Hawlucha|spd|1\n|faint|p1b: Passimian\n|-enditem|p2b: Hawlucha|White Herb\n|-clearnegativeboost|p2b: Hawlucha|[silent]\n|move|p1a: Sinistcha|Shadow Ball|p2b: Hawlucha\n|-damage|p2b: Hawlucha|25/268\n|move|p2a: Crabominable|Ice Hammer|p1a: Sinistcha\n|-supereffective|p1a: Sinistcha\n|-damage|p1a: Sinistcha|0 fnt\n|-unboost|p2a: Crabominable|spe|1\n|faint|p1a: Sinistcha\n|-damage|p2a: Crabominable|0 fnt|[from] item: Life Orb\n|faint|p2a: Crabominable\n|\n|upkeep\n|\n|t:|1770742626\n|switch|p1b: Slaking|Slaking, L89, M|412/412\n|switch|p1a: Donphan|Donphan, L87, M|298/298\n|switch|p2a: Wigglytuff|Wigglytuff, L91, M|403/403\n|turn|3\n|\n|t:|1770742634\n|move|p1a: Donphan|Ice Shard|p2b: Hawlucha\n|-supereffective|p2b: Hawlucha\n|-damage|p2b: Hawlucha|0 fnt\n|faint|p2b: Hawlucha\n|move|p1b: Slaking|Double-Edge|p2a: Wigglytuff\n|-damage|p2a: Wigglytuff|0 fnt\n|faint|p2a: Wigglytuff\n|-damage|p1b: Slaking|279/412|[from] Recoil\n|\n|upkeep\n|c|☆mynamegrassgreen|pew pew\n|\n|t:|1770742647\n|switch|p2b: Polteageist|Polteageist-Antique, L85|241/241\n|switch|p2a: Rayquaza|Rayquaza, L75|281/281\n|-ability|p2a: Rayquaza|Air Lock\n|turn|4\n|\n|t:|1770742660\n|switch|p1b: Raging Bolt|Raging Bolt, L77|319/319\n|move|p2a: Rayquaza|Dragon Dance|p2a: Rayquaza\n|-boost|p2a: Rayquaza|atk|1\n|-boost|p2a: Rayquaza|spe|1\n|move|p2b: Polteageist|Shell Smash|p2b: Polteageist\n|-unboost|p2b: Polteageist|def|1\n|-unboost|p2b: Polteageist|spd|1\n|-boost|p2b: Polteageist|atk|2\n|-boost|p2b: Polteageist|spa|2\n|-boost|p2b: Polteageist|spe|2\n|-enditem|p2b: Polteageist|White Herb\n|-clearnegativeboost|p2b: Polteageist|[silent]\n|move|p1a: Donphan|Stone Edge|p2a: Rayquaza\n|-supereffective|p2a: Rayquaza\n|-damage|p2a: Rayquaza|87/281\n|\n|upkeep\n|turn|5\n|\n|t:|1770742675\n|-terastallize|p2a: Rayquaza|Normal\n|move|p2a: Rayquaza|Extreme Speed|p1b: Raging Bolt\n|-damage|p1b: Raging Bolt|160/319\n|move|p1a: Donphan|Ice Shard|p2a: Rayquaza\n|-damage|p2a: Rayquaza|49/281\n|move|p2b: Polteageist|Shadow Ball|p1b: Raging Bolt\n|-damage|p1b: Raging Bolt|0 fnt\n|faint|p1b: Raging Bolt\n|-end|p1b: Raging Bolt|Protosynthesis|[silent]\n|\n|upkeep\n|\n|t:|1770742686\n|switch|p1b: Necrozma|Necrozma-Dusk-Mane, L70|252/252\n|turn|6\n|\n|t:|1770742699\n|-terastallize|p1b: Necrozma|Dark\n|move|p2a: Rayquaza|Extreme Speed|p1a: Donphan\n|-damage|p1a: Donphan|177/298\n|move|p2b: Polteageist|Shadow Ball|p1a: Donphan\n|-damage|p1a: Donphan|0 fnt\n|faint|p1a: Donphan\n|move|p1b: Necrozma|Trick Room|p1b: Necrozma\n|-fieldstart|move: Trick Room|[of] p1b: Necrozma\n|\n|upkeep\n|\n|t:|1770742703\n|switch|p1a: Slaking|Slaking, L89, M|279/412\n|turn|7\n|\n|t:|1770742721\n|move|p2b: Polteageist|Protect|p2b: Polteageist\n|-singleturn|p2b: Polteageist|Protect\n|move|p2a: Rayquaza|Extreme Speed|p1a: Slaking\n|-damage|p1a: Slaking|152/412\n|move|p1b: Necrozma|Sunsteel Strike|p2b: Polteageist\n|-activate|p2b: Polteageist|move: Protect\n|move|p1a: Slaking|Double-Edge|p2a: Rayquaza\n|-damage|p2a: Rayquaza|0 fnt\n|faint|p2a: Rayquaza\n|-damage|p1a: Slaking|136/412|[from] Recoil\n|\n|upkeep\n|\n|t:|1770742729\n|switch|p2a: Dusknoir|Dusknoir, L89, M|225/225\n|-item|p1a: Slaking|Choice Band|[from] ability: Frisk|[of] p2a: Dusknoir\n|-item|p1b: Necrozma|Weakness Policy|[from] ability: Frisk|[of] p2a: Dusknoir\n|turn|8\n|\n|t:|1770742743\n|move|p2a: Dusknoir|Leech Life|p1b: Necrozma\n|-supereffective|p1b: Necrozma\n|-damage|p1b: Necrozma|137/252\n|-enditem|p1b: Necrozma|Weakness Policy\n|-boost|p1b: Necrozma|atk|2|[from] item: Weakness Policy\n|-boost|p1b: Necrozma|spa|2|[from] item: Weakness Policy\n|-damage|p2a: Dusknoir|203/225|[from] item: Life Orb\n|move|p1b: Necrozma|Earthquake|p2a: Dusknoir|[spread] p1a,p2a,p2b\n|-crit|p2a: Dusknoir\n|-damage|p1a: Slaking|35/412\n|-damage|p2a: Dusknoir|80/225\n|-damage|p2b: Polteageist|105/241\n|cant|p1a: Slaking|ability: Truant\n|move|p2b: Polteageist|Shadow Ball|p1b: Necrozma\n|-resisted|p1b: Necrozma\n|-damage|p1b: Necrozma|16/252\n|\n|upkeep\n|turn|9\n|\n|t:|1770742756\n|move|p2a: Dusknoir|Leech Life|p1b: Necrozma\n|-supereffective|p1b: Necrozma\n|-damage|p1b: Necrozma|0 fnt\n|-heal|p2a: Dusknoir|88/225|[from] drain|[of] p1b: Necrozma\n|faint|p1b: Necrozma\n|-damage|p2a: Dusknoir|66/225|[from] item: Life Orb\n|move|p1a: Slaking|Double-Edge|p2b: Polteageist\n|-immune|p2b: Polteageist\n|move|p2b: Polteageist|Shadow Ball|p1a: Slaking\n|-immune|p1a: Slaking\n|\n|upkeep\n|turn|10\n|-message|mynamegrassgreen forfeited.\n|\n|win|babacar17\n|raw|mynamegrassgreen's rating: 1802 &rarr; <strong>1781</strong><br />(-21 for losing)\n|raw|babacar17's rating: 1777 &rarr; <strong>1798</strong><br />(+21 for winning)\n|l|☆mynamegrassgreen\n|player|p1|\n|c|☆babacar17|pew pew, headshot\n", "inputlog": ">version ccdc32dd7cde25fd9e4bed64820e885f66e78a4e\n>start {\"formatid\":\"gen9randomdoublesbattle\",\"seed\":\"sodium,65d822c4765404a8110cea7e28df6146\",\"rated\":\"Rated battle\"}\n>player p1 {\"name\":\"mynamegrassgreen\",\"avatar\":\"2\",\"rating\":1789,\"seed\":\"sodium,bb49293301d7e884bf0b1544a0c1e137\"}\n>player p2 {\"name\":\"babacar17\",\"avatar\":\"sabrina\",\"rating\":1777,\"seed\":\"sodium,3c37385077977392e685776aa5254ffa\"}\n>p1 move calmmind, switch 3\n>p2 move icehammer +2, move bravebird +1\n>p1 move shadowball +2, move closecombat +1\n>p2 move icehammer +1, move closecombat +2\n>p1 switch 5, switch 6\n>p2 switch 6, pass\n>p1 move iceshard +2, move doubleedge +1\n>p2 move dazzlinggleam, move closecombat +2\n>chat ☆mynamegrassgreen|pew pew\n>p2 switch 4, switch 5\n>p1 move stoneedge +1, switch 3\n>p2 move dragondance, move shellsmash\n>p1 move iceshard +1, move dragonpulse +2\n>p2 move extremespeed +2 terastallize, move shadowball +2\n>p1 pass, switch 4\n>p1 move highhorsepower +2, move trickroom terastallize\n>p2 move extremespeed +1, move shadowball +1\n>p1 switch 3, pass\n>p1 move doubleedge +1, move sunsteelstrike +2\n>p2 move extremespeed +1, move protect\n>p2 switch 3, pass\n>p1 move doubleedge +2, move earthquake\n>p2 move leechlife +2, move shadowball +2\n>p1 move doubleedge +2, move earthquake\n>p2 move leechlife +2, move shadowball +2\n>forcelose p1", "uploadtime": 1770742794, "views": 65, "formatid": "gen9randomdoublesbattle", "rating": 1781, "private": 0, "password": null}