{"id": "gen9randomdoublesbattle-2540027067", "format": "[Gen 9] Random Doubles Battle", "players": ["baseballlover", "f2025"], "log": "|j|☆baseballlover\n|j|☆f2025\n|t:|1771147691\n|gametype|doubles\n|player|p1|baseballlover|2|1614\n|player|p2|f2025|1|1573\n|gen|9\n|tier|[Gen 9] Random Doubles Battle\n|rated|\n|rule|Species Clause: Limit one of each Pokémon\n|rule|HP Percentage Mod: HP is shown in percentages\n|rule|Illusion Level Mod: Illusion disguises the Pokémon's true level\n|rule|Sleep Clause Mod: Limit one foe put to sleep\n|\n|t:|1771147691\n|teamsize|p1|6\n|teamsize|p2|6\n|start\n|switch|p1a: Exeggutor|Exeggutor-Alola, L87, M|307/307\n|switch|p1b: Annihilape|Annihilape, L77, M|296/296\n|switch|p2a: Ambipom|Ambipom, L87, F|272/272\n|switch|p2b: Basculin|Basculin, L87, M|264/264\n|turn|1\n|inactive|Battle timer is ON: inactive players will automatically lose when time's up. (requested by baseballlover)\n|inactive|f2025 also wants the timer to be on.\n|inactive|baseballlover has 120 seconds left.\n|inactive|f2025 has 120 seconds left.\n|\n|t:|1771147731\n|move|p1b: Annihilape|U-turn|p2a: Ambipom\n|-damage|p2a: Ambipom|219/272\n|\n|t:|1771147739\n|switch|p1b: Samurott|Samurott-Hisui, L83, M|285/285|[from] U-turn\n|move|p2a: Ambipom|Knock Off|p1b: Samurott\n|-resisted|p1b: Samurott\n|-damage|p1b: Samurott|242/285\n|-enditem|p1b: Samurott|Life Orb|[from] move: Knock Off|[of] p2a: Ambipom\n|move|p2b: Basculin|Wave Crash|p1b: Samurott\n|-resisted|p1b: Samurott\n|-damage|p1b: Samurott|131/285\n|-damage|p2b: Basculin|227/264|[from] Recoil\n|move|p1a: Exeggutor|Trick Room|p1a: Exeggutor\n|-fieldstart|move: Trick Room|[of] p1a: Exeggutor\n|\n|upkeep\n|turn|2\n|\n|t:|1771147754\n|switch|p2b: Tentacruel|Tentacruel, L85, F|275/275\n|move|p1a: Exeggutor|Wood Hammer|p2b: Tentacruel\n|-damage|p2b: Tentacruel|95/275\n|-enditem|p2b: Tentacruel|Sitrus Berry|[eat]\n|-heal|p2b: Tentacruel|163/275|[from] item: Sitrus Berry\n|-damage|p1a: Exeggutor|248/307|[from] Recoil\n|move|p1b: Samurott|Ceaseless Edge|p2a: Ambipom\n|-damage|p2a: Ambipom|81/272\n|-sidestart|p2: f2025|Spikes\n|move|p2a: Ambipom|Knock Off|p1a: Exeggutor\n|-damage|p1a: Exeggutor|172/307\n|-enditem|p1a: Exeggutor|Sitrus Berry|[from] move: Knock Off|[of] p2a: Ambipom\n|\n|upkeep\n|turn|3\n|inactive|f2025 has 120 seconds left.\n|\n|t:|1771147789\n|switch|p2a: Altaria|Altaria, L91, M|284/284\n|move|p1a: Exeggutor|Wood Hammer|p2b: Tentacruel\n|-damage|p2b: Tentacruel|0 fnt\n|faint|p2b: Tentacruel\n|-damage|p1a: Exeggutor|118/307|[from] Recoil\n|move|p1b: Samurott|Ceaseless Edge|p2a: Altaria|[miss]\n|-miss|p1b: Samurott|p2a: Altaria\n|\n|upkeep\n|\n|t:|1771147798\n|switch|p2b: Ambipom|Ambipom, L87, F|81/272\n|-damage|p2b: Ambipom|47/272|[from] Spikes\n|turn|4\n|\n|t:|1771147812\n|move|p2b: Ambipom|Fake Out|p1a: Exeggutor\n|-damage|p1a: Exeggutor|40/307\n|cant|p1a: Exeggutor|flinch\n|move|p1b: Samurott|Ceaseless Edge|p2b: Ambipom\n|-damage|p2b: Ambipom|0 fnt\n|-sidestart|p2: f2025|Spikes\n|faint|p2b: Ambipom\n|move|p2a: Altaria|Tailwind|p2a: Altaria\n|-sidestart|p2: f2025|move: Tailwind\n|\n|upkeep\n|\n|t:|1771147818\n|switch|p2b: Basculin|Basculin, L87, M|227/264\n|-damage|p2b: Basculin|183/264|[from] Spikes\n|turn|5\n|\n|t:|1771147832\n|-terastallize|p2a: Altaria|Steel\n|move|p2b: Basculin|Protect|p2b: Basculin\n|-singleturn|p2b: Basculin|Protect\n|move|p1a: Exeggutor|Draco Meteor|p2a: Altaria\n|-resisted|p2a: Altaria\n|-damage|p2a: Altaria|206/284\n|-unboost|p1a: Exeggutor|spa|2\n|move|p1b: Samurott|Ceaseless Edge|p2b: Basculin\n|-activate|p2b: Basculin|move: Protect\n|move|p2a: Altaria|Brave Bird|p1a: Exeggutor\n|-supereffective|p1a: Exeggutor\n|-damage|p1a: Exeggutor|0 fnt\n|faint|p1a: Exeggutor\n|-damage|p2a: Altaria|193/284|[from] Recoil\n|\n|-fieldend|move: Trick Room\n|upkeep\n|\n|t:|1771147845\n|switch|p1a: Gyarados|Gyarados, L80, F|283/283\n|-ability|p1a: Gyarados|Intimidate|boost\n|-unboost|p2a: Altaria|atk|1\n|-unboost|p2b: Basculin|atk|1\n|turn|6\n|\n|t:|1771147861\n|move|p2b: Basculin|Flip Turn|p1a: Gyarados\n|-resisted|p1a: Gyarados\n|-damage|p1a: Gyarados|245/283\n|\n|t:|1771147864\n|switch|p2b: Raichu|Raichu-Alola, L89, M|252/252|[from] Flip Turn\n|-damage|p2b: Raichu|210/252|[from] Spikes\n|move|p2a: Altaria|Draco Meteor|p1b: Samurott\n|-damage|p1b: Samurott|0 fnt\n|-unboost|p2a: Altaria|spa|2\n|faint|p1b: Samurott\n|move|p1a: Gyarados|Dragon Dance|p1a: Gyarados\n|-boost|p1a: Gyarados|atk|1\n|-boost|p1a: Gyarados|spe|1\n|\n|upkeep\n|\n|t:|1771147877\n|switch|p1b: Jolteon|Jolteon, L85, M|249/249\n|turn|7\n|\n|t:|1771147897\n|-terastallize|p1a: Gyarados|Ground\n|move|p2a: Altaria|Helping Hand|p2b: Raichu\n|-singleturn|p2b: Raichu|Helping Hand|[of] p2a: Altaria\n|move|p2b: Raichu|Psychic|p1b: Jolteon\n|-damage|p1b: Jolteon|18/249\n|move|p1b: Jolteon|Calm Mind|p1b: Jolteon\n|-boost|p1b: Jolteon|spa|1\n|-boost|p1b: Jolteon|spd|1\n|move|p1a: Gyarados|Dragon Dance|p1a: Gyarados\n|-boost|p1a: Gyarados|atk|1\n|-boost|p1a: Gyarados|spe|1\n|\n|-sideend|p2: f2025|move: Tailwind\n|upkeep\n|turn|8\n|\n|t:|1771147909\n|switch|p2b: Staraptor|Staraptor, L82, M|274/274\n|-ability|p2b: Staraptor|Intimidate|boost\n|-fail|p1a: Gyarados|unboost|[from] item: Clear Amulet|[of] p1a: Gyarados\n|-unboost|p1b: Jolteon|atk|1\n|move|p1b: Jolteon|Protect|p1b: Jolteon\n|-singleturn|p1b: Jolteon|Protect\n|move|p1a: Gyarados|Earthquake|p2b: Staraptor|[spread] p2a\n|-activate|p1b: Jolteon|move: Protect\n|-immune|p2b: Staraptor\n|-supereffective|p2a: Altaria\n|-damage|p2a: Altaria|0 fnt\n|faint|p2a: Altaria\n|\n|upkeep\n|\n|t:|1771147919\n|switch|p2a: Basculin|Basculin, L87, M|183/264\n|-damage|p2a: Basculin|139/264|[from] Spikes\n|turn|9\n|\n|t:|1771147933\n|move|p2a: Basculin|Aqua Jet|p1b: Jolteon\n|-damage|p1b: Jolteon|0 fnt\n|faint|p1b: Jolteon\n|move|p1a: Gyarados|Waterfall|p2b: Staraptor\n|-damage|p2b: Staraptor|37/274\n|move|p2b: Staraptor|Brave Bird|p1a: Gyarados\n|-damage|p1a: Gyarados|76/283\n|-damage|p2b: Staraptor|0 fnt|[from] Recoil\n|faint|p2b: Staraptor\n|\n|upkeep\n|\n|t:|1771147941\n|switch|p1b: Annihilape|Annihilape, L77, M|296/296\n|switch|p2b: Raichu|Raichu-Alola, L89, M|210/252\n|-damage|p2b: Raichu|168/252|[from] Spikes\n|turn|10\n|\n|t:|1771147953\n|move|p2a: Basculin|Aqua Jet|p1a: Gyarados\n|-supereffective|p1a: Gyarados\n|-damage|p1a: Gyarados|0 fnt\n|faint|p1a: Gyarados\n|move|p1b: Annihilape|Close Combat|p2a: Basculin\n|-damage|p2a: Basculin|0 fnt\n|-unboost|p1b: Annihilape|def|1\n|-unboost|p1b: Annihilape|spd|1\n|faint|p2a: Basculin\n|move|p2b: Raichu|Psychic|p1b: Annihilape\n|-supereffective|p1b: Annihilape\n|-damage|p1b: Annihilape|0 fnt\n|faint|p1b: Annihilape\n|\n|upkeep\n|\n|t:|1771147959\n|switch|p1b: Revavroom|Revavroom, L84, M|272/272\n|turn|11\n|\n|t:|1771147966\n|move|p1b: Revavroom|Protect|p1b: Revavroom\n|-singleturn|p1b: Revavroom|Protect\n|move|p2b: Raichu|Psychic|p1b: Revavroom\n|-activate|p1b: Revavroom|move: Protect\n|\n|upkeep\n|turn|12\n|\n|t:|1771147987\n|move|p2b: Raichu|Psychic|p1b: Revavroom\n|-damage|p1b: Revavroom|97/272\n|move|p1b: Revavroom|Gunk Shot|p2b: Raichu\n|-damage|p2b: Raichu|0 fnt\n|faint|p2b: Raichu\n|-damage|p1b: Revavroom|70/272|[from] item: Life Orb\n|\n|win|baseballlover\n|raw|baseballlover's rating: 1614 &rarr; <strong>1632</strong><br />(+18 for winning)\n|raw|f2025's rating: 1573 &rarr; <strong>1555</strong><br />(-18 for losing)\n", "inputlog": ">version 686819e5e19f8a7fd2345cfc5a08a5085efa2cc3\n>start {\"formatid\":\"gen9randomdoublesbattle\",\"seed\":\"sodium,ea58ae6e36b39608ab636247de4a3fc6\",\"rated\":\"Rated battle\"}\n>player p1 {\"name\":\"baseballlover\",\"avatar\":\"2\",\"rating\":1614,\"seed\":\"sodium,05ae105f965316b3808c20d998066e77\"}\n>player p2 {\"name\":\"f2025\",\"avatar\":\"1\",\"rating\":1573,\"seed\":\"sodium,04917afb985f7735a84a0abe140a7996\"}\n>p1 move trickroom, move uturn +1\n>p2 move knockoff +2, move wavecrash +2\n>p1 pass, switch 6\n>p1 move woodhammer +2, move ceaselessedge +1\n>p2 move knockoff +1, switch 3\n>p1 move woodhammer +2, move ceaselessedge +1\n>p2 switch 4, move sludgebomb +1\n>p2 pass, switch 4\n>p1 move dracometeor +1, move ceaselessedge +2\n>p2 move tailwind, move fakeout +1\n>p2 pass, switch 3\n>p1 move dracometeor +1, move ceaselessedge +2\n>p2 move bravebird +1 terastallize, move protect\n>p1 switch 5, pass\n>p1 move dragondance, move ceaselessedge +2\n>p2 move dracometeor +2, move flipturn +1\n>p2 pass, switch 5\n>p1 pass, switch 4\n>p1 move dragondance terastallize, move calmmind\n>p2 move helpinghand -2, move psychic +2\n>p1 move earthquake, move protect\n>p2 move tailwind, switch 6\n>p2 switch 5, pass\n>p1 move waterfall +2, move thunderbolt +1\n>p2 move aquajet +2, move bravebird +1\n>p1 pass, switch 6\n>p2 pass, switch 6\n>p1 move earthquake, move closecombat +1\n>p2 move aquajet +1, move psychic +2\n>p1 pass, switch 3\n>p1 pass, move protect\n>p2 pass, move psychic +2\n>p1 pass, move gunkshot +2\n>p2 pass, move psychic +2", "uploadtime": 1771147987, "views": 71, "formatid": "gen9randomdoublesbattle", "rating": 1555, "private": 0, "password": null}