{"id": "gen9randomdoublesbattle-2536372190", "format": "[Gen 9] Random Doubles Battle", "players": ["Brumon", "improvguy"], "log": "|j|☆Brumon\n|j|☆improvguy\n|t:|1770680075\n|gametype|doubles\n|player|p1|Brumon|101|1801\n|player|p2|improvguy|cameraman|1870\n|gen|9\n|tier|[Gen 9] Random Doubles Battle\n|rated|\n|rule|Species Clause: Limit one of each Pokémon\n|rule|HP Percentage Mod: HP is shown in percentages\n|rule|Illusion Level Mod: Illusion disguises the Pokémon's true level\n|rule|Sleep Clause Mod: Limit one foe put to sleep\n|\n|t:|1770680075\n|teamsize|p1|6\n|teamsize|p2|6\n|start\n|switch|p1a: Toedscruel|Toedscruel, L87, M|281/281\n|switch|p1b: Pincurchin|Pincurchin, L97, M|250/250\n|switch|p2a: Donphan|Donphan, L87, F|298/298\n|switch|p2b: Whimsicott|Whimsicott, L80, M|227/227\n|-fieldstart|move: Electric Terrain|[from] ability: Electric Surge|[of] p1b: Pincurchin\n|turn|1\n|\n|t:|1770680109\n|move|p2b: Whimsicott|Tailwind|p2b: Whimsicott\n|-sidestart|p2: improvguy|move: Tailwind\n|move|p2a: Donphan|High Horsepower|p1b: Pincurchin|[miss]\n|-miss|p2a: Donphan|p1b: Pincurchin\n|move|p1a: Toedscruel|Giga Drain|p2a: Donphan\n|-supereffective|p2a: Donphan\n|-damage|p2a: Donphan|182/298\n|move|p1b: Pincurchin|Scald|p2a: Donphan\n|-supereffective|p2a: Donphan\n|-damage|p2a: Donphan|64/298\n|-status|p2a: Donphan|brn\n|\n|-damage|p2a: Donphan|46/298 brn|[from] brn\n|upkeep\n|turn|2\n|c|☆improvguy|the \"low percentages\" always get me\n|\n|t:|1770680126\n|move|p2b: Whimsicott|Moonblast|p1b: Pincurchin\n|-damage|p1b: Pincurchin|177/250\n|move|p2a: Donphan|Knock Off|p1a: Toedscruel\n|-damage|p1a: Toedscruel|233/281\n|-enditem|p1a: Toedscruel|Sitrus Berry|[from] move: Knock Off|[of] p2a: Donphan\n|move|p1a: Toedscruel|Giga Drain|p2a: Donphan\n|-supereffective|p2a: Donphan\n|-damage|p2a: Donphan|0 fnt\n|-heal|p1a: Toedscruel|256/281|[from] drain|[of] p2a: Donphan\n|faint|p2a: Donphan\n|move|p1b: Pincurchin|Electroweb|p2b: Whimsicott\n|-resisted|p2b: Whimsicott\n|-damage|p2b: Whimsicott|175/227\n|-unboost|p2b: Whimsicott|spe|1\n|\n|upkeep\n|\n|t:|1770680136\n|switch|p2a: Pawmot|Pawmot, L80, M|243/243\n|turn|3\n|\n|t:|1770680147\n|move|p2a: Pawmot|Fake Out|p1a: Toedscruel\n|-damage|p1a: Toedscruel|219/281\n|move|p2b: Whimsicott|Encore|p1b: Pincurchin\n|-start|p1b: Pincurchin|Encore\n|cant|p1a: Toedscruel|flinch\n|move|p1b: Pincurchin|Electroweb|p2b: Whimsicott|[spread] p2b\n|-immune|p2a: Pawmot|[from] ability: Volt Absorb\n|-resisted|p2b: Whimsicott\n|-damage|p2b: Whimsicott|136/227\n|-unboost|p2b: Whimsicott|spe|1\n|\n|upkeep\n|turn|4\n|\n|t:|1770680163\n|switch|p1b: Perrserker|Perrserker, L88, F|266/266\n|move|p2b: Whimsicott|Helping Hand|p2a: Pawmot\n|-singleturn|p2a: Pawmot|Helping Hand|[of] p2b: Whimsicott\n|move|p2a: Pawmot|Close Combat|p1a: Toedscruel\n|-damage|p1a: Toedscruel|0 fnt\n|-unboost|p2a: Pawmot|def|1\n|-unboost|p2a: Pawmot|spd|1\n|faint|p1a: Toedscruel\n|\n|-sideend|p2: improvguy|move: Tailwind\n|upkeep\n|\n|t:|1770680180\n|switch|p1a: Smeargle|Smeargle, F|272/272\n|turn|5\n|\n|t:|1770680190\n|switch|p2a: Kingdra|Kingdra, L85, F|266/266\n|move|p1a: Smeargle|Fake Out|p2a: Kingdra\n|-damage|p2a: Kingdra|230/266\n|move|p2b: Whimsicott|Tailwind|p2b: Whimsicott\n|-sidestart|p2: improvguy|move: Tailwind\n|move|p1b: Perrserker|Iron Head|p2b: Whimsicott\n|-supereffective|p2b: Whimsicott\n|-damage|p2b: Whimsicott|0 fnt\n|faint|p2b: Whimsicott\n|\n|-fieldend|move: Electric Terrain\n|upkeep\n|\n|t:|1770680197\n|switch|p2b: Passimian|Passimian, L82, F|298/298\n|turn|6\n|\n|t:|1770680223\n|switch|p1b: Pincurchin|Pincurchin, L97, M|177/250\n|-fieldstart|move: Electric Terrain|[from] ability: Electric Surge|[of] p1b: Pincurchin\n|move|p2a: Kingdra|Wave Crash|p1a: Smeargle\n|-damage|p1a: Smeargle|2/272\n|-enditem|p1a: Smeargle|Sitrus Berry|[eat]\n|-heal|p1a: Smeargle|70/272|[from] item: Sitrus Berry\n|-damage|p2a: Kingdra|141/266|[from] Recoil\n|-damage|p2a: Kingdra|115/266|[from] item: Life Orb\n|move|p2b: Passimian|U-turn|p1a: Smeargle\n|-damage|p1a: Smeargle|0 fnt\n|faint|p1a: Smeargle\n|\n|t:|1770680232\n|switch|p2b: Pawmot|Pawmot, L80, M|243/243|[from] U-turn\n|\n|upkeep\n|\n|t:|1770680240\n|switch|p1a: Breloom|Breloom, L84, M|238/238\n|turn|7\n|\n|t:|1770680253\n|move|p2b: Pawmot|Fake Out|p1a: Breloom\n|-damage|p1a: Breloom|205/238\n|move|p2a: Kingdra|Draco Meteor|p1a: Breloom\n|-damage|p1a: Breloom|0 fnt\n|-unboost|p2a: Kingdra|spa|2\n|faint|p1a: Breloom\n|-damage|p2a: Kingdra|89/266|[from] item: Life Orb\n|move|p1b: Pincurchin|Scald|p2b: Pawmot\n|-damage|p2b: Pawmot|142/243\n|\n|upkeep\n|\n|t:|1770680271\n|switch|p1a: Iron Thorns|Iron Thorns, L82|298/298\n|-activate|p1a: Iron Thorns|ability: Quark Drive\n|-start|p1a: Iron Thorns|quarkdriveatk\n|turn|8\n|\n|t:|1770680282\n|-terastallize|p1a: Iron Thorns|Grass\n|move|p2b: Pawmot|Revival Blessing|p2b: Pawmot\n|\n|t:|1770680291\n|-heal|p2: Whimsicott|113/227|[from] move: Revival Blessing\n|move|p2a: Kingdra|Wave Crash|p1b: Pincurchin\n|-damage|p1b: Pincurchin|44/250\n|-enditem|p1b: Pincurchin|Sitrus Berry|[eat]\n|-heal|p1b: Pincurchin|106/250|[from] item: Sitrus Berry\n|-damage|p2a: Kingdra|45/266|[from] Recoil\n|-damage|p2a: Kingdra|19/266|[from] item: Life Orb\n|move|p1a: Iron Thorns|Dragon Dance|p1a: Iron Thorns\n|-boost|p1a: Iron Thorns|atk|1\n|-boost|p1a: Iron Thorns|spe|1\n|move|p1b: Pincurchin|Scald|p2b: Pawmot\n|-damage|p2b: Pawmot|39/243\n|\n|-sideend|p2: improvguy|move: Tailwind\n|upkeep\n|turn|9\n|\n|t:|1770680311\n|move|p1a: Iron Thorns|Rock Slide|p2b: Pawmot|[spread] p2a,p2b\n|-resisted|p2b: Pawmot\n|-damage|p2a: Kingdra|0 fnt\n|-damage|p2b: Pawmot|0 fnt\n|faint|p2a: Kingdra\n|faint|p2b: Pawmot\n|move|p1b: Pincurchin|Electroweb|p2: Kingdra|[notarget]\n|-fail|p1b: Pincurchin\n|\n|upkeep\n|\n|t:|1770680317\n|switch|p2b: Whimsicott|Whimsicott, L80, M|113/227\n|switch|p2a: Passimian|Passimian, L82, F|298/298\n|-enditem|p2b: Whimsicott|Sitrus Berry|[eat]\n|-heal|p2b: Whimsicott|169/227|[from] item: Sitrus Berry\n|turn|10\n|\n|t:|1770680331\n|move|p2b: Whimsicott|Tailwind|p2b: Whimsicott\n|-sidestart|p2: improvguy|move: Tailwind\n|move|p2a: Passimian|Gunk Shot|p1a: Iron Thorns\n|-supereffective|p1a: Iron Thorns\n|-damage|p1a: Iron Thorns|38/298\n|move|p1a: Iron Thorns|Wild Charge|p2a: Passimian\n|-damage|p2a: Passimian|7/298\n|-damage|p1a: Iron Thorns|0 fnt|[from] Recoil\n|faint|p1a: Iron Thorns\n|-end|p1a: Iron Thorns|Quark Drive|[silent]\n|move|p1b: Pincurchin|Thunderbolt|p2a: Passimian\n|-damage|p2a: Passimian|0 fnt\n|faint|p2a: Passimian\n|\n|-fieldend|move: Electric Terrain\n|upkeep\n|\n|t:|1770680343\n|switch|p2a: Yanmega|Yanmega, L84, F|282/282\n|switch|p1a: Perrserker|Perrserker, L88, F|266/266\n|turn|11\n|\n|t:|1770680355\n|-terastallize|p2a: Yanmega|Ground\n|move|p2b: Whimsicott|Encore|p1b: Pincurchin\n|-start|p1b: Pincurchin|Encore\n|move|p2a: Yanmega|Tera Blast|p1a: Perrserker|[anim] Tera Blast Ground\n|-supereffective|p1a: Perrserker\n|-damage|p1a: Perrserker|61/266\n|-damage|p2a: Yanmega|254/282|[from] item: Life Orb\n|move|p1a: Perrserker|Iron Head|p2b: Whimsicott\n|-supereffective|p2b: Whimsicott\n|-damage|p2b: Whimsicott|0 fnt\n|faint|p2b: Whimsicott\n|move|p1b: Pincurchin|Thunderbolt|p2a: Yanmega\n|-immune|p2a: Yanmega\n|\n|-ability|p2a: Yanmega|Speed Boost|boost\n|-boost|p2a: Yanmega|spe|1\n|upkeep\n|turn|12\n|\n|t:|1770680373\n|move|p2a: Yanmega|Tera Blast|p1a: Perrserker|[anim] Tera Blast Ground\n|-supereffective|p1a: Perrserker\n|-damage|p1a: Perrserker|0 fnt\n|faint|p1a: Perrserker\n|-damage|p2a: Yanmega|226/282|[from] item: Life Orb\n|move|p1b: Pincurchin|Thunderbolt|p2a: Yanmega\n|-immune|p2a: Yanmega\n|\n|-ability|p2a: Yanmega|Speed Boost|boost\n|-boost|p2a: Yanmega|spe|1\n|upkeep\n|turn|13\n|l|☆Brumon\n|player|p1|\n|inactive|Battle timer is ON: inactive players will automatically lose when time's up. (requested by improvguy)\n|inactive|Brumon has 30 seconds to reconnect!\n|inactive|Brumon has 20 seconds to reconnect!\n|inactive|Brumon has 15 seconds to reconnect!\n|inactive|Brumon has 10 seconds to reconnect!\n|inactive|Brumon has 5 seconds to reconnect!\n|-message|Brumon lost due to inactivity.\n|\n|win|improvguy\n|raw|Brumon's rating: 1801 &rarr; <strong>1785</strong><br />(-16 for losing)\n|raw|improvguy's rating: 1870 &rarr; <strong>1886</strong><br />(+16 for winning)\n", "inputlog": ">version ccdc32dd7cde25fd9e4bed64820e885f66e78a4e\n>start {\"formatid\":\"gen9randomdoublesbattle\",\"seed\":\"sodium,264601a4795f9289b918eda897bd7fa2\",\"rated\":\"Rated battle\"}\n>player p1 {\"name\":\"Brumon\",\"avatar\":\"101\",\"rating\":1801,\"seed\":\"sodium,cdffd602fce49edcebc26a69d46d1872\"}\n>player p2 {\"name\":\"improvguy\",\"avatar\":\"cameraman\",\"rating\":1870,\"seed\":\"sodium,b936f69c0f1e6a987a5eb906464fdaca\"}\n>p1 move gigadrain +1, move scald +1\n>p2 move highhorsepower +2, move tailwind\n>chat ☆improvguy|the \"low percentages\" always get me\n>p1 move gigadrain +1, move electroweb\n>p2 move knockoff +1, move moonblast +2\n>p2 switch 3, pass\n>p1 move earthpower +1, move scald +1\n>p2 move fakeout +1, move encore +2\n>p1 move earthpower +1, switch 4\n>p2 move closecombat +1, move helpinghand -1\n>p1 switch 5, pass\n>p1 move fakeout +1, move ironhead +2\n>p2 switch 5, move tailwind\n>p2 pass, switch 6\n>p1 move tailwind, switch 4\n>p2 move wavecrash +1, move uturn +1\n>p2 pass, switch 5\n>p1 switch 6, pass\n>p1 move bulletseed +2, move scald +2\n>p2 move dracometeor +1, move fakeout +1\n>p1 switch 3, pass\n>p1 move dragondance terastallize, move scald +2\n>p2 move wavecrash +2, move revivalblessing\n>p2 pass, switch 6\n>p1 move rockslide, move electroweb\n>p2 move wavecrash +2, move closecombat +1\n>p2 switch 5, switch 6\n>p1 move wildcharge +1, move thunderbolt +1\n>p2 move gunkshot +1, move tailwind\n>p1 switch 4, pass\n>p2 switch 4, pass\n>p1 move ironhead +2, move scald +1\n>p2 move terablast +1 terastallize, move encore +2\n>p1 move closecombat +1, move thunderbolt +1\n>p2 move terablast +1, pass\n>forcelose p1", "uploadtime": 1770680617, "views": 74, "formatid": "gen9randomdoublesbattle", "rating": 1785, "private": 0, "password": null}