{"id": "gen9randomdoublesbattle-2539650451", "format": "[Gen 9] Random Doubles Battle", "players": ["adwilson", "Taxxed_Nerd"], "log": "|j|☆adwilson\n|j|☆Taxxed_Nerd\n|t:|1771092227\n|gametype|doubles\n|player|p1|adwilson|101|1541\n|player|p2|Taxxed_Nerd|collector|1485\n|gen|9\n|tier|[Gen 9] Random Doubles Battle\n|rated|\n|rule|Species Clause: Limit one of each Pokémon\n|rule|HP Percentage Mod: HP is shown in percentages\n|rule|Illusion Level Mod: Illusion disguises the Pokémon's true level\n|rule|Sleep Clause Mod: Limit one foe put to sleep\n|\n|t:|1771092227\n|teamsize|p1|6\n|teamsize|p2|6\n|start\n|switch|p1a: Rhydon|Rhydon, L86, F|321/321\n|switch|p1b: Dusknoir|Dusknoir, L89, M|225/225\n|switch|p2a: Greedent|Greedent, L86, M|347/347\n|switch|p2b: Vileplume|Vileplume, L89, M|278/278\n|-item|p2a: Greedent|Sitrus Berry|[from] ability: Frisk|[of] p1b: Dusknoir\n|-item|p2b: Vileplume|Sitrus Berry|[from] ability: Frisk|[of] p1b: Dusknoir\n|turn|1\n|\n|t:|1771092264\n|-terastallize|p1a: Rhydon|Flying\n|move|p2b: Vileplume|Stun Spore|p1b: Dusknoir\n|-status|p1b: Dusknoir|par\n|move|p1a: Rhydon|Rock Slide|p2b: Vileplume|[spread] p2a,p2b\n|-crit|p2a: Greedent\n|-damage|p2a: Greedent|247/347\n|-damage|p2b: Vileplume|208/278\n|move|p2a: Greedent|Swords Dance|p2a: Greedent\n|-boost|p2a: Greedent|atk|2\n|move|p1b: Dusknoir|Leech Life|p2b: Vileplume\n|-damage|p2b: Vileplume|125/278\n|-enditem|p2b: Vileplume|Sitrus Berry|[eat]\n|-heal|p2b: Vileplume|194/278|[from] item: Sitrus Berry\n|-damage|p1b: Dusknoir|203/225 par|[from] item: Life Orb\n|\n|upkeep\n|turn|2\n|\n|t:|1771092287\n|move|p2b: Vileplume|Strength Sap|p1a: Rhydon\n|-unboost|p1a: Rhydon|atk|1\n|-heal|p2b: Vileplume|278/278\n|move|p1a: Rhydon|Rock Slide|p2a: Greedent|[spread] p2a\n|-miss|p1a: Rhydon|p2b: Vileplume\n|-damage|p2a: Greedent|196/347\n|cant|p2a: Greedent|flinch\n|move|p1b: Dusknoir|Leech Life|p2b: Vileplume\n|-damage|p2b: Vileplume|197/278\n|-heal|p1b: Dusknoir|225/225 par|[from] drain|[of] p2b: Vileplume\n|-damage|p1b: Dusknoir|203/225 par|[from] item: Life Orb\n|\n|upkeep\n|turn|3\n|\n|t:|1771092306\n|switch|p1a: Ditto|Ditto, L97|250/250\n|-transform|p1a: Ditto|p2b: Vileplume|[from] ability: Imposter\n|switch|p1b: Pincurchin|Pincurchin, L97, F|250/250\n|-fieldstart|move: Electric Terrain|[from] ability: Electric Surge|[of] p1b: Pincurchin\n|move|p2b: Vileplume|Stun Spore|p1a: Ditto\n|-immune|p1a: Ditto\n|move|p2a: Greedent|Knock Off|p1b: Pincurchin\n|-damage|p1b: Pincurchin|138/250\n|-enditem|p1b: Pincurchin|Sitrus Berry|[from] move: Knock Off|[of] p2a: Greedent\n|\n|upkeep\n|turn|4\n|\n|t:|1771092333\n|move|p1a: Ditto|Strength Sap|p2a: Greedent\n|-unboost|p2a: Greedent|atk|1\n|move|p2b: Vileplume|Pollen Puff|p2a: Greedent\n|-heal|p2a: Greedent|347/347\n|move|p1b: Pincurchin|Recover|p1b: Pincurchin\n|-heal|p1b: Pincurchin|250/250\n|move|p2a: Greedent|High Horsepower|p1b: Pincurchin\n|-supereffective|p1b: Pincurchin\n|-damage|p1b: Pincurchin|70/250\n|\n|upkeep\n|turn|5\n|\n|t:|1771092352\n|move|p1a: Ditto|Strength Sap|p2a: Greedent\n|-unboost|p2a: Greedent|atk|1\n|move|p2b: Vileplume|Sludge Bomb|p1a: Ditto\n|-damage|p1a: Ditto|141/250\n|move|p1b: Pincurchin|Recover|p1b: Pincurchin\n|-heal|p1b: Pincurchin|195/250\n|move|p2a: Greedent|Swords Dance|p2a: Greedent\n|-boost|p2a: Greedent|atk|2\n|\n|upkeep\n|turn|6\n|\n|t:|1771092369\n|move|p2b: Vileplume|Sludge Bomb|p1a: Ditto\n|-damage|p1a: Ditto|36/250\n|-enditem|p1a: Ditto|Sitrus Berry|[eat]\n|-heal|p1a: Ditto|98/250|[from] item: Sitrus Berry\n|move|p1a: Ditto|Stun Spore|p2a: Greedent|[miss]\n|-miss|p1a: Ditto|p2a: Greedent\n|move|p2a: Greedent|Swords Dance|p2a: Greedent\n|-boost|p2a: Greedent|atk|2\n|move|p1b: Pincurchin|Scald|p2a: Greedent\n|-damage|p2a: Greedent|267/347\n|\n|upkeep\n|turn|7\n|\n|t:|1771092387\n|move|p1a: Ditto|Strength Sap|p2a: Greedent\n|-unboost|p2a: Greedent|atk|1\n|-heal|p1a: Ditto|250/250\n|move|p2b: Vileplume|Pollen Puff|p2a: Greedent\n|-heal|p2a: Greedent|347/347\n|move|p1b: Pincurchin|Scald|p2a: Greedent\n|-damage|p2a: Greedent|263/347\n|-status|p2a: Greedent|brn\n|move|p2a: Greedent|High Horsepower|p1b: Pincurchin\n|-supereffective|p1b: Pincurchin\n|-damage|p1b: Pincurchin|58/250\n|\n|-damage|p2a: Greedent|242/347 brn|[from] brn\n|-fieldend|move: Electric Terrain\n|upkeep\n|turn|8\n|\n|t:|1771092408\n|move|p2b: Vileplume|Pollen Puff|p2a: Greedent\n|-heal|p2a: Greedent|347/347 brn\n|move|p1a: Ditto|Strength Sap|p2a: Greedent\n|-unboost|p2a: Greedent|atk|1\n|move|p2a: Greedent|Swords Dance|p2a: Greedent\n|-boost|p2a: Greedent|atk|2\n|move|p1b: Pincurchin|Electroweb|p2a: Greedent|[spread] p2a,p2b\n|-resisted|p2b: Vileplume\n|-damage|p2a: Greedent|287/347 brn\n|-damage|p2b: Vileplume|172/278\n|-unboost|p2a: Greedent|spe|1\n|-unboost|p2b: Vileplume|spe|1\n|\n|-damage|p2a: Greedent|266/347 brn|[from] brn\n|upkeep\n|turn|9\n|\n|t:|1771092431\n|move|p1a: Ditto|Pollen Puff|p1b: Pincurchin\n|-heal|p1b: Pincurchin|183/250\n|move|p2b: Vileplume|Strength Sap|p1a: Ditto\n|-unboost|p1a: Ditto|atk|1\n|-heal|p2b: Vileplume|278/278\n|move|p1b: Pincurchin|Electroweb|p2b: Vileplume|[spread] p2a,p2b\n|-resisted|p2b: Vileplume\n|-damage|p2a: Greedent|203/347 brn\n|-damage|p2b: Vileplume|252/278\n|-unboost|p2a: Greedent|spe|1\n|-unboost|p2b: Vileplume|spe|1\n|move|p2a: Greedent|High Horsepower|p1b: Pincurchin\n|-supereffective|p1b: Pincurchin\n|-damage|p1b: Pincurchin|7/250\n|\n|-damage|p2a: Greedent|182/347 brn|[from] brn\n|upkeep\n|turn|10\n|\n|t:|1771092456\n|move|p1a: Ditto|Sludge Bomb|p2b: Vileplume\n|-damage|p2b: Vileplume|134/278\n|move|p1b: Pincurchin|Thunderbolt|p2a: Greedent\n|-damage|p2a: Greedent|46/347 brn\n|-enditem|p2a: Greedent|Sitrus Berry|[eat]\n|-heal|p2a: Greedent|132/347 brn|[from] item: Sitrus Berry\n|-heal|p2a: Greedent|247/347 brn|[from] ability: Cheek Pouch\n|move|p2b: Vileplume|Pollen Puff|p2a: Greedent\n|-heal|p2a: Greedent|347/347 brn\n|move|p2a: Greedent|High Horsepower|p1b: Pincurchin\n|-supereffective|p1b: Pincurchin\n|-damage|p1b: Pincurchin|0 fnt\n|faint|p1b: Pincurchin\n|\n|-damage|p2a: Greedent|326/347 brn|[from] brn\n|upkeep\n|\n|t:|1771092472\n|switch|p1b: Roaring Moon|Roaring Moon, L76|285/285\n|turn|11\n|\n|t:|1771092482\n|move|p1b: Roaring Moon|Dragon Claw|p2b: Vileplume\n|-damage|p2b: Vileplume|47/278\n|move|p1a: Ditto|Strength Sap|p2a: Greedent\n|-unboost|p2a: Greedent|atk|1\n|move|p2b: Vileplume|Strength Sap|p1b: Roaring Moon\n|-fail|p1b: Roaring Moon|unboost|[from] item: Clear Amulet|[of] p1b: Roaring Moon\n|-heal|p2b: Vileplume|278/278\n|move|p2a: Greedent|Knock Off|p1b: Roaring Moon\n|-resisted|p1b: Roaring Moon\n|-damage|p1b: Roaring Moon|232/285\n|-enditem|p1b: Roaring Moon|Clear Amulet|[from] move: Knock Off|[of] p2a: Greedent\n|\n|-damage|p2a: Greedent|305/347 brn|[from] brn\n|upkeep\n|turn|12\n|\n|t:|1771092508\n|move|p1b: Roaring Moon|Dragon Dance|p1b: Roaring Moon\n|-boost|p1b: Roaring Moon|atk|1\n|-boost|p1b: Roaring Moon|spe|1\n|move|p1a: Ditto|Sludge Bomb|p2b: Vileplume\n|-damage|p2b: Vileplume|158/278\n|move|p2b: Vileplume|Stun Spore|p1b: Roaring Moon\n|-status|p1b: Roaring Moon|par\n|move|p2a: Greedent|Swords Dance|p2a: Greedent\n|-boost|p2a: Greedent|atk|2\n|\n|-damage|p2a: Greedent|284/347 brn|[from] brn\n|upkeep\n|turn|13\n|\n|t:|1771092523\n|move|p1b: Roaring Moon|Dragon Dance|p1b: Roaring Moon\n|-boost|p1b: Roaring Moon|atk|1\n|-boost|p1b: Roaring Moon|spe|1\n|move|p1a: Ditto|Sludge Bomb|p2b: Vileplume\n|-damage|p2b: Vileplume|44/278\n|move|p2b: Vileplume|Strength Sap|p1b: Roaring Moon\n|-unboost|p1b: Roaring Moon|atk|1\n|-heal|p2b: Vileplume|278/278\n|move|p2a: Greedent|Double-Edge|p1b: Roaring Moon\n|-damage|p1b: Roaring Moon|0 fnt\n|faint|p1b: Roaring Moon\n|-end|p1b: Roaring Moon|Protosynthesis|[silent]\n|-damage|p2a: Greedent|207/347 brn|[from] Recoil\n|\n|-damage|p2a: Greedent|186/347 brn|[from] brn\n|upkeep\n|\n|t:|1771092530\n|switch|p1b: Palkia|Palkia, L74|255/255\n|turn|14\n|\n|t:|1771092544\n|move|p1b: Palkia|Fire Blast|p2b: Vileplume\n|-supereffective|p2b: Vileplume\n|-damage|p2b: Vileplume|50/278\n|-status|p2b: Vileplume|brn\n|move|p1a: Ditto|Sludge Bomb|p2a: Greedent\n|-damage|p2a: Greedent|39/347 brn\n|move|p2b: Vileplume|Stun Spore|p1b: Palkia\n|-status|p1b: Palkia|par\n|move|p2a: Greedent|Knock Off|p1b: Palkia\n|-damage|p1b: Palkia|125/255 par\n|-enditem|p1b: Palkia|Choice Specs|[from] move: Knock Off|[of] p2a: Greedent\n|\n|-damage|p2b: Vileplume|33/278 brn|[from] brn\n|-damage|p2a: Greedent|18/347 brn|[from] brn\n|upkeep\n|turn|15\n|\n|t:|1771092571\n|move|p1a: Ditto|Pollen Puff|p1b: Palkia\n|-activate|p1b: Palkia|ability: Telepathy\n|move|p1b: Palkia|Spacial Rend|p2b: Vileplume\n|-damage|p2b: Vileplume|0 fnt\n|faint|p2b: Vileplume\n|move|p2a: Greedent|Double-Edge|p1b: Palkia\n|-damage|p1b: Palkia|0 fnt\n|faint|p1b: Palkia\n|-damage|p2a: Greedent|0 fnt|[from] Recoil\n|faint|p2a: Greedent\n|\n|upkeep\n|\n|t:|1771092585\n|switch|p1b: Dusknoir|Dusknoir, L89, M|203/225 par\n|switch|p2b: Pecharunt|Pecharunt, L78|265/265\n|switch|p2a: Skarmory|Skarmory, L85, M|249/249\n|-item|p2a: Skarmory|Leftovers|[from] ability: Frisk|[of] p1b: Dusknoir\n|-item|p2b: Pecharunt|Life Orb|[from] ability: Frisk|[of] p1b: Dusknoir\n|turn|16\n|\n|t:|1771092614\n|-terastallize|p2b: Pecharunt|Dark\n|move|p2b: Pecharunt|Nasty Plot|p2b: Pecharunt\n|-boost|p2b: Pecharunt|spa|2\n|move|p2a: Skarmory|Iron Defense|p2a: Skarmory\n|-boost|p2a: Skarmory|def|2\n|move|p1a: Ditto|Stun Spore|p2a: Skarmory\n|-status|p2a: Skarmory|par\n|move|p1b: Dusknoir|Poltergeist|p2b: Pecharunt\n|-activate|p2b: Pecharunt|move: Poltergeist|Life Orb\n|-resisted|p2b: Pecharunt\n|-damage|p2b: Pecharunt|207/265\n|-damage|p1b: Dusknoir|181/225 par|[from] item: Life Orb\n|\n|upkeep\n|turn|17\n|\n|t:|1771092629\n|switch|p1b: Rhydon|Rhydon, L86, F, tera:Flying|321/321\n|move|p2b: Pecharunt|Shadow Ball|p1b: Rhydon\n|-damage|p1b: Rhydon|134/321\n|-damage|p2b: Pecharunt|181/265|[from] item: Life Orb\n|move|p1a: Ditto|Stun Spore|p2b: Pecharunt\n|-status|p2b: Pecharunt|par\n|cant|p2a: Skarmory|par\n|\n|upkeep\n|turn|18\n|\n|t:|1771092666\n|move|p1a: Ditto|Pollen Puff|p2b: Pecharunt\n|-supereffective|p2b: Pecharunt\n|-damage|p2b: Pecharunt|5/265 par\n|move|p1b: Rhydon|Rock Slide|p2b: Pecharunt|[spread] p2a,p2b\n|-damage|p2a: Skarmory|221/249 par\n|-damage|p2b: Pecharunt|0 fnt\n|faint|p2b: Pecharunt\n|cant|p2a: Skarmory|par\n|\n|-heal|p2a: Skarmory|236/249 par|[from] item: Leftovers\n|upkeep\n|\n|t:|1771092678\n|switch|p2b: Torterra|Torterra, L81, M|287/287\n|turn|19\n|\n|t:|1771092692\n|move|p1a: Ditto|Stun Spore|p2b: Torterra\n|-immune|p2b: Torterra\n|move|p2b: Torterra|Shell Smash|p2b: Torterra\n|-unboost|p2b: Torterra|def|1\n|-unboost|p2b: Torterra|spd|1\n|-boost|p2b: Torterra|atk|2\n|-boost|p2b: Torterra|spa|2\n|-boost|p2b: Torterra|spe|2\n|-enditem|p2b: Torterra|White Herb\n|-clearnegativeboost|p2b: Torterra|[silent]\n|move|p1b: Rhydon|Rock Slide|p2b: Torterra|[spread] p2a,p2b\n|-resisted|p2b: Torterra\n|-damage|p2a: Skarmory|209/249 par\n|-damage|p2b: Torterra|250/287\n|move|p2a: Skarmory|Iron Defense|p2a: Skarmory\n|-boost|p2a: Skarmory|def|2\n|\n|-heal|p2a: Skarmory|224/249 par|[from] item: Leftovers\n|upkeep\n|turn|20\n|\n|t:|1771092717\n|move|p2b: Torterra|Rock Slide|p1b: Rhydon|[spread] \n|-miss|p2b: Torterra|p1a: Ditto\n|-miss|p2b: Torterra|p1b: Rhydon\n|move|p1a: Ditto|Pollen Puff|p2b: Torterra\n|-supereffective|p2b: Torterra\n|-damage|p2b: Torterra|84/287\n|move|p1b: Rhydon|Rock Slide|p2a: Skarmory|[spread] p2a,p2b\n|-resisted|p2b: Torterra\n|-damage|p2a: Skarmory|205/249 par\n|-damage|p2b: Torterra|48/287\n|move|p2a: Skarmory|Iron Defense|p2a: Skarmory\n|-boost|p2a: Skarmory|def|2\n|\n|-heal|p2a: Skarmory|220/249 par|[from] item: Leftovers\n|upkeep\n|turn|21\n|\n|t:|1771092742\n|move|p2b: Torterra|Rock Slide|p1b: Rhydon|[spread] p1a,p1b\n|-supereffective|p1b: Rhydon\n|-damage|p1a: Ditto|175/250\n|-damage|p1b: Rhydon|48/321\n|move|p1a: Ditto|Pollen Puff|p2b: Torterra\n|-supereffective|p2b: Torterra\n|-damage|p2b: Torterra|0 fnt\n|faint|p2b: Torterra\n|cant|p1b: Rhydon|flinch\n|cant|p2a: Skarmory|par\n|\n|-heal|p2a: Skarmory|235/249 par|[from] item: Leftovers\n|upkeep\n|\n|t:|1771092750\n|switch|p2b: Annihilape|Annihilape, L77, F, shiny|296/296\n|turn|22\n|\n|t:|1771092764\n|move|p1b: Rhydon|Protect|p1b: Rhydon\n|-singleturn|p1b: Rhydon|Protect\n|move|p2b: Annihilape|Bulk Up|p2b: Annihilape\n|-boost|p2b: Annihilape|atk|1\n|-boost|p2b: Annihilape|def|1\n|move|p1a: Ditto|Stun Spore|p2b: Annihilape\n|-status|p2b: Annihilape|par\n|move|p2a: Skarmory|Body Press|p1b: Rhydon\n|-activate|p1b: Rhydon|move: Protect\n|\n|-heal|p2a: Skarmory|249/249 par|[from] item: Leftovers\n|upkeep\n|turn|23\n|\n|t:|1771092780\n|move|p1a: Ditto|Sludge Bomb|p2b: Annihilape\n|-resisted|p2b: Annihilape\n|-damage|p2b: Annihilape|222/296 par\n|move|p1b: Rhydon|High Horsepower|p1a: Ditto\n|-damage|p1a: Ditto|43/250\n|-status|p1b: Rhydon|par|[from] ability: Effect Spore|[of] p1a: Ditto\n|move|p2b: Annihilape|Bulk Up|p2b: Annihilape\n|-boost|p2b: Annihilape|atk|1\n|-boost|p2b: Annihilape|def|1\n|cant|p2a: Skarmory|par\n|\n|-heal|p2b: Annihilape|240/296 par|[from] item: Leftovers\n|upkeep\n|turn|24\n|\n|t:|1771092797\n|-activate|p1a: Ditto|move: Struggle\n|move|p1a: Ditto|Struggle|p2a: Skarmory\n|-damage|p2a: Skarmory|245/249 par\n|-damage|p1a: Ditto|0 fnt|[from] recoil\n|faint|p1a: Ditto\n|move|p2b: Annihilape|Rage Fist|p1b: Rhydon\n|-damage|p1b: Rhydon|0 fnt\n|faint|p1b: Rhydon\n|move|p2a: Skarmory|Brave Bird|p1: Ditto|[notarget]\n|-fail|p2a: Skarmory\n|\n|-heal|p2b: Annihilape|258/296 par|[from] item: Leftovers\n|-heal|p2a: Skarmory|249/249 par|[from] item: Leftovers\n|upkeep\n|\n|t:|1771092804\n|switch|p1b: Dusknoir|Dusknoir, L89, M|181/225 par\n|-item|p2a: Skarmory|Leftovers|[from] ability: Frisk|[of] p1b: Dusknoir\n|-item|p2b: Annihilape|Leftovers|[from] ability: Frisk|[of] p1b: Dusknoir\n|turn|25\n|\n|t:|1771092817\n|move|p2b: Annihilape|Rage Fist|p1b: Dusknoir\n|-supereffective|p1b: Dusknoir\n|-damage|p1b: Dusknoir|0 fnt\n|faint|p1b: Dusknoir\n|\n|win|Taxxed_Nerd\n|raw|adwilson's rating: 1541 &rarr; <strong>1518</strong><br />(-23 for losing)\n|raw|Taxxed_Nerd's rating: 1485 &rarr; <strong>1508</strong><br />(+23 for winning)\n|l|☆adwilson\n|player|p1|\n", "inputlog": ">version ccdc32dd7cde25fd9e4bed64820e885f66e78a4e\n>start {\"formatid\":\"gen9randomdoublesbattle\",\"seed\":\"sodium,b4665d38f7972040fac69008a247b5a5\",\"rated\":\"Rated battle\"}\n>player p1 {\"name\":\"adwilson\",\"avatar\":\"101\",\"rating\":1541,\"seed\":\"sodium,5ab2b98e64122e24d519d83dbe04a1c2\"}\n>player p2 {\"name\":\"Taxxed_Nerd\",\"avatar\":\"collector\",\"rating\":1485,\"seed\":\"sodium,2b56d79830f8cf13cee06ef67cd4a246\"}\n>p1 move rockslide terastallize, move leechlife +2\n>p2 move swordsdance, move stunspore +2\n>p1 move rockslide, move leechlife +2\n>p2 move knockoff +2, move strengthsap +1\n>p1 switch 3, switch 5\n>p2 move knockoff +2, move stunspore +1\n>p1 move strengthsap +1, move recover\n>p2 move highhorsepower +2, move pollenpuff -1\n>p1 move strengthsap +1, move recover\n>p2 move swordsdance, move sludgebomb +1\n>p1 move stunspore +1, move scald +1\n>p2 move swordsdance, move sludgebomb +1\n>p1 move strengthsap +1, move scald +1\n>p2 move highhorsepower +2, move pollenpuff -1\n>p1 move strengthsap +1, move electroweb\n>p2 move swordsdance, move pollenpuff -1\n>p1 move pollenpuff -2, move electroweb\n>p2 move highhorsepower +2, move strengthsap +1\n>p1 move sludgebomb +2, move thunderbolt +1\n>p2 move highhorsepower +2, move pollenpuff -1\n>p1 pass, switch 4\n>p1 move strengthsap +1, move dragonclaw +2\n>p2 move knockoff +2, move strengthsap +2\n>p1 move sludgebomb +2, move dragondance\n>p2 move swordsdance, move stunspore +2\n>p1 move sludgebomb +2, move dragondance\n>p2 move doubleedge +2, move strengthsap +2\n>p1 pass, switch 6\n>p1 move sludgebomb +1, move fireblast +2\n>p2 move knockoff +2, move stunspore +2\n>p1 move pollenpuff -2, move spacialrend +2\n>p2 move doubleedge +2, move strengthsap +2\n>p1 pass, switch 5\n>p2 switch 4, switch 6\n>p1 move stunspore +1, move poltergeist +2\n>p2 move irondefense, move nastyplot terastallize\n>p1 move stunspore +2, switch 3\n>p2 move irondefense, move shadowball +2\n>p1 move pollenpuff +2, move rockslide\n>p2 move irondefense, move recover\n>p2 pass, switch 3\n>p1 move stunspore +2, move rockslide\n>p2 move irondefense, move shellsmash\n>p1 move pollenpuff +2, move rockslide\n>p2 move irondefense, move rockslide\n>p1 move pollenpuff +2, move rockslide\n>p2 move bodypress +1, move rockslide\n>p2 pass, switch 5\n>p1 move stunspore +2, move protect\n>p2 move bodypress +2, move bulkup\n>p1 move sludgebomb +2, move highhorsepower -1\n>p2 move bodypress +2, move bulkup\n>p1 move struggle, move rockslide\n>p2 move bravebird +1, move ragefist +2\n>p1 pass, switch 3\n>p1 pass, move poltergeist +2\n>p2 move bravebird +2, move ragefist +2", "uploadtime": 1771092823, "views": 70, "formatid": "gen9randomdoublesbattle", "rating": 1508, "private": 0, "password": null}