{"id": "gen9randomdoublesbattle-2534530134", "format": "[Gen 9] Random Doubles Battle", "players": ["mvomastek10", "Dw14"], "log": "|j|☆mvomastek10\n|j|☆Dw14\n|t:|1770432931\n|gametype|doubles\n|player|p1|mvomastek10|2|1552\n|player|p2|Dw14|169|1623\n|gen|9\n|tier|[Gen 9] Random Doubles Battle\n|rated|\n|rule|Species Clause: Limit one of each Pokémon\n|rule|HP Percentage Mod: HP is shown in percentages\n|rule|Illusion Level Mod: Illusion disguises the Pokémon's true level\n|rule|Sleep Clause Mod: Limit one foe put to sleep\n|\n|t:|1770432931\n|teamsize|p1|6\n|teamsize|p2|6\n|start\n|switch|p1a: Gliscor|Gliscor, L81, F|254/254\n|switch|p1b: Duraludon|Duraludon, L83, M|252/252\n|switch|p2a: Garchomp|Garchomp, L77, F|293/293\n|switch|p2b: Hydreigon|Hydreigon, L82, F|285/285\n|turn|1\n|inactive|Battle timer is ON: inactive players will automatically lose when time's up. (requested by mvomastek10)\n|\n|t:|1770432958\n|move|p1a: Gliscor|Protect|p1a: Gliscor\n|-singleturn|p1a: Gliscor|Protect\n|move|p2b: Hydreigon|Heat Wave|p1a: Gliscor|[spread] p1b\n|-activate|p1a: Gliscor|move: Protect\n|-damage|p1b: Duraludon|173/252\n|move|p2a: Garchomp|Swords Dance|p2a: Garchomp\n|-boost|p2a: Garchomp|atk|2\n|move|p1b: Duraludon|Draco Meteor|p2a: Garchomp\n|-supereffective|p2a: Garchomp\n|-damage|p2a: Garchomp|0 fnt\n|-unboost|p1b: Duraludon|spa|2\n|faint|p2a: Garchomp\n|\n|-status|p1a: Gliscor|tox|[from] item: Toxic Orb\n|upkeep\n|\n|t:|1770432980\n|switch|p2a: Vileplume|Vileplume, L89, M|278/278\n|turn|2\n|\n|t:|1770433007\n|move|p2b: Hydreigon|Heat Wave|p1b: Duraludon|[spread] p1a,p1b\n|-damage|p1a: Gliscor|158/254 tox\n|-damage|p1b: Duraludon|85/252\n|move|p1a: Gliscor|Facade|p2b: Hydreigon\n|-damage|p2b: Hydreigon|186/285\n|move|p1b: Duraludon|Body Press|p2b: Hydreigon\n|-supereffective|p2b: Hydreigon\n|-damage|p2b: Hydreigon|56/285\n|move|p2a: Vileplume|Stun Spore|p1b: Duraludon|[miss]\n|-miss|p2a: Vileplume|p1b: Duraludon\n|\n|-heal|p1a: Gliscor|189/254 tox|[from] ability: Poison Heal\n|upkeep\n|turn|3\n|inactive|mvomastek10 has 120 seconds left.\n|\n|t:|1770433041\n|switch|p1b: Cresselia|Cresselia, L80, F|323/323\n|move|p2b: Hydreigon|Heat Wave|p1b: Cresselia|[spread] p1a,p1b\n|-damage|p1a: Gliscor|87/254 tox\n|-damage|p1b: Cresselia|254/323\n|move|p1a: Gliscor|Earthquake|p2b: Hydreigon|[spread] p2a\n|-immune|p1b: Cresselia|[from] ability: Levitate\n|-immune|p2b: Hydreigon|[from] ability: Levitate\n|-damage|p2a: Vileplume|205/278\n|move|p2a: Vileplume|Strength Sap|p1a: Gliscor\n|-unboost|p1a: Gliscor|atk|1\n|-heal|p2a: Vileplume|278/278\n|\n|-heal|p1a: Gliscor|118/254 tox|[from] ability: Poison Heal\n|upkeep\n|turn|4\n|\n|t:|1770433064\n|move|p1a: Gliscor|Protect|p1a: Gliscor\n|-singleturn|p1a: Gliscor|Protect\n|move|p2b: Hydreigon|Heat Wave|p1b: Cresselia|[spread] p1b\n|-activate|p1a: Gliscor|move: Protect\n|-damage|p1b: Cresselia|184/323\n|move|p1b: Cresselia|Icy Wind|p2b: Hydreigon|[spread] p2a,p2b\n|-supereffective|p2a: Vileplume\n|-supereffective|p2b: Hydreigon\n|-damage|p2a: Vileplume|238/278\n|-damage|p2b: Hydreigon|10/285\n|-unboost|p2a: Vileplume|spe|1\n|-unboost|p2b: Hydreigon|spe|1\n|move|p2a: Vileplume|Pollen Puff|p1b: Cresselia\n|-supereffective|p1b: Cresselia\n|-damage|p1b: Cresselia|56/323\n|-enditem|p1b: Cresselia|Sitrus Berry|[eat]\n|-heal|p1b: Cresselia|136/323|[from] item: Sitrus Berry\n|\n|-heal|p1a: Gliscor|149/254 tox|[from] ability: Poison Heal\n|upkeep\n|turn|5\n|inactive|mvomastek10 has 120 seconds left.\n|inactive|Dw14 has 120 seconds left.\n|\n|t:|1770433101\n|switch|p2b: Blissey|Blissey, L96, F|645/645\n|move|p1a: Gliscor|Facade|p2b: Blissey\n|-damage|p2b: Blissey|482/645\n|move|p1b: Cresselia|Lunar Blessing|p1b: Cresselia|[spread] p1a,p1b\n|-heal|p1a: Gliscor|212/254 tox\n|-curestatus|p1a: Gliscor|tox|[msg]\n|-heal|p1b: Cresselia|217/323\n|move|p2a: Vileplume|Pollen Puff|p1b: Cresselia\n|-supereffective|p1b: Cresselia\n|-damage|p1b: Cresselia|93/323\n|\n|-status|p1a: Gliscor|tox|[from] item: Toxic Orb\n|upkeep\n|turn|6\n|inactive|Dw14 has 120 seconds left.\n|\n|t:|1770433125\n|move|p1a: Gliscor|Swords Dance|p1a: Gliscor\n|-boost|p1a: Gliscor|atk|2\n|move|p1b: Cresselia|Psychic|p2a: Vileplume\n|-supereffective|p2a: Vileplume\n|-damage|p2a: Vileplume|94/278\n|-enditem|p2a: Vileplume|Sitrus Berry|[eat]\n|-heal|p2a: Vileplume|163/278|[from] item: Sitrus Berry\n|move|p2b: Blissey|Hyper Voice|p1b: Cresselia|[spread] p1a,p1b\n|-damage|p1a: Gliscor|130/254 tox\n|-damage|p1b: Cresselia|26/323\n|move|p2a: Vileplume|Pollen Puff|p1b: Cresselia\n|-supereffective|p1b: Cresselia\n|-damage|p1b: Cresselia|0 fnt\n|faint|p1b: Cresselia\n|\n|-heal|p1a: Gliscor|161/254 tox|[from] ability: Poison Heal\n|upkeep\n|inactive|mvomastek10 has 120 seconds left.\n|\n|t:|1770433154\n|switch|p1b: Magcargo|Magcargo, L93, M|262/262\n|turn|7\n|inactive|mvomastek10 has 120 seconds left.\n|\n|t:|1770433183\n|-terastallize|p2a: Vileplume|Water\n|move|p1a: Gliscor|Facade|p2b: Blissey\n|-damage|p2b: Blissey|109/645\n|-enditem|p2b: Blissey|Sitrus Berry|[eat]\n|-heal|p2b: Blissey|270/645|[from] item: Sitrus Berry\n|move|p2b: Blissey|Thunder Wave|p1b: Magcargo\n|-status|p1b: Magcargo|par\n|move|p2a: Vileplume|Strength Sap|p1a: Gliscor\n|-unboost|p1a: Gliscor|atk|1\n|-heal|p2a: Vileplume|278/278\n|move|p1b: Magcargo|Shell Smash|p1b: Magcargo\n|-unboost|p1b: Magcargo|def|1\n|-unboost|p1b: Magcargo|spd|1\n|-boost|p1b: Magcargo|atk|2\n|-boost|p1b: Magcargo|spa|2\n|-boost|p1b: Magcargo|spe|2\n|\n|-heal|p1a: Gliscor|192/254 tox|[from] ability: Poison Heal\n|upkeep\n|turn|8\n|inactive|mvomastek10 has 120 seconds left.\n|inactive|Dw14 has 120 seconds left.\n|\n|t:|1770433221\n|cant|p1b: Magcargo|par\n|move|p1a: Gliscor|Earthquake|p2b: Blissey|[spread] p1b,p2a,p2b\n|-supereffective|p1b: Magcargo\n|-damage|p1b: Magcargo|0 fnt\n|-damage|p2a: Vileplume|211/278\n|-damage|p2b: Blissey|87/645\n|faint|p1b: Magcargo\n|move|p2b: Blissey|Hyper Voice|p1a: Gliscor\n|-damage|p1a: Gliscor|63/254 tox\n|move|p2a: Vileplume|Strength Sap|p1a: Gliscor\n|-unboost|p1a: Gliscor|atk|1\n|-heal|p2a: Vileplume|278/278\n|\n|-heal|p1a: Gliscor|94/254 tox|[from] ability: Poison Heal\n|upkeep\n|inactive|mvomastek10 has 90 seconds left.\n|\n|t:|1770433250\n|switch|p1b: Duraludon|Duraludon, L83, M|85/252\n|turn|9\n|\n|t:|1770433261\n|move|p1a: Gliscor|Protect|p1a: Gliscor\n|-singleturn|p1a: Gliscor|Protect\n|move|p1b: Duraludon|Body Press|p2b: Blissey\n|-supereffective|p2b: Blissey\n|-damage|p2b: Blissey|0 fnt\n|faint|p2b: Blissey\n|move|p2a: Vileplume|Stun Spore|p1b: Duraludon|[miss]\n|-miss|p2a: Vileplume|p1b: Duraludon\n|\n|-heal|p1a: Gliscor|125/254 tox|[from] ability: Poison Heal\n|upkeep\n|\n|t:|1770433275\n|switch|p2b: Hydreigon|Hydreigon, L82, F|10/285\n|turn|10\n|inactive|mvomastek10 has 120 seconds left.\n|\n|t:|1770433316\n|switch|p1a: Houndstone|Houndstone, L73, M|226/226\n|move|p2b: Hydreigon|Heat Wave|p1b: Duraludon|[spread] p1a,p1b\n|-damage|p1a: Houndstone|44/226\n|-damage|p1b: Duraludon|2/252\n|-status|p1b: Duraludon|brn\n|move|p1b: Duraludon|Body Press|p2b: Hydreigon\n|-supereffective|p2b: Hydreigon\n|-damage|p2b: Hydreigon|0 fnt\n|faint|p2b: Hydreigon\n|move|p2a: Vileplume|Strength Sap|p1a: Houndstone\n|-unboost|p1a: Houndstone|atk|1\n|\n|-damage|p1b: Duraludon|0 fnt|[from] brn\n|faint|p1b: Duraludon\n|upkeep\n|inactive|mvomastek10 has 90 seconds left.\n|inactive|Dw14 has 120 seconds left.\n|\n|t:|1770433350\n|switch|p2b: Terapagos|Terapagos, L73, F|252/252\n|switch|p1b: Excadrill|Excadrill, L82, F|315/315\n|-activate|p2b: Terapagos|ability: Tera Shift\n|detailschange|p2b: Terapagos|Terapagos-Terastal, L73, F\n|-heal|p2b: Terapagos|259/259|[silent]\n|-ability|p1b: Excadrill|Mold Breaker\n|turn|11\n|inactive|mvomastek10 has 90 seconds left.\n|inactive|Dw14 has 120 seconds left.\n|\n|t:|1770433378\n|move|p1a: Houndstone|Last Respects|p2a: Vileplume\n|-damage|p2a: Vileplume|166/278\n|move|p1b: Excadrill|Swords Dance|p1b: Excadrill\n|-boost|p1b: Excadrill|atk|2\n|move|p2b: Terapagos|Dark Pulse|p1a: Houndstone\n|-supereffective|p1a: Houndstone\n|-damage|p1a: Houndstone|0 fnt\n|faint|p1a: Houndstone\n|move|p2a: Vileplume|Stun Spore|p1b: Excadrill\n|-status|p1b: Excadrill|par\n|\n|upkeep\n|\n|t:|1770433389\n|switch|p1a: Gliscor|Gliscor, L81, F|125/254 tox\n|turn|12\n|inactive|mvomastek10 has 90 seconds left.\n|inactive|Dw14 has 120 seconds left.\n|\n|t:|1770433430\n|move|p1a: Gliscor|Facade|p2a: Vileplume\n|-damage|p2a: Vileplume|72/278\n|move|p2b: Terapagos|Dark Pulse|p1a: Gliscor\n|-damage|p1a: Gliscor|43/254 tox\n|move|p1b: Excadrill|High Horsepower|p2a: Vileplume\n|-damage|p2a: Vileplume|0 fnt\n|faint|p2a: Vileplume\n|-damage|p1b: Excadrill|284/315 par|[from] item: Life Orb\n|\n|-heal|p1a: Gliscor|74/254 tox|[from] ability: Poison Heal\n|upkeep\n|\n|t:|1770433439\n|switch|p2a: Pawmot|Pawmot, L80, M|243/243\n|turn|13\n|\n|t:|1770433451\n|move|p1a: Gliscor|Protect|p1a: Gliscor\n|-singleturn|p1a: Gliscor|Protect\n|move|p2a: Pawmot|Revival Blessing|p2a: Pawmot\n|\n|t:|1770433456\n|-heal|p2: Hydreigon|142/285|[from] move: Revival Blessing\n|move|p2b: Terapagos|Dark Pulse|p1a: Gliscor\n|-activate|p1a: Gliscor|move: Protect\n|move|p1b: Excadrill|High Horsepower|p2a: Pawmot\n|-supereffective|p2a: Pawmot\n|-damage|p2a: Pawmot|0 fnt\n|faint|p2a: Pawmot\n|-damage|p1b: Excadrill|253/315 par|[from] item: Life Orb\n|\n|-heal|p1a: Gliscor|105/254 tox|[from] ability: Poison Heal\n|upkeep\n|\n|t:|1770433462\n|switch|p2a: Hydreigon|Hydreigon, L82, F|142/285\n|turn|14\n|inactive|mvomastek10 has 120 seconds left.\n|\n|t:|1770433488\n|move|p2a: Hydreigon|Heat Wave|p1b: Excadrill|[spread] p1a,p1b\n|-supereffective|p1b: Excadrill\n|-damage|p1a: Gliscor|8/254 tox\n|-damage|p1b: Excadrill|35/315 par\n|move|p1a: Gliscor|Facade|p2a: Hydreigon\n|-damage|p2a: Hydreigon|55/285\n|move|p2b: Terapagos|Dark Pulse|p1a: Gliscor\n|-damage|p1a: Gliscor|0 fnt\n|faint|p1a: Gliscor\n|move|p1b: Excadrill|High Horsepower|p2b: Terapagos\n|-damage|p2b: Terapagos|0 fnt\n|faint|p2b: Terapagos\n|-damage|p1b: Excadrill|4/315 par|[from] item: Life Orb\n|\n|upkeep\n|turn|15\n|\n|t:|1770433504\n|move|p2a: Hydreigon|Heat Wave|p1b: Excadrill\n|-supereffective|p1b: Excadrill\n|-damage|p1b: Excadrill|0 fnt\n|faint|p1b: Excadrill\n|\n|win|Dw14\n|raw|mvomastek10's rating: 1552 &rarr; <strong>1536</strong><br />(-16 for losing)\n|raw|Dw14's rating: 1623 &rarr; <strong>1639</strong><br />(+16 for winning)\n|c|☆Dw14|Gg\n|l|☆mvomastek10\n|player|p1|\n", "inputlog": ">version ccdc32dd7cde25fd9e4bed64820e885f66e78a4e\n>start {\"formatid\":\"gen9randomdoublesbattle\",\"seed\":\"sodium,f4a41710d34a941d2e72a10eea7d5672\",\"rated\":\"Rated battle\"}\n>player p1 {\"name\":\"mvomastek10\",\"avatar\":\"2\",\"rating\":1552,\"seed\":\"sodium,b4875c7b8e5e55334353aceeaa5beb2e\"}\n>player p2 {\"name\":\"Dw14\",\"avatar\":\"169\",\"rating\":1623,\"seed\":\"sodium,6f2907ff31c5920690b4b9e15b23f038\"}\n>p1 move protect, move dracometeor +1\n>p2 move swordsdance, move heatwave\n>p2 switch 5, pass\n>p1 move facade +2, move bodypress +2\n>p2 move stunspore +2, move heatwave\n>p1 move earthquake, switch 5\n>p2 move strengthsap +1, move heatwave\n>p1 move protect, move icywind\n>p2 move pollenpuff +2, move heatwave\n>p1 move facade +2, move lunarblessing\n>p2 move pollenpuff +2, switch 3\n>p1 move swordsdance, move psychic +1\n>p2 move pollenpuff +2, move hypervoice\n>p1 pass, switch 4\n>p1 move facade +2, move shellsmash\n>p2 move strengthsap +1 terastallize, move thunderwave +2\n>p1 move earthquake, move protect\n>p2 move strengthsap +1, move hypervoice\n>p1 pass, switch 5\n>p1 move protect, move bodypress +2\n>p2 move stunspore +2, move hypervoice\n>p2 pass, switch 3\n>p1 switch 6, move bodypress +2\n>p2 move strengthsap +1, move heatwave\n>p1 pass, switch 3\n>p2 pass, switch 6\n>p1 move lastrespects +1, move swordsdance\n>p2 move stunspore +2, move darkpulse +1\n>p1 switch 6, pass\n>p1 move facade +1, move highhorsepower +1\n>p2 move sludgebomb +1, move darkpulse +1\n>p2 switch 4, pass\n>p1 move protect, move highhorsepower +1\n>p2 move revivalblessing, move darkpulse +1\n>p2 switch 6, pass\n>p2 switch 6, pass\n>p1 move facade +1, move highhorsepower +2\n>p2 move heatwave, move darkpulse +1\n>p1 pass, move ironhead +1\n>p2 move heatwave, pass", "uploadtime": 1770433518, "views": 91, "formatid": "gen9randomdoublesbattle", "rating": 1536, "private": 0, "password": null}