{"id": "gen9randomdoublesbattle-2537931013", "format": "[Gen 9] Random Doubles Battle", "players": ["tellingbone", "Laikai"], "log": "|j|☆tellingbone\n|j|☆Laikai\n|t:|1770865205\n|gametype|doubles\n|player|p1|tellingbone|169|1727\n|player|p2|Laikai|n|1705\n|gen|9\n|tier|[Gen 9] Random Doubles Battle\n|rated|\n|rule|Species Clause: Limit one of each Pokémon\n|rule|HP Percentage Mod: HP is shown in percentages\n|rule|Illusion Level Mod: Illusion disguises the Pokémon's true level\n|rule|Sleep Clause Mod: Limit one foe put to sleep\n|\n|t:|1770865205\n|teamsize|p1|6\n|teamsize|p2|6\n|start\n|switch|p1a: Porygon-Z|Porygon-Z, L84|280/280\n|switch|p1b: Salamence|Salamence, L80, F|283/283\n|switch|p2a: Indeedee|Indeedee-F, L91, F|275/275\n|switch|p2b: Tauros|Tauros-Paldea-Blaze, L79, M|248/248\n|-fieldstart|move: Psychic Terrain|[from] ability: Psychic Surge|[of] p2a: Indeedee\n|-ability|p1b: Salamence|Intimidate|boost\n|-unboost|p2a: Indeedee|atk|1\n|-unboost|p2b: Tauros|atk|1\n|-ability|p2b: Tauros|Intimidate|boost\n|-unboost|p1a: Porygon-Z|atk|1\n|-unboost|p1b: Salamence|atk|1\n|turn|1\n|\n|t:|1770865224\n|move|p2a: Indeedee|Follow Me|p2a: Indeedee\n|-singleturn|p2a: Indeedee|move: Follow Me\n|move|p1b: Salamence|Draco Meteor|p2a: Indeedee\n|-damage|p2a: Indeedee|139/275\n|-unboost|p1b: Salamence|spa|2\n|-damage|p1b: Salamence|255/283|[from] item: Life Orb\n|move|p2b: Tauros|Will-O-Wisp|p1b: Salamence\n|-status|p1b: Salamence|brn\n|move|p1a: Porygon-Z|Tri Attack|p2a: Indeedee\n|-damage|p2a: Indeedee|0 fnt\n|faint|p2a: Indeedee\n|\n|-damage|p1b: Salamence|238/283 brn|[from] brn\n|upkeep\n|inactive|Battle timer is ON: inactive players will automatically lose when time's up. (requested by tellingbone)\n|\n|t:|1770865257\n|switch|p2a: Donphan|Donphan, L87, F|298/298\n|turn|2\n|\n|t:|1770865271\n|switch|p1b: Bruxish|Bruxish, L86, F|257/257\n|switch|p2b: Banette|Banette, L94, M|273/273\n|-item|p1a: Porygon-Z|Choice Specs|[from] ability: Frisk|[of] p2b: Banette\n|-item|p1b: Bruxish|Life Orb|[from] ability: Frisk|[of] p2b: Banette\n|switch|p1a: Clefable|Clefable, L87, M|307/307\n|move|p2a: Donphan|Knock Off|p1a: Clefable\n|-resisted|p1a: Clefable\n|-damage|p1a: Clefable|262/307\n|-enditem|p1a: Clefable|Sitrus Berry|[from] move: Knock Off|[of] p2a: Donphan\n|\n|upkeep\n|turn|3\n|inactive|tellingbone has 120 seconds left.\n|\n|t:|1770865303\n|move|p2b: Banette|Protect|p2b: Banette\n|-singleturn|p2b: Banette|Protect\n|move|p1b: Bruxish|Psychic Fangs|p2b: Banette\n|-activate|p2b: Banette|move: Protect\n|move|p1a: Clefable|Icy Wind|p2b: Banette|[spread] p2a\n|-activate|p2b: Banette|move: Protect\n|-supereffective|p2a: Donphan\n|-damage|p2a: Donphan|244/298\n|-unboost|p2a: Donphan|spe|1\n|move|p2a: Donphan|Knock Off|p1b: Bruxish\n|-supereffective|p1b: Bruxish\n|-damage|p1b: Bruxish|55/257\n|-enditem|p1b: Bruxish|Life Orb|[from] move: Knock Off|[of] p2a: Donphan\n|\n|upkeep\n|turn|4\n|\n|t:|1770865319\n|move|p1b: Bruxish|Protect|p1b: Bruxish\n|-singleturn|p1b: Bruxish|Protect\n|move|p2b: Banette|Gunk Shot|p1a: Clefable\n|-supereffective|p1a: Clefable\n|-damage|p1a: Clefable|0 fnt\n|faint|p1a: Clefable\n|-damage|p2b: Banette|246/273|[from] item: Life Orb\n|move|p2a: Donphan|Knock Off|p1b: Bruxish\n|-activate|p1b: Bruxish|move: Protect\n|\n|upkeep\n|\n|t:|1770865325\n|switch|p1a: Iron Boulder|Iron Boulder, L77|265/265\n|-enditem|p1a: Iron Boulder|Booster Energy\n|-activate|p1a: Iron Boulder|ability: Quark Drive|[fromitem]\n|-start|p1a: Iron Boulder|quarkdrivespe\n|turn|5\n|\n|t:|1770865342\n|switch|p2a: Tauros|Tauros-Paldea-Blaze, L79, M|248/248\n|-ability|p2a: Tauros|Intimidate|boost\n|-unboost|p1a: Iron Boulder|atk|1\n|-unboost|p1b: Bruxish|atk|1\n|move|p2b: Banette|Protect|p2b: Banette\n|-singleturn|p2b: Banette|Protect\n|move|p1a: Iron Boulder|Swords Dance|p1a: Iron Boulder\n|-boost|p1a: Iron Boulder|atk|2\n|move|p1b: Bruxish|Crunch|p2b: Banette\n|-activate|p2b: Banette|move: Protect\n|\n|-fieldend|move: Psychic Terrain\n|upkeep\n|turn|6\n|\n|t:|1770865358\n|move|p2a: Tauros|Protect|p2a: Tauros\n|-singleturn|p2a: Tauros|Protect\n|move|p2b: Banette|Shadow Sneak|p1a: Iron Boulder\n|-supereffective|p1a: Iron Boulder\n|-damage|p1a: Iron Boulder|67/265\n|-damage|p2b: Banette|219/273|[from] item: Life Orb\n|move|p1a: Iron Boulder|Mighty Cleave|p2a: Tauros\n|-damage|p2a: Tauros|98/248\n|-enditem|p2a: Tauros|Sitrus Berry|[eat]\n|-heal|p2a: Tauros|160/248|[from] item: Sitrus Berry\n|move|p1b: Bruxish|Crunch|p2b: Banette\n|-supereffective|p2b: Banette\n|-damage|p2b: Banette|77/273\n|\n|upkeep\n|turn|7\n|\n|t:|1770865379\n|move|p2b: Banette|Shadow Sneak|p1a: Iron Boulder\n|-supereffective|p1a: Iron Boulder\n|-damage|p1a: Iron Boulder|0 fnt\n|faint|p1a: Iron Boulder\n|-end|p1a: Iron Boulder|Quark Drive|[silent]\n|-damage|p2b: Banette|50/273|[from] item: Life Orb\n|move|p1b: Bruxish|Crunch|p2b: Banette\n|-supereffective|p2b: Banette\n|-damage|p2b: Banette|0 fnt\n|faint|p2b: Banette\n|move|p2a: Tauros|Close Combat|p1b: Bruxish\n|-resisted|p1b: Bruxish\n|-damage|p1b: Bruxish|0 fnt\n|-unboost|p2a: Tauros|def|1\n|-unboost|p2a: Tauros|spd|1\n|faint|p1b: Bruxish\n|\n|upkeep\n|inactive|Laikai has 120 seconds left.\n|\n|t:|1770865406\n|switch|p1a: Salamence|Salamence, L80, F|238/283 brn\n|switch|p1b: Porygon-Z|Porygon-Z, L84|280/280\n|switch|p2b: Donphan|Donphan, L87, F|244/298\n|-ability|p1a: Salamence|Intimidate|boost\n|-unboost|p2a: Tauros|atk|1\n|-unboost|p2b: Donphan|atk|1\n|turn|8\n|inactive|Laikai has 120 seconds left.\n|\n|t:|1770865432\n|switch|p2a: Mesprit|Mesprit, L86|278/278\n|switch|p2b: Gumshoos|Gumshoos, L93, F|315/315\n|move|p1a: Salamence|Draco Meteor|p2a: Mesprit\n|-damage|p2a: Mesprit|134/278\n|-unboost|p1a: Salamence|spa|2\n|-damage|p1a: Salamence|210/283 brn|[from] item: Life Orb\n|move|p1b: Porygon-Z|Tri Attack|p2b: Gumshoos\n|-damage|p2b: Gumshoos|49/315\n|\n|-damage|p1a: Salamence|193/283 brn|[from] brn\n|upkeep\n|turn|9\n|inactive|Laikai has 120 seconds left.\n|\n|t:|1770865460\n|switch|p2b: Donphan|Donphan, L87, F|244/298\n|move|p1a: Salamence|Dual Wingbeat|p2b: Donphan\n|-damage|p2b: Donphan|217/298\n|-damage|p2b: Donphan|190/298\n|-hitcount|p2b: Donphan|2\n|-damage|p1a: Salamence|165/283 brn|[from] item: Life Orb\n|move|p1b: Porygon-Z|Tri Attack|p2a: Mesprit\n|-damage|p2a: Mesprit|0 fnt\n|faint|p2a: Mesprit\n|\n|-damage|p1a: Salamence|148/283 brn|[from] brn\n|upkeep\n|inactive|Laikai has 120 seconds left.\n|\n|t:|1770865474\n|switch|p2a: Tauros|Tauros-Paldea-Blaze, L79, M|160/248\n|-ability|p2a: Tauros|Intimidate|boost\n|-unboost|p1a: Salamence|atk|1\n|-unboost|p1b: Porygon-Z|atk|1\n|turn|10\n|\n|t:|1770865484\n|switch|p1a: Coalossal|Coalossal, L90, M|344/344\n|-terastallize|p1b: Porygon-Z|Ghost\n|move|p2a: Tauros|Protect|p2a: Tauros\n|-singleturn|p2a: Tauros|Protect\n|move|p1b: Porygon-Z|Tri Attack|p2b: Donphan\n|-damage|p2b: Donphan|52/298\n|move|p2b: Donphan|Knock Off|p1b: Porygon-Z\n|-supereffective|p1b: Porygon-Z\n|-damage|p1b: Porygon-Z|72/280\n|-enditem|p1b: Porygon-Z|Choice Specs|[from] move: Knock Off|[of] p2b: Donphan\n|\n|upkeep\n|turn|11\n|inactive|Laikai has 120 seconds left.\n|\n|t:|1770865529\n|switch|p1b: Salamence|Salamence, L80, F|148/283 brn\n|-ability|p1b: Salamence|Intimidate|boost\n|-unboost|p2a: Tauros|atk|1\n|-unboost|p2b: Donphan|atk|1\n|move|p2a: Tauros|Raging Bull|p1b: Salamence\n|-resisted|p1b: Salamence\n|-damage|p1b: Salamence|111/283 brn\n|move|p2b: Donphan|High Horsepower|p1a: Coalossal\n|-supereffective|p1a: Coalossal\n|-damage|p1a: Coalossal|92/344\n|-enditem|p1a: Coalossal|Sitrus Berry|[eat]\n|-heal|p1a: Coalossal|178/344|[from] item: Sitrus Berry\n|move|p1a: Coalossal|Incinerate|p2b: Donphan|[spread] p2a,p2b\n|-resisted|p2a: Tauros\n|-damage|p2a: Tauros|132/248\n|-damage|p2b: Donphan|7/298\n|\n|-damage|p1b: Salamence|94/283 brn|[from] brn\n|upkeep\n|turn|12\n|\n|t:|1770865547\n|switch|p2a: Gumshoos|Gumshoos, L93, F|49/315\n|move|p2b: Donphan|Ice Shard|p1b: Salamence\n|-supereffective|p1b: Salamence\n|-damage|p1b: Salamence|0 fnt\n|faint|p1b: Salamence\n|move|p1a: Coalossal|Incinerate|p2b: Donphan|[spread] p2a,p2b\n|-damage|p2a: Gumshoos|0 fnt\n|-damage|p2b: Donphan|0 fnt\n|faint|p2a: Gumshoos\n|faint|p2b: Donphan\n|\n|upkeep\n|\n|t:|1770865554\n|switch|p1b: Porygon-Z|Porygon-Z, L84, tera:Ghost|72/280\n|switch|p2b: Tauros|Tauros-Paldea-Blaze, L79, M|132/248\n|-ability|p2b: Tauros|Intimidate|boost\n|-unboost|p1a: Coalossal|atk|1\n|-unboost|p1b: Porygon-Z|atk|1\n|turn|13\n|\n|t:|1770865573\n|move|p2b: Tauros|Raging Bull|p1b: Porygon-Z\n|-damage|p1b: Porygon-Z|0 fnt\n|faint|p1b: Porygon-Z\n|move|p1a: Coalossal|Fire Blast|p2b: Tauros|[miss]\n|-miss|p1a: Coalossal|p2b: Tauros\n|\n|upkeep\n|turn|14\n|\n|t:|1770865587\n|move|p2b: Tauros|Raging Bull|p1a: Coalossal\n|-resisted|p1a: Coalossal\n|-damage|p1a: Coalossal|160/344\n|move|p1a: Coalossal|Fire Blast|p2b: Tauros\n|-resisted|p2b: Tauros\n|-damage|p2b: Tauros|60/248\n|\n|upkeep\n|turn|15\n|\n|t:|1770865595\n|move|p2b: Tauros|Close Combat|p1a: Coalossal\n|-supereffective|p1a: Coalossal\n|-damage|p1a: Coalossal|0 fnt\n|-unboost|p2b: Tauros|def|1\n|-unboost|p2b: Tauros|spd|1\n|faint|p1a: Coalossal\n|\n|win|Laikai\n|raw|tellingbone's rating: 1727 &rarr; <strong>1706</strong><br />(-21 for losing)\n|raw|Laikai's rating: 1705 &rarr; <strong>1726</strong><br />(+21 for winning)\n|l|☆tellingbone\n|player|p1|\n", "inputlog": ">version ccdc32dd7cde25fd9e4bed64820e885f66e78a4e\n>start {\"formatid\":\"gen9randomdoublesbattle\",\"seed\":\"sodium,0992da0376745d5963171877977d5aa8\",\"rated\":\"Rated battle\"}\n>player p1 {\"name\":\"tellingbone\",\"avatar\":\"169\",\"rating\":1727,\"seed\":\"sodium,20dd7bb3ac1bf0bd4d54b4bf390b51d3\"}\n>player p2 {\"name\":\"Laikai\",\"avatar\":\"n\",\"rating\":1705,\"seed\":\"sodium,e91a0e4b64cd43d3fcfcfe44a440b001\"}\n>p1 move triattack +1, move dracometeor +1\n>p2 move followme, move willowisp +2\n>p2 switch 6, pass\n>p1 switch 5, switch 3\n>p2 move knockoff +1, switch 4\n>p1 move icywind, move psychicfangs +2\n>p2 move knockoff +2, move protect\n>p1 move icywind, move protect\n>p2 move knockoff +2, move gunkshot +1\n>p1 switch 6, pass\n>p1 move swordsdance, move crunch +2\n>p2 switch 4, move protect\n>p1 move mightycleave +1, move crunch +2\n>p2 move protect, move shadowsneak +1\n>p1 move mightycleave +1, move crunch +2\n>p2 move closecombat +2, move shadowsneak +1\n>p1 switch 3, switch 5\n>p2 pass, switch 4\n>p1 move dracometeor +1, move triattack +2\n>p2 switch 5, switch 3\n>p1 move dualwingbeat +2, move triattack +1\n>p2 move dazzlinggleam, switch 3\n>p2 switch 5, pass\n>p1 switch 4, move triattack +2 terastallize\n>p2 move protect, move knockoff +2\n>p1 move incinerate, switch 4\n>p2 move ragingbull +2, move highhorsepower +1\n>p1 move incinerate, move dracometeor +1\n>p2 switch 3, move iceshard +2\n>p1 pass, switch 4\n>p2 pass, switch 3\n>p1 move fireblast +2, move triattack +2\n>p2 pass, move ragingbull +2\n>p1 move fireblast +2, pass\n>p2 pass, move ragingbull +1\n>p1 move fireblast +2, pass\n>p2 pass, move closecombat +1", "uploadtime": 1770865602, "views": 68, "formatid": "gen9randomdoublesbattle", "rating": 1706, "private": 0, "password": null}