{"id": "gen9randomdoublesbattle-2536930126", "format": "[Gen 9] Random Doubles Battle", "players": ["gggo", "Shadowflamepkm"], "log": "|j|☆gggo\n|j|☆Shadowflamepkm\n|t:|1770749392\n|gametype|doubles\n|player|p1|gggo|1|1861\n|player|p2|Shadowflamepkm|red|1760\n|gen|9\n|tier|[Gen 9] Random Doubles Battle\n|rated|\n|rule|Species Clause: Limit one of each Pokémon\n|rule|HP Percentage Mod: HP is shown in percentages\n|rule|Illusion Level Mod: Illusion disguises the Pokémon's true level\n|rule|Sleep Clause Mod: Limit one foe put to sleep\n|\n|t:|1770749392\n|teamsize|p1|6\n|teamsize|p2|6\n|start\n|switch|p1a: Comfey|Comfey, L88, F|233/233\n|switch|p1b: Glalie|Glalie, L94, F|303/303\n|switch|p2a: Forretress|Forretress, L90, M|281/281\n|switch|p2b: Crabominable|Crabominable, L89, F|317/317\n|turn|1\n|inactive|Battle timer is ON: inactive players will automatically lose when time's up. (requested by gggo)\n|c|☆Shadowflamepkm|Glhf\n|\n|t:|1770749416\n|switch|p1b: Manaphy|Manaphy, L78|284/284\n|move|p1a: Comfey|Draining Kiss|p2b: Crabominable\n|-supereffective|p2b: Crabominable\n|-damage|p2b: Crabominable|191/317\n|move|p2b: Crabominable|Drain Punch|p1b: Manaphy\n|-damage|p1b: Manaphy|115/284\n|-heal|p2b: Crabominable|276/317|[from] drain|[of] p1b: Manaphy\n|-damage|p2b: Crabominable|245/317|[from] item: Life Orb\n|move|p2a: Forretress|Iron Head|p1a: Comfey\n|-supereffective|p1a: Comfey\n|-damage|p1a: Comfey|0 fnt\n|faint|p1a: Comfey\n|\n|-heal|p1b: Manaphy|132/284|[from] item: Leftovers\n|upkeep\n|\n|t:|1770749430\n|switch|p1a: Bombirdier|Bombirdier, L84, F|255/255\n|turn|2\n|inactive|Shadowflamepkm has 120 seconds left.\n|\n|t:|1770749478\n|move|p1b: Manaphy|Tail Glow|p1b: Manaphy\n|-boost|p1b: Manaphy|spa|3\n|move|p1a: Bombirdier|Brave Bird|p2b: Crabominable\n|-supereffective|p2b: Crabominable\n|-damage|p2b: Crabominable|0 fnt\n|faint|p2b: Crabominable\n|-damage|p1a: Bombirdier|174/255|[from] Recoil\n|-damage|p1a: Bombirdier|149/255|[from] item: Life Orb\n|move|p2a: Forretress|Iron Head|p1a: Bombirdier\n|-damage|p1a: Bombirdier|14/255\n|\n|-heal|p1b: Manaphy|149/284|[from] item: Leftovers\n|upkeep\n|\n|t:|1770749482\n|switch|p2b: Flamigo|Flamigo, L84, F|275/275\n|turn|3\n|\n|t:|1770749497\n|move|p1b: Manaphy|Protect|p1b: Manaphy\n|-singleturn|p1b: Manaphy|Protect\n|move|p2b: Flamigo|Brave Bird|p1a: Bombirdier\n|-damage|p1a: Bombirdier|0 fnt\n|faint|p1a: Bombirdier\n|-damage|p2b: Flamigo|270/275|[from] Recoil\n|move|p2a: Forretress|Iron Head|p1b: Manaphy\n|-activate|p1b: Manaphy|move: Protect\n|\n|-heal|p1b: Manaphy|166/284|[from] item: Leftovers\n|upkeep\n|\n|t:|1770749512\n|switch|p1a: Cloyster|Cloyster, L87, M|229/229\n|turn|4\n|\n|t:|1770749520\n|-terastallize|p1b: Manaphy|Steel\n|move|p2b: Flamigo|Brave Bird|p1b: Manaphy\n|-resisted|p1b: Manaphy\n|-damage|p1b: Manaphy|92/284\n|-damage|p2b: Flamigo|246/275|[from] Recoil\n|move|p1b: Manaphy|Scald|p2a: Forretress\n|-damage|p2a: Forretress|47/281\n|move|p1a: Cloyster|Shell Smash|p1a: Cloyster\n|-unboost|p1a: Cloyster|def|1\n|-unboost|p1a: Cloyster|spd|1\n|-boost|p1a: Cloyster|atk|2\n|-boost|p1a: Cloyster|spa|2\n|-boost|p1a: Cloyster|spe|2\n|-enditem|p1a: Cloyster|White Herb\n|-clearnegativeboost|p1a: Cloyster|[silent]\n|move|p2a: Forretress|Iron Head|p1a: Cloyster\n|-damage|p1a: Cloyster|150/229\n|\n|-heal|p1b: Manaphy|109/284|[from] item: Leftovers\n|upkeep\n|turn|5\n|\n|t:|1770749540\n|switch|p2b: Magcargo|Magcargo, L93, F|262/262\n|move|p1a: Cloyster|Icicle Spear|p2b: Magcargo\n|-resisted|p2b: Magcargo\n|-damage|p2b: Magcargo|240/262\n|-ability|p2b: Magcargo|Weak Armor|boost\n|-unboost|p2b: Magcargo|def|1\n|-boost|p2b: Magcargo|spe|2\n|-resisted|p2b: Magcargo\n|-damage|p2b: Magcargo|210/262\n|-ability|p2b: Magcargo|Weak Armor|boost\n|-unboost|p2b: Magcargo|def|1\n|-boost|p2b: Magcargo|spe|2\n|-resisted|p2b: Magcargo\n|-damage|p2b: Magcargo|171/262\n|-ability|p2b: Magcargo|Weak Armor|boost\n|-unboost|p2b: Magcargo|def|1\n|-boost|p2b: Magcargo|spe|2\n|-resisted|p2b: Magcargo\n|-damage|p2b: Magcargo|123/262\n|-ability|p2b: Magcargo|Weak Armor|boost\n|-unboost|p2b: Magcargo|def|1\n|-resisted|p2b: Magcargo\n|-damage|p2b: Magcargo|67/262\n|-ability|p2b: Magcargo|Weak Armor|boost\n|-unboost|p2b: Magcargo|def|1\n|-hitcount|p2b: Magcargo|5\n|move|p1b: Manaphy|Scald|p2a: Forretress\n|-damage|p2a: Forretress|0 fnt\n|faint|p2a: Forretress\n|\n|-heal|p1b: Manaphy|126/284|[from] item: Leftovers\n|upkeep\n|\n|t:|1770749549\n|switch|p2a: Flamigo|Flamigo, L84, F|246/275\n|turn|6\n|\n|t:|1770749563\n|move|p2b: Magcargo|Heat Wave|p1a: Cloyster|[spread] p1a\n|-miss|p2b: Magcargo|p1b: Manaphy\n|-damage|p1a: Cloyster|0 fnt\n|faint|p1a: Cloyster\n|-damage|p2b: Magcargo|41/262|[from] item: Life Orb\n|move|p2a: Flamigo|Close Combat|p1b: Manaphy\n|-supereffective|p1b: Manaphy\n|-damage|p1b: Manaphy|0 fnt\n|-unboost|p2a: Flamigo|def|1\n|-unboost|p2a: Flamigo|spd|1\n|faint|p1b: Manaphy\n|\n|upkeep\n|\n|t:|1770749567\n|switch|p1b: Sandaconda|Sandaconda, L88, M|270/270\n|switch|p1a: Glalie|Glalie, L94, F|303/303\n|turn|7\n|\n|t:|1770749581\n|move|p2b: Magcargo|Heat Wave|p1a: Glalie|[spread] p1a,p1b\n|-supereffective|p1a: Glalie\n|-damage|p1a: Glalie|69/303\n|-damage|p1b: Sandaconda|132/270\n|-enditem|p1a: Glalie|Sitrus Berry|[eat]\n|-heal|p1a: Glalie|144/303|[from] item: Sitrus Berry\n|-enditem|p1b: Sandaconda|Sitrus Berry|[eat]\n|-heal|p1b: Sandaconda|199/270|[from] item: Sitrus Berry\n|-damage|p2b: Magcargo|15/262|[from] item: Life Orb\n|move|p2a: Flamigo|Close Combat|p1a: Glalie\n|-supereffective|p1a: Glalie\n|-damage|p1a: Glalie|0 fnt\n|-unboost|p2a: Flamigo|def|1\n|-unboost|p2a: Flamigo|spd|1\n|faint|p1a: Glalie\n|move|p1b: Sandaconda|High Horsepower|p2b: Magcargo\n|-supereffective|p2b: Magcargo\n|-damage|p2b: Magcargo|0 fnt\n|faint|p2b: Magcargo\n|\n|upkeep\n|\n|t:|1770749591\n|switch|p2b: Latios|Latios, L79, M|256/256\n|turn|8\n|\n|t:|1770749598\n|move|p2a: Flamigo|Close Combat|p1b: Sandaconda\n|-damage|p1b: Sandaconda|96/270\n|-unboost|p2a: Flamigo|def|1\n|-unboost|p2a: Flamigo|spd|1\n|move|p2b: Latios|Draco Meteor|p1b: Sandaconda\n|-damage|p1b: Sandaconda|0 fnt\n|-unboost|p2b: Latios|spa|2\n|faint|p1b: Sandaconda\n|\n|win|Shadowflamepkm\n|raw|gggo's rating: 1861 &rarr; <strong>1835</strong><br />(-26 for losing)\n|raw|Shadowflamepkm's rating: 1760 &rarr; <strong>1786</strong><br />(+26 for winning)\n|l|☆gggo\n|player|p1|\n|c|☆Shadowflamepkm|Gg\n", "inputlog": ">version ccdc32dd7cde25fd9e4bed64820e885f66e78a4e\n>start {\"formatid\":\"gen9randomdoublesbattle\",\"seed\":\"sodium,3f0eb049b56ad17facfe745aa5bc8af1\",\"rated\":\"Rated battle\"}\n>player p1 {\"name\":\"gggo\",\"avatar\":\"1\",\"rating\":1861,\"seed\":\"sodium,957d736dbafc3f6df44983f641f7d01d\"}\n>player p2 {\"name\":\"Shadowflamepkm\",\"avatar\":\"red\",\"rating\":1760,\"seed\":\"sodium,d1f916a4fb45d87e58273fa53b5c35a3\"}\n>chat ☆Shadowflamepkm|Glhf\n>p1 move drainingkiss +2, switch 4\n>p2 move ironhead +1, move drainpunch +2\n>p1 switch 3, pass\n>p1 move bravebird +2, move tailglow\n>p2 move ironhead +1, move drainpunch +2\n>p2 pass, switch 3\n>p1 move bravebird +2, move protect\n>p2 move ironhead +2, move bravebird +1\n>p1 switch 6, pass\n>p1 move shellsmash, move scald +1 terastallize\n>p2 move ironhead +1, move bravebird +2\n>p1 move iciclespear +2, move scald +1\n>p2 move ironhead +1, switch 6\n>p2 switch 6, pass\n>p1 move iciclespear +1, move scald +2\n>p2 move closecombat +1, move heatwave\n>p1 switch 4, switch 5\n>p1 move icywind, move highhorsepower +2\n>p2 move closecombat +1, move heatwave\n>p2 pass, switch 5\n>p1 pass, move rest\n>p2 move closecombat +2, move dracometeor +2", "uploadtime": 1770749612, "views": 71, "formatid": "gen9randomdoublesbattle", "rating": 1786, "private": 0, "password": null}