{"id": "gen9randomdoublesbattle-2537963335", "format": "[Gen 9] Random Doubles Battle", "players": ["meowmeowbockbock", "psych1corpsych0tic"], "log": "|j|☆meowmeowbockbock\n|j|‽psych1corpsych0tic\n|t:|1770869538\n|gametype|doubles\n|player|p1|meowmeowbockbock|firebreather|1751\n|player|p2|psych1corpsych0tic|170|1985\n|gen|9\n|tier|[Gen 9] Random Doubles Battle\n|rated|\n|rule|Species Clause: Limit one of each Pokémon\n|rule|HP Percentage Mod: HP is shown in percentages\n|rule|Illusion Level Mod: Illusion disguises the Pokémon's true level\n|rule|Sleep Clause Mod: Limit one foe put to sleep\n|\n|t:|1770869538\n|teamsize|p1|6\n|teamsize|p2|6\n|start\n|switch|p1a: Sawsbuck|Sawsbuck-Summer, L91, M|293/293\n|switch|p1b: Raichu|Raichu, L87, M|246/246\n|switch|p2a: Cresselia|Cresselia, L80, F|323/323\n|switch|p2b: Metagross|Metagross, L80|259/259\n|turn|1\n|\n|t:|1770869591\n|move|p1b: Raichu|Fake Out|p2b: Metagross\n|-resisted|p2b: Metagross\n|-damage|p2b: Metagross|247/259\n|move|p1a: Sawsbuck|Swords Dance|p1a: Sawsbuck\n|-boost|p1a: Sawsbuck|atk|2\n|move|p2a: Cresselia|Lunar Blessing|p2a: Cresselia|[spread] p2a,p2b\n|-heal|p2b: Metagross|259/259\n|cant|p2b: Metagross|flinch\n|\n|upkeep\n|turn|2\n|\n|t:|1770869634\n|switch|p1b: Swanna|Swanna, L87, F|272/272\n|switch|p2a: Hitmontop|Hitmontop, L88, M|231/231\n|-ability|p2a: Hitmontop|Intimidate|boost\n|-unboost|p1a: Sawsbuck|atk|1\n|-unboost|p1b: Swanna|atk|1\n|move|p1a: Sawsbuck|Horn Leech|p2a: Hitmontop\n|-damage|p2a: Hitmontop|56/231\n|-enditem|p2a: Hitmontop|Sitrus Berry|[eat]\n|-heal|p2a: Hitmontop|113/231|[from] item: Sitrus Berry\n|-damage|p1a: Sawsbuck|264/293|[from] item: Life Orb\n|move|p2b: Metagross|Heavy Slam|p1a: Sawsbuck\n|-damage|p1a: Sawsbuck|99/293\n|\n|upkeep\n|turn|3\n|\n|t:|1770869666\n|move|p1a: Sawsbuck|Protect|p1a: Sawsbuck\n|-singleturn|p1a: Sawsbuck|Protect\n|move|p1b: Swanna|Protect|p1b: Swanna\n|-singleturn|p1b: Swanna|Protect\n|move|p2a: Hitmontop|Fake Out|p1b: Swanna\n|-activate|p1b: Swanna|move: Protect\n|move|p2b: Metagross|Psychic Fangs|p1b: Swanna\n|-activate|p1b: Swanna|move: Protect\n|\n|upkeep\n|turn|4\n|\n|t:|1770869688\n|switch|p2a: Cresselia|Cresselia, L80, F|323/323\n|move|p1a: Sawsbuck|Horn Leech|p2a: Cresselia\n|-damage|p2a: Cresselia|146/323\n|-heal|p1a: Sawsbuck|188/293|[from] drain|[of] p2a: Cresselia\n|-enditem|p2a: Cresselia|Sitrus Berry|[eat]\n|-heal|p2a: Cresselia|226/323|[from] item: Sitrus Berry\n|-damage|p1a: Sawsbuck|159/293|[from] item: Life Orb\n|move|p1b: Swanna|Tailwind|p1b: Swanna\n|-sidestart|p1: meowmeowbockbock|move: Tailwind\n|move|p2b: Metagross|Heavy Slam|p1a: Sawsbuck\n|-damage|p1a: Sawsbuck|3/293\n|\n|upkeep\n|turn|5\n|\n|t:|1770869735\n|switch|p2a: Copperajah|Copperajah, L86, F|350/350\n|move|p1a: Sawsbuck|Horn Leech|p2a: Copperajah\n|-resisted|p2a: Copperajah\n|-crit|p2a: Copperajah\n|-damage|p2a: Copperajah|199/350\n|-heal|p1a: Sawsbuck|79/293|[from] drain|[of] p2a: Copperajah\n|-damage|p1a: Sawsbuck|50/293|[from] item: Life Orb\n|move|p1b: Swanna|Hydro Pump|p2a: Copperajah\n|-crit|p2a: Copperajah\n|-damage|p2a: Copperajah|38/350\n|-damage|p1b: Swanna|245/272|[from] item: Life Orb\n|move|p2b: Metagross|Heavy Slam|p1a: Sawsbuck\n|-damage|p1a: Sawsbuck|0 fnt\n|faint|p1a: Sawsbuck\n|\n|upkeep\n|inactive|Battle timer is ON: inactive players will automatically lose when time's up. (requested by psych1corpsych0tic)\n|\n|t:|1770869765\n|switch|p1a: Regigigas|Regigigas, L86|329/329\n|-start|p1a: Regigigas|ability: Slow Start\n|turn|6\n|\n|t:|1770869780\n|switch|p2a: Cresselia|Cresselia, L80, F|226/323\n|move|p1b: Swanna|Hydro Pump|p2a: Cresselia\n|-damage|p2a: Cresselia|100/323\n|-damage|p1b: Swanna|218/272|[from] item: Life Orb\n|move|p1a: Regigigas|Knock Off|p2a: Cresselia\n|-supereffective|p2a: Cresselia\n|-damage|p2a: Cresselia|32/323\n|move|p2b: Metagross|Agility|p2b: Metagross\n|-boost|p2b: Metagross|spe|2\n|\n|upkeep\n|turn|7\n|\n|t:|1770869804\n|move|p1b: Swanna|Brave Bird|p2a: Cresselia\n|-damage|p2a: Cresselia|0 fnt\n|faint|p2a: Cresselia\n|-damage|p1b: Swanna|207/272|[from] Recoil\n|-damage|p1b: Swanna|180/272|[from] item: Life Orb\n|move|p2b: Metagross|Psychic Fangs|p1b: Swanna\n|-damage|p1b: Swanna|42/272\n|move|p1a: Regigigas|Thunder Wave|p2b: Metagross\n|-status|p2b: Metagross|par\n|\n|-sideend|p1: meowmeowbockbock|move: Tailwind\n|upkeep\n|inactive|psych1corpsych0tic has 120 seconds left.\n|\n|t:|1770869825\n|switch|p2a: Hitmontop|Hitmontop, L88, M|113/231\n|-ability|p2a: Hitmontop|Intimidate|boost\n|-unboost|p1a: Regigigas|atk|1\n|-unboost|p1b: Swanna|atk|1\n|turn|8\n|\n|t:|1770869844\n|move|p1b: Swanna|Protect|p1b: Swanna\n|-singleturn|p1b: Swanna|Protect\n|move|p1a: Regigigas|Protect|p1a: Regigigas\n|-singleturn|p1a: Regigigas|Protect\n|move|p2a: Hitmontop|Fake Out|p1b: Swanna\n|-activate|p1b: Swanna|move: Protect\n|cant|p2b: Metagross|par\n|\n|upkeep\n|turn|9\n|inactive|meowmeowbockbock has 120 seconds left.\n|inactive|psych1corpsych0tic has 120 seconds left.\n|\n|t:|1770869881\n|move|p1b: Swanna|Tailwind|p1b: Swanna\n|-sidestart|p1: meowmeowbockbock|move: Tailwind\n|move|p1a: Regigigas|Thunder Wave|p2a: Hitmontop\n|-status|p2a: Hitmontop|par\n|cant|p2b: Metagross|par\n|move|p2a: Hitmontop|Close Combat|p1a: Regigigas\n|-supereffective|p1a: Regigigas\n|-damage|p1a: Regigigas|119/329\n|-unboost|p2a: Hitmontop|def|1\n|-unboost|p2a: Hitmontop|spd|1\n|\n|-heal|p1a: Regigigas|139/329|[from] item: Leftovers\n|upkeep\n|turn|10\n|inactive|meowmeowbockbock has 120 seconds left.\n|\n|t:|1770869906\n|switch|p2a: Copperajah|Copperajah, L86, F|38/350\n|move|p1a: Regigigas|Protect|p1a: Regigigas\n|-singleturn|p1a: Regigigas|Protect\n|move|p1b: Swanna|Hydro Pump|p2a: Copperajah\n|-crit|p2a: Copperajah\n|-damage|p2a: Copperajah|0 fnt\n|faint|p2a: Copperajah\n|-damage|p1b: Swanna|15/272|[from] item: Life Orb\n|move|p2b: Metagross|Psychic Fangs|p1a: Regigigas\n|-activate|p1a: Regigigas|move: Protect\n|\n|-heal|p1a: Regigigas|159/329|[from] item: Leftovers\n|-end|p1a: Regigigas|Slow Start\n|upkeep\n|\n|t:|1770869915\n|switch|p2a: Hitmontop|Hitmontop, L88, M|113/231 par\n|-ability|p2a: Hitmontop|Intimidate|boost\n|-unboost|p1a: Regigigas|atk|1\n|-unboost|p1b: Swanna|atk|1\n|turn|11\n|\n|t:|1770869927\n|move|p1a: Regigigas|Protect||[still]\n|-fail|p1a: Regigigas\n|move|p1b: Swanna|Protect|p1b: Swanna\n|-singleturn|p1b: Swanna|Protect\n|move|p2a: Hitmontop|Fake Out|p1a: Regigigas\n|-damage|p1a: Regigigas|133/329\n|cant|p2b: Metagross|par\n|\n|-heal|p1a: Regigigas|153/329|[from] item: Leftovers\n|upkeep\n|turn|12\n|inactive|meowmeowbockbock has 120 seconds left.\n|\n|t:|1770869968\n|switch|p1a: Drifblim|Drifblim, L85, F|394/394\n|move|p1b: Swanna|Hydro Pump|p2b: Metagross\n|-damage|p2b: Metagross|95/259 par\n|-damage|p1b: Swanna|0 fnt|[from] item: Life Orb\n|faint|p1b: Swanna\n|cant|p2b: Metagross|par\n|move|p2a: Hitmontop|Triple Axel|p1a: Drifblim\n|-supereffective|p1a: Drifblim\n|-damage|p1a: Drifblim|342/394\n|-supereffective|p1a: Drifblim\n|-damage|p1a: Drifblim|242/394\n|-supereffective|p1a: Drifblim\n|-damage|p1a: Drifblim|100/394\n|-enditem|p1a: Drifblim|Sitrus Berry|[eat]\n|-heal|p1a: Drifblim|198/394|[from] item: Sitrus Berry\n|-hitcount|p1a: Drifblim|3\n|\n|-sideend|p1: meowmeowbockbock|move: Tailwind\n|upkeep\n|inactive|meowmeowbockbock has 90 seconds left.\n|\n|t:|1770869995\n|switch|p1b: Regigigas|Regigigas, L86|153/329\n|-start|p1b: Regigigas|ability: Slow Start\n|turn|13\n|\n|t:|1770870012\n|move|p2b: Metagross|Protect|p2b: Metagross\n|-singleturn|p2b: Metagross|Protect\n|move|p1a: Drifblim|Strength Sap|p2a: Hitmontop\n|-unboost|p2a: Hitmontop|atk|1\n|-heal|p1a: Drifblim|394/394\n|move|p1b: Regigigas|Knock Off|p2b: Metagross\n|-activate|p2b: Metagross|move: Protect\n|move|p2a: Hitmontop|Triple Axel|p1a: Drifblim\n|-supereffective|p1a: Drifblim\n|-damage|p1a: Drifblim|360/394\n|-supereffective|p1a: Drifblim\n|-damage|p1a: Drifblim|296/394\n|-supereffective|p1a: Drifblim\n|-crit|p1a: Drifblim\n|-damage|p1a: Drifblim|94/394\n|-hitcount|p1a: Drifblim|3\n|\n|-heal|p1b: Regigigas|173/329|[from] item: Leftovers\n|upkeep\n|turn|14\n|inactive|meowmeowbockbock has 120 seconds left.\n|inactive|psych1corpsych0tic has 120 seconds left.\n|\n|t:|1770870048\n|cant|p2a: Hitmontop|par\n|move|p1a: Drifblim|Shadow Ball|p2b: Metagross\n|-supereffective|p2b: Metagross\n|-damage|p2b: Metagross|0 fnt\n|faint|p2b: Metagross\n|move|p1b: Regigigas|Double-Edge|p2a: Hitmontop\n|-damage|p2a: Hitmontop|26/231 par\n|-damage|p1b: Regigigas|144/329|[from] Recoil\n|\n|-heal|p1b: Regigigas|164/329|[from] item: Leftovers\n|upkeep\n|\n|t:|1770870055\n|switch|p2b: Pawmot|Pawmot, L80, M|243/243\n|turn|15\n|inactive|meowmeowbockbock has 120 seconds left.\n|inactive|psych1corpsych0tic has 120 seconds left.\n|\n|t:|1770870098\n|switch|p2a: Oinkologne|Oinkologne-F, L92, F|361/361\n|-terastallize|p2b: Pawmot|Electric\n|move|p1a: Drifblim|Strength Sap|p2b: Pawmot\n|-unboost|p2b: Pawmot|atk|1\n|-heal|p1a: Drifblim|324/394\n|move|p2b: Pawmot|Double Shock|p1a: Drifblim\n|-supereffective|p1a: Drifblim\n|-damage|p1a: Drifblim|0 fnt\n|-start|p2b: Pawmot|typechange|Electric|[from] move: Double Shock\n|faint|p1a: Drifblim\n|-damage|p2b: Pawmot|219/243|[from] item: Life Orb\n|move|p1b: Regigigas|Double-Edge|p2a: Oinkologne\n|-damage|p2a: Oinkologne|258/361\n|-damage|p1b: Regigigas|130/329|[from] Recoil\n|\n|-heal|p1b: Regigigas|150/329|[from] item: Leftovers\n|upkeep\n|inactive|meowmeowbockbock has 90 seconds left.\n|\n|t:|1770870113\n|switch|p1a: Raichu|Raichu, L87, M|246/246\n|turn|16\n|\n|t:|1770870126\n|move|p1a: Raichu|Fake Out|p2b: Pawmot\n|-damage|p2b: Pawmot|184/243\n|cant|p2b: Pawmot|flinch\n|move|p2a: Oinkologne|High Horsepower|p1a: Raichu\n|-supereffective|p1a: Raichu\n|-damage|p1a: Raichu|0 fnt\n|faint|p1a: Raichu\n|move|p1b: Regigigas|Knock Off|p2a: Oinkologne\n|-damage|p2a: Oinkologne|198/361\n|-enditem|p2a: Oinkologne|Choice Band|[from] move: Knock Off|[of] p1b: Regigigas\n|\n|-heal|p1b: Regigigas|170/329|[from] item: Leftovers\n|upkeep\n|\n|t:|1770870135\n|switch|p1a: Koraidon|Koraidon, L66|242/242\n|-weather|SunnyDay|[from] ability: Orichalcum Pulse|[of] p1a: Koraidon\n|-activate|p1a: Koraidon|Orichalcum Pulse|[source]\n|turn|17\n|inactive|meowmeowbockbock has 120 seconds left.\n|\n|t:|1770870163\n|move|p1a: Koraidon|Collision Course|p2a: Oinkologne\n|-supereffective|p2a: Oinkologne\n|-damage|p2a: Oinkologne|0 fnt\n|faint|p2a: Oinkologne\n|-damage|p1a: Koraidon|218/242|[from] item: Life Orb\n|move|p2b: Pawmot|Close Combat|p1b: Regigigas\n|-supereffective|p1b: Regigigas\n|-damage|p1b: Regigigas|0 fnt\n|-unboost|p2b: Pawmot|def|1\n|-unboost|p2b: Pawmot|spd|1\n|faint|p1b: Regigigas\n|-damage|p2b: Pawmot|160/243|[from] item: Life Orb\n|\n|-weather|SunnyDay|[upkeep]\n|upkeep\n|\n|t:|1770870173\n|switch|p2a: Hitmontop|Hitmontop, L88, M|26/231 par\n|-ability|p2a: Hitmontop|Intimidate|boost\n|-unboost|p1a: Koraidon|atk|1\n|turn|18\n|\n|t:|1770870182\n|move|p1a: Koraidon|Protect|p1a: Koraidon\n|-singleturn|p1a: Koraidon|Protect\n|move|p2a: Hitmontop|Fake Out|p1a: Koraidon\n|-activate|p1a: Koraidon|move: Protect\n|move|p2b: Pawmot|Revival Blessing|p2b: Pawmot\n|\n|t:|1770870207\n|-heal|p2: Cresselia|161/323|[from] move: Revival Blessing\n|\n|-weather|SunnyDay|[upkeep]\n|upkeep\n|turn|19\n|\n|t:|1770870222\n|-terastallize|p1a: Koraidon|Fire\n|move|p1a: Koraidon|Collision Course|p2b: Pawmot\n|-damage|p2b: Pawmot|0 fnt\n|faint|p2b: Pawmot\n|-damage|p1a: Koraidon|194/242|[from] item: Life Orb\n|move|p2a: Hitmontop|Triple Axel|p1a: Koraidon\n|-resisted|p1a: Koraidon\n|-damage|p1a: Koraidon|186/242\n|-resisted|p1a: Koraidon\n|-damage|p1a: Koraidon|170/242\n|-resisted|p1a: Koraidon\n|-damage|p1a: Koraidon|147/242\n|-hitcount|p1a: Koraidon|3\n|\n|-weather|SunnyDay|[upkeep]\n|upkeep\n|\n|t:|1770870237\n|switch|p2b: Cresselia|Cresselia, L80, F|161/323\n|turn|20\n|\n|t:|1770870257\n|move|p1a: Koraidon|Collision Course|p2a: Hitmontop\n|-damage|p2a: Hitmontop|0 fnt\n|faint|p2a: Hitmontop\n|-damage|p1a: Koraidon|123/242|[from] item: Life Orb\n|move|p2b: Cresselia|Thunder Wave|p1a: Koraidon|[miss]\n|-miss|p2b: Cresselia|p1a: Koraidon\n|\n|-weather|SunnyDay|[upkeep]\n|upkeep\n|turn|21\n|\n|t:|1770870276\n|move|p1a: Koraidon|Flare Blitz|p2b: Cresselia\n|-damage|p2b: Cresselia|1/323\n|-damage|p1a: Koraidon|70/242|[from] Recoil\n|-damage|p1a: Koraidon|46/242|[from] item: Life Orb\n|move|p2b: Cresselia|Thunder Wave|p1a: Koraidon\n|-status|p1a: Koraidon|par\n|\n|-weather|none\n|upkeep\n|turn|22\n|\n|t:|1770870290\n|move|p2b: Cresselia|Psychic|p1a: Koraidon\n|-damage|p1a: Koraidon|0 fnt\n|faint|p1a: Koraidon\n|\n|win|psych1corpsych0tic\n|raw|meowmeowbockbock's rating: 1751 &rarr; <strong>1743</strong><br />(-8 for losing)\n|raw|psych1corpsych0tic's rating: 1985 &rarr; <strong>1993</strong><br />(+8 for winning)\n|l|☆meowmeowbockbock\n|player|p1|\n", "inputlog": ">version ccdc32dd7cde25fd9e4bed64820e885f66e78a4e\n>start {\"formatid\":\"gen9randomdoublesbattle\",\"seed\":\"sodium,9fef3a8a6de0f82627e181242b964e1c\",\"rated\":\"Rated battle\"}\n>player p1 {\"name\":\"meowmeowbockbock\",\"avatar\":\"firebreather\",\"rating\":1751,\"seed\":\"sodium,17f66fddd987c5a6d17f6b5f01fa00c7\"}\n>player p2 {\"name\":\"psych1corpsych0tic\",\"avatar\":\"170\",\"rating\":1985,\"seed\":\"sodium,a60dc6ef21b2cdf64b1d370d5941e250\"}\n>p1 move swordsdance, move fakeout +2\n>p2 move lunarblessing, move agility\n>p1 move hornleech +1, switch 3\n>p2 switch 6, move heavyslam +1\n>p1 move protect, move protect\n>p2 move fakeout +2, move psychicfangs +2\n>p1 move hornleech +1, move tailwind\n>p2 switch 6, move heavyslam +1\n>p1 move hornleech +1, move hydropump +1\n>p2 switch 5, move heavyslam +1\n>p1 switch 6, pass\n>p1 move knockoff +1, move hydropump +1\n>p2 switch 5, move agility\n>p1 move thunderwave +2, move bravebird +1\n>p2 move lunarblessing, move psychicfangs +2\n>p2 switch 6, pass\n>p1 move protect, move protect\n>p2 move fakeout +2, move agility\n>p1 move thunderwave +1, move tailwind\n>p2 move closecombat +1, move agility\n>p1 move protect, move hydropump +1\n>p2 switch 5, move psychicfangs +1\n>p2 switch 5, pass\n>p1 move protect, move protect\n>p2 move fakeout +1, move agility\n>p1 switch 5, move hydropump +2\n>p2 move tripleaxel +2, move agility\n>p1 pass, switch 5\n>p1 move strengthsap +1, move knockoff +2\n>p2 move tripleaxel +1, move protect\n>p1 move shadowball +2, move doubleedge +1\n>p2 move helpinghand -2, move heavyslam +1\n>p2 pass, switch 4\n>p1 move strengthsap +2, move doubleedge +1\n>p2 switch 3, move doubleshock +1 terastallize\n>p1 switch 3, pass\n>p1 move fakeout +2, move knockoff +1\n>p2 move highhorsepower +1, move revivalblessing\n>p1 switch 4, pass\n>p1 move collisioncourse +1, move knockoff +2\n>p2 move playrough +1, move closecombat +2\n>p2 switch 3, pass\n>p1 move protect, pass\n>p2 move fakeout +1, move revivalblessing\n>p2 pass, switch 6\n>p1 move collisioncourse +2 terastallize, pass\n>p2 move tripleaxel +1, move closecombat +1\n>p2 pass, switch 6\n>p1 move collisioncourse +1, pass\n>p2 move closecombat +1, move thunderwave +1\n>p1 move flareblitz +2, pass\n>p2 pass, move thunderwave +1\n>p1 move dragonclaw +2, pass\n>p2 pass, move psychic +1", "uploadtime": 1770870303, "views": 88, "formatid": "gen9randomdoublesbattle", "rating": 1743, "private": 0, "password": null}