{"id": "gen9randomdoublesbattle-2537897247", "format": "[Gen 9] Random Doubles Battle", "players": ["Xenoblade 4", "caoscontrol"], "log": "|j|☆Xenoblade 4\n|j|☆caoscontrol\n|t:|1770860909\n|gametype|doubles\n|player|p1|Xenoblade 4|marshal|1581\n|player|p2|caoscontrol|1|1516\n|gen|9\n|tier|[Gen 9] Random Doubles Battle\n|rated|\n|rule|Species Clause: Limit one of each Pokémon\n|rule|HP Percentage Mod: HP is shown in percentages\n|rule|Illusion Level Mod: Illusion disguises the Pokémon's true level\n|rule|Sleep Clause Mod: Limit one foe put to sleep\n|\n|t:|1770860909\n|teamsize|p1|6\n|teamsize|p2|6\n|start\n|switch|p1a: Corviknight|Corviknight, L80, F|288/288\n|switch|p1b: Mightyena|Mightyena, L95, M|287/287\n|switch|p2a: Kleavor|Kleavor, L79, M|240/240\n|switch|p2b: Noivern|Noivern, L84, M|280/280\n|-item|p1a: Corviknight|Sitrus Berry|[from] ability: Frisk|[of] p2b: Noivern\n|-item|p1b: Mightyena|Life Orb|[from] ability: Frisk|[of] p2b: Noivern\n|-ability|p1b: Mightyena|Intimidate|boost\n|-unboost|p2a: Kleavor|atk|1\n|-unboost|p2b: Noivern|atk|1\n|turn|1\n|inactive|Battle timer is ON: inactive players will automatically lose when time's up. (requested by caoscontrol)\n|\n|t:|1770860931\n|switch|p1b: Annihilape|Annihilape, L77, F|296/296\n|move|p2b: Noivern|Flamethrower|p1a: Corviknight\n|-supereffective|p1a: Corviknight\n|-damage|p1a: Corviknight|154/288\n|move|p2a: Kleavor|Tailwind|p2a: Kleavor\n|-sidestart|p2: caoscontrol|move: Tailwind\n|move|p1a: Corviknight|Tailwind|p1a: Corviknight\n|-sidestart|p1: Xenoblade 4|move: Tailwind\n|\n|upkeep\n|turn|2\n|\n|t:|1770860947\n|move|p1b: Annihilape|U-turn|p2b: Noivern\n|-resisted|p2b: Noivern\n|-damage|p2b: Noivern|257/280\n|\n|t:|1770860950\n|switch|p1b: Mightyena|Mightyena, L95, M|287/287|[from] U-turn\n|-ability|p1b: Mightyena|Intimidate|boost\n|-unboost|p2a: Kleavor|atk|1\n|-unboost|p2b: Noivern|atk|1\n|move|p2b: Noivern|Hurricane|p1b: Mightyena|[miss]\n|-miss|p2b: Noivern|p1b: Mightyena\n|move|p2a: Kleavor|Stone Axe|p1a: Corviknight\n|-damage|p1a: Corviknight|84/288\n|-sidestart|p1: Xenoblade 4|move: Stealth Rock\n|-enditem|p1a: Corviknight|Sitrus Berry|[eat]\n|-heal|p1a: Corviknight|156/288|[from] item: Sitrus Berry\n|-damage|p2a: Kleavor|216/240|[from] item: Life Orb\n|move|p1a: Corviknight|Roost|p1a: Corviknight\n|-heal|p1a: Corviknight|288/288\n|-singleturn|p1a: Corviknight|move: Roost\n|\n|upkeep\n|turn|3\n|\n|t:|1770860971\n|switch|p2a: Klefki|Klefki, L81, M|225/225\n|move|p2b: Noivern|Flamethrower|p1a: Corviknight\n|-supereffective|p1a: Corviknight\n|-damage|p1a: Corviknight|160/288\n|move|p1b: Mightyena|Howl|p1b: Mightyena|[spread] p1a,p1b\n|-boost|p1a: Corviknight|atk|1\n|-boost|p1b: Mightyena|atk|1\n|move|p1a: Corviknight|Brave Bird|p2a: Klefki\n|-resisted|p2a: Klefki\n|-damage|p2a: Klefki|144/225\n|-damage|p1a: Corviknight|133/288|[from] Recoil\n|\n|upkeep\n|turn|4\n|\n|t:|1770860992\n|switch|p1b: Amoonguss|Amoonguss, L86, M|336/336\n|-damage|p1b: Amoonguss|294/336|[from] Stealth Rock\n|move|p2b: Noivern|Flamethrower|p1a: Corviknight\n|-supereffective|p1a: Corviknight\n|-damage|p1a: Corviknight|1/288\n|move|p2a: Klefki|Dazzling Gleam|p1a: Corviknight|[spread] p1a,p1b\n|-resisted|p1a: Corviknight\n|-resisted|p1b: Amoonguss\n|-damage|p1a: Corviknight|0 fnt\n|-damage|p1b: Amoonguss|267/336\n|faint|p1a: Corviknight\n|\n|-sideend|p1: Xenoblade 4|move: Tailwind\n|-sideend|p2: caoscontrol|move: Tailwind\n|upkeep\n|\n|t:|1770861005\n|switch|p1a: Annihilape|Annihilape, L77, F|296/296\n|-damage|p1a: Annihilape|278/296|[from] Stealth Rock\n|turn|5\n|\n|t:|1770861014\n|move|p2a: Klefki|Thunder Wave|p1b: Amoonguss\n|-status|p1b: Amoonguss|par\n|move|p1a: Annihilape|Close Combat|p2a: Klefki\n|-damage|p2a: Klefki|26/225\n|-unboost|p1a: Annihilape|def|1\n|-unboost|p1a: Annihilape|spd|1\n|-enditem|p2a: Klefki|Sitrus Berry|[eat]\n|-heal|p2a: Klefki|82/225|[from] item: Sitrus Berry\n|move|p2b: Noivern|Hurricane|p1b: Amoonguss|[miss]\n|-miss|p2b: Noivern|p1b: Amoonguss\n|move|p1b: Amoonguss|Spore|p2b: Noivern\n|-status|p2b: Noivern|slp|[from] move: Spore\n|\n|upkeep\n|turn|6\n|\n|t:|1770861034\n|move|p1b: Amoonguss|Rage Powder|p1b: Amoonguss\n|-singleturn|p1b: Amoonguss|move: Rage Powder\n|move|p2a: Klefki|Thunder Wave|p1b: Amoonguss\n|-fail|p1b: Amoonguss|par\n|move|p1a: Annihilape|Close Combat|p2a: Klefki\n|-damage|p2a: Klefki|0 fnt\n|-unboost|p1a: Annihilape|def|1\n|-unboost|p1a: Annihilape|spd|1\n|faint|p2a: Klefki\n|cant|p2b: Noivern|slp\n|\n|upkeep\n|\n|t:|1770861043\n|switch|p2a: Magearna|Magearna-Original, L71|231/231\n|turn|7\n|\n|t:|1770861056\n|switch|p1a: Rampardos|Rampardos, L87, F|311/311\n|-damage|p1a: Rampardos|273/311|[from] Stealth Rock\n|cant|p2b: Noivern|slp\n|move|p2a: Magearna|Dazzling Gleam|p1a: Rampardos|[spread] p1a,p1b\n|-resisted|p1b: Amoonguss\n|-damage|p1a: Rampardos|186/311\n|-damage|p1b: Amoonguss|237/336 par\n|move|p1b: Amoonguss|Sludge Bomb|p2b: Noivern\n|-damage|p2b: Noivern|152/280 slp\n|\n|upkeep\n|turn|8\n|\n|t:|1770861076\n|-curestatus|p2b: Noivern|slp|[msg]\n|move|p2b: Noivern|Tailwind|p2b: Noivern\n|-sidestart|p2: caoscontrol|move: Tailwind\n|move|p2a: Magearna|Flash Cannon|p1a: Rampardos\n|-supereffective|p1a: Rampardos\n|-damage|p1a: Rampardos|0 fnt\n|faint|p1a: Rampardos\n|-ability|p2a: Magearna|Soul-Heart|boost\n|-boost|p2a: Magearna|spa|1\n|move|p1b: Amoonguss|Pollen Puff|p1: Rampardos|[notarget]\n|-fail|p1b: Amoonguss\n|\n|upkeep\n|\n|t:|1770861085\n|switch|p1a: Mightyena|Mightyena, L95, M|287/287\n|-damage|p1a: Mightyena|252/287|[from] Stealth Rock\n|-ability|p1a: Mightyena|Intimidate|boost\n|-unboost|p2a: Magearna|atk|1\n|-unboost|p2b: Noivern|atk|1\n|turn|9\n|inactive|caoscontrol has 120 seconds left.\n|\n|t:|1770861118\n|-terastallize|p2b: Noivern|Steel\n|move|p1a: Mightyena|Sucker Punch|p2b: Noivern\n|-damage|p2b: Noivern|16/280\n|-enditem|p2b: Noivern|Sitrus Berry|[eat]\n|-heal|p2b: Noivern|86/280|[from] item: Sitrus Berry\n|-damage|p1a: Mightyena|224/287|[from] item: Life Orb\n|move|p2b: Noivern|Flamethrower|p1b: Amoonguss\n|-supereffective|p1b: Amoonguss\n|-damage|p1b: Amoonguss|103/336 par\n|move|p2a: Magearna|Flash Cannon|p1b: Amoonguss\n|-damage|p1b: Amoonguss|0 fnt\n|faint|p1b: Amoonguss\n|-ability|p2a: Magearna|Soul-Heart|boost\n|-boost|p2a: Magearna|spa|1\n|\n|upkeep\n|-message|Xenoblade 4 forfeited.\n|\n|win|caoscontrol\n|raw|Xenoblade 4's rating: 1581 &rarr; <strong>1557</strong><br />(-24 for losing)\n|raw|caoscontrol's rating: 1516 &rarr; <strong>1540</strong><br />(+24 for winning)\n|l|☆Xenoblade 4\n|player|p1|\n", "inputlog": ">version ccdc32dd7cde25fd9e4bed64820e885f66e78a4e\n>start {\"formatid\":\"gen9randomdoublesbattle\",\"seed\":\"sodium,1b0d32c60103b6a47e9e465501b05f49\",\"rated\":\"Rated battle\"}\n>player p1 {\"name\":\"Xenoblade 4\",\"avatar\":\"marshal\",\"rating\":1581,\"seed\":\"sodium,a39635e5e77c293254ffa9a43f09a690\"}\n>player p2 {\"name\":\"caoscontrol\",\"avatar\":\"1\",\"rating\":1516,\"seed\":\"sodium,5bc33ffe4704f2583694bafc00e7c393\"}\n>p1 move tailwind, switch 4\n>p2 move tailwind, move flamethrower +1\n>p1 move roost, move uturn +2\n>p2 move stoneaxe +1, move hurricane +2\n>p1 pass, switch 4\n>p1 move bravebird +1, move howl\n>p2 switch 3, move flamethrower +1\n>p1 move ironhead +1, switch 6\n>p2 move dazzlinggleam, move flamethrower +1\n>p1 switch 4, pass\n>p1 move closecombat +1, move spore +2\n>p2 move thunderwave +2, move hurricane +2\n>p1 move closecombat +1, move ragepowder\n>p2 move thunderwave +1, move hurricane +2\n>p2 switch 6, pass\n>p1 switch 5, move sludgebomb +2\n>p2 move dazzlinggleam, move tailwind\n>p1 move firepunch +1, move pollenpuff -1\n>p2 move flashcannon +1, move tailwind\n>p1 switch 6, pass\n>p1 move suckerpunch +2, move spore +1\n>p2 move flashcannon +2, move flamethrower +2 terastallize\n>forcelose p1", "uploadtime": 1770861147, "views": 71, "formatid": "gen9randomdoublesbattle", "rating": 1540, "private": 0, "password": null}