{"id": "gen9randomdoublesbattle-2537176531", "format": "[Gen 9] Random Doubles Battle", "players": ["dacooliest", "satouhi"], "log": "|j|☆dacooliest\n|j|☆satouhi\n|t:|1770775032\n|gametype|doubles\n|player|p1|dacooliest|170|1539\n|player|p2|satouhi|pokekid|1587\n|gen|9\n|tier|[Gen 9] Random Doubles Battle\n|rated|\n|rule|Species Clause: Limit one of each Pokémon\n|rule|HP Percentage Mod: HP is shown in percentages\n|rule|Illusion Level Mod: Illusion disguises the Pokémon's true level\n|rule|Sleep Clause Mod: Limit one foe put to sleep\n|\n|t:|1770775032\n|teamsize|p1|6\n|teamsize|p2|6\n|start\n|switch|p1a: Entei|Entei, L77|304/304\n|switch|p1b: Espeon|Espeon, L84, M|246/246\n|switch|p2a: Archaludon|Archaludon, L77, F|265/265\n|switch|p2b: Haxorus|Haxorus, L84, M|265/265\n|-ability|p2b: Haxorus|Unnerve\n|turn|1\n|\n|t:|1770775050\n|move|p2b: Haxorus|First Impression|p1b: Espeon\n|-supereffective|p1b: Espeon\n|-damage|p1b: Espeon|0 fnt\n|faint|p1b: Espeon\n|-damage|p2b: Haxorus|239/265|[from] item: Life Orb\n|move|p1a: Entei|Stomping Tantrum|p2a: Archaludon\n|-supereffective|p2a: Archaludon\n|-damage|p2a: Archaludon|133/265\n|-ability|p2a: Archaludon|Stamina|boost\n|-boost|p2a: Archaludon|def|1\n|move|p2a: Archaludon|Draco Meteor|p1a: Entei\n|-damage|p1a: Entei|66/304\n|-unboost|p2a: Archaludon|spa|2\n|\n|upkeep\n|\n|t:|1770775067\n|switch|p1b: Beartic|Beartic, L91, F|321/321\n|turn|2\n|\n|t:|1770775078\n|switch|p1a: Decidueye|Decidueye-Hisui, L85, F|288/288\n|move|p2b: Haxorus|Close Combat|p1b: Beartic\n|-supereffective|p1b: Beartic\n|-damage|p1b: Beartic|12/321\n|-unboost|p2b: Haxorus|def|1\n|-unboost|p2b: Haxorus|spd|1\n|-damage|p2b: Haxorus|213/265|[from] item: Life Orb\n|move|p2a: Archaludon|Draco Meteor|p1a: Decidueye\n|-damage|p1a: Decidueye|197/288\n|-unboost|p2a: Archaludon|spa|2\n|move|p1b: Beartic|Close Combat|p2a: Archaludon\n|-supereffective|p2a: Archaludon\n|-damage|p2a: Archaludon|0 fnt\n|-unboost|p1b: Beartic|def|1\n|-unboost|p1b: Beartic|spd|1\n|faint|p2a: Archaludon\n|-damage|p1b: Beartic|0 fnt|[from] item: Life Orb\n|faint|p1b: Beartic\n|\n|upkeep\n|\n|t:|1770775100\n|switch|p2a: Avalugg|Avalugg, L92, F|324/324\n|switch|p1b: Medicham|Medicham, L86, M|243/243\n|turn|3\n|\n|t:|1770775117\n|switch|p2b: Zebstrika|Zebstrika, L87, M|272/272\n|move|p1b: Medicham|Close Combat|p2a: Avalugg\n|-supereffective|p2a: Avalugg\n|-damage|p2a: Avalugg|82/324\n|-unboost|p1b: Medicham|def|1\n|-unboost|p1b: Medicham|spd|1\n|-damage|p1b: Medicham|219/243|[from] item: Life Orb\n|move|p1a: Decidueye|Triple Arrows|p2a: Avalugg\n|-supereffective|p2a: Avalugg\n|-damage|p2a: Avalugg|0 fnt\n|faint|p2a: Avalugg\n|\n|upkeep\n|\n|t:|1770775131\n|switch|p2a: Muk|Muk-Alola, L82, M|306/306\n|turn|4\n|\n|t:|1770775142\n|-terastallize|p2a: Muk|Flying\n|move|p2b: Zebstrika|Overheat|p1b: Medicham\n|-damage|p1b: Medicham|47/243\n|-unboost|p2b: Zebstrika|spa|2\n|-damage|p2b: Zebstrika|245/272|[from] item: Life Orb\n|move|p1b: Medicham|Zen Headbutt|p2a: Muk\n|-damage|p2a: Muk|118/306\n|-enditem|p2a: Muk|Sitrus Berry|[eat]\n|-heal|p2a: Muk|194/306|[from] item: Sitrus Berry\n|-damage|p1b: Medicham|23/243|[from] item: Life Orb\n|move|p1a: Decidueye|Tailwind|p1a: Decidueye\n|-sidestart|p1: dacooliest|move: Tailwind\n|move|p2a: Muk|Poison Jab|p1a: Decidueye\n|-supereffective|p1a: Decidueye\n|-damage|p1a: Decidueye|9/288\n|-status|p1a: Decidueye|psn|[from] ability: Poison Touch|[of] p2a: Muk\n|-enditem|p1a: Decidueye|Sitrus Berry|[eat]\n|-heal|p1a: Decidueye|81/288 psn|[from] item: Sitrus Berry\n|\n|-damage|p1a: Decidueye|45/288 psn|[from] psn\n|upkeep\n|turn|5\n|\n|t:|1770775165\n|move|p1b: Medicham|Zen Headbutt|p2a: Muk\n|-damage|p2a: Muk|3/306\n|-damage|p1b: Medicham|0 fnt|[from] item: Life Orb\n|faint|p1b: Medicham\n|move|p1a: Decidueye|Triple Arrows|p2b: Zebstrika\n|-crit|p2b: Zebstrika\n|-damage|p2b: Zebstrika|41/272\n|-unboost|p2b: Zebstrika|def|1\n|move|p2b: Zebstrika|Wild Charge|p1a: Decidueye\n|-resisted|p1a: Decidueye\n|-damage|p1a: Decidueye|0 fnt\n|faint|p1a: Decidueye\n|-damage|p2b: Zebstrika|30/272|[from] Recoil\n|-damage|p2b: Zebstrika|3/272|[from] item: Life Orb\n|cant|p2a: Muk|flinch\n|\n|upkeep\n|\n|t:|1770775170\n|switch|p1b: Entei|Entei, L77|66/304\n|switch|p1a: Donphan|Donphan, L87, M|298/298\n|turn|6\n|\n|t:|1770775186\n|move|p2a: Muk|Protect|p2a: Muk\n|-singleturn|p2a: Muk|Protect\n|move|p1b: Entei|Extreme Speed|p2a: Muk\n|-activate|p2a: Muk|move: Protect\n|move|p1a: Donphan|Ice Shard|p2b: Zebstrika\n|-damage|p2b: Zebstrika|0 fnt\n|faint|p2b: Zebstrika\n|\n|upkeep\n|\n|t:|1770775196\n|switch|p2b: Haxorus|Haxorus, L84, M|213/265\n|-ability|p2b: Haxorus|Unnerve\n|turn|7\n|\n|t:|1770775202\n|move|p2a: Muk|Helping Hand|p2b: Haxorus\n|-singleturn|p2b: Haxorus|Helping Hand|[of] p2a: Muk\n|move|p1b: Entei|Extreme Speed|p2a: Muk\n|-damage|p2a: Muk|0 fnt\n|faint|p2a: Muk\n|move|p2b: Haxorus|First Impression|p1b: Entei\n|-resisted|p1b: Entei\n|-damage|p1b: Entei|0 fnt\n|faint|p1b: Entei\n|-damage|p2b: Haxorus|187/265|[from] item: Life Orb\n|move|p1a: Donphan|High Horsepower|p2b: Haxorus\n|-damage|p2b: Haxorus|60/265\n|\n|-sideend|p1: dacooliest|move: Tailwind\n|upkeep\n|\n|t:|1770775208\n|switch|p2a: Volcarona|Volcarona, L78, M|261/261\n|turn|8\n|inactive|Battle timer is ON: inactive players will automatically lose when time's up. (requested by dacooliest)\n|\n|t:|1770775238\n|move|p2b: Haxorus|Dragon Claw|p1a: Donphan\n|-crit|p1a: Donphan\n|-damage|p1a: Donphan|130/298\n|-damage|p2b: Haxorus|34/265|[from] item: Life Orb\n|move|p2a: Volcarona|Quiver Dance|p2a: Volcarona\n|-boost|p2a: Volcarona|spa|1\n|-boost|p2a: Volcarona|spd|1\n|-boost|p2a: Volcarona|spe|1\n|move|p1a: Donphan|Stone Edge|p2a: Volcarona\n|-supereffective|p2a: Volcarona\n|-damage|p2a: Volcarona|0 fnt\n|faint|p2a: Volcarona\n|\n|upkeep\n|turn|9\n|\n|t:|1770775250\n|move|p1a: Donphan|Ice Shard|p2b: Haxorus\n|-supereffective|p2b: Haxorus\n|-damage|p2b: Haxorus|0 fnt\n|faint|p2b: Haxorus\n|\n|win|dacooliest\n|raw|dacooliest's rating: 1539 &rarr; <strong>1562</strong><br />(+23 for winning)\n|raw|satouhi's rating: 1587 &rarr; <strong>1564</strong><br />(-23 for losing)\n|l|☆satouhi\n|player|p2|\n|c|☆dacooliest|lol gg\n", "inputlog": ">version ccdc32dd7cde25fd9e4bed64820e885f66e78a4e\n>start {\"formatid\":\"gen9randomdoublesbattle\",\"seed\":\"sodium,a1dce963613dc760c64e50208e8b8d81\",\"rated\":\"Rated battle\"}\n>player p1 {\"name\":\"dacooliest\",\"avatar\":\"170\",\"rating\":1539,\"seed\":\"sodium,a480e93bd8790423141979d2b94a3647\"}\n>player p2 {\"name\":\"satouhi\",\"avatar\":\"pokekid\",\"rating\":1587,\"seed\":\"sodium,f4370ab09ea976f650d1e8abddbf194e\"}\n>p1 move stompingtantrum +1, move dazzlinggleam\n>p2 move dracometeor +1, move firstimpression +2\n>p1 pass, switch 4\n>p1 switch 5, move closecombat +1\n>p2 move dracometeor +1, move closecombat +2\n>p1 pass, switch 6\n>p2 switch 5, pass\n>p1 move triplearrows +1, move closecombat +1\n>p2 move avalanche +1, switch 4\n>p2 switch 6, pass\n>p1 move tailwind, move zenheadbutt +1\n>p2 move poisonjab +1 terastallize, move overheat +2\n>p1 move triplearrows +2, move zenheadbutt +1\n>p2 move knockoff +2, move wildcharge +1\n>p1 switch 3, switch 5\n>p1 move iceshard +2, move extremespeed +1\n>p2 move protect, move highhorsepower +2\n>p2 pass, switch 4\n>p1 move highhorsepower +2, move extremespeed +1\n>p2 move helpinghand -2, move firstimpression +2\n>p2 switch 3, pass\n>p1 move stoneedge +1, pass\n>p2 move quiverdance, move dragonclaw +1\n>p1 move iceshard +2, pass\n>p2 pass, move closecombat +1", "uploadtime": 1770775273, "views": 75, "formatid": "gen9randomdoublesbattle", "rating": 1562, "private": 0, "password": null}