{"id": "gen9randomdoublesbattle-2534538509", "format": "[Gen 9] Random Doubles Battle", "players": ["TestarossaMontanna", "paninipi7"], "log": "|j|☆TestarossaMontanna\n|j|☆paninipi7\n|t:|1770434095\n|gametype|doubles\n|player|p1|TestarossaMontanna|102|1571\n|player|p2|paninipi7|youngster-gen4dp|1623\n|gen|9\n|tier|[Gen 9] Random Doubles Battle\n|rated|\n|rule|Species Clause: Limit one of each Pokémon\n|rule|HP Percentage Mod: HP is shown in percentages\n|rule|Illusion Level Mod: Illusion disguises the Pokémon's true level\n|rule|Sleep Clause Mod: Limit one foe put to sleep\n|\n|t:|1770434095\n|teamsize|p1|6\n|teamsize|p2|6\n|start\n|switch|p1a: Ninetales|Ninetales-Alola, L75, M|233/233\n|switch|p1b: Talonflame|Talonflame, L82, M|262/262\n|switch|p2a: Necrozma|Necrozma, L80|286/286\n|switch|p2b: Porygon-Z|Porygon-Z, L84|280/280\n|-weather|Snowscape|[from] ability: Snow Warning|[of] p1a: Ninetales\n|turn|1\n|inactive|Battle timer is ON: inactive players will automatically lose when time's up. (requested by TestarossaMontanna)\n|inactive|paninipi7 also wants the timer to be on.\n|\n|t:|1770434118\n|move|p1b: Talonflame|Protect|p1b: Talonflame\n|-singleturn|p1b: Talonflame|Protect\n|move|p1a: Ninetales|Aurora Veil|p1a: Ninetales\n|-sidestart|p1: TestarossaMontanna|move: Aurora Veil\n|move|p2b: Porygon-Z|Nasty Plot|p2b: Porygon-Z\n|-boost|p2b: Porygon-Z|spa|2\n|move|p2a: Necrozma|Meteor Beam||[still]\n|-prepare|p2a: Necrozma|Meteor Beam\n|-boost|p2a: Necrozma|spa|1\n|-enditem|p2a: Necrozma|Power Herb\n|-anim|p2a: Necrozma|Meteor Beam|p1b: Talonflame\n|-activate|p1b: Talonflame|move: Protect\n|\n|-weather|Snowscape|[upkeep]\n|upkeep\n|turn|2\n|\n|t:|1770434132\n|move|p2b: Porygon-Z|Protect|p2b: Porygon-Z\n|-singleturn|p2b: Porygon-Z|Protect\n|move|p1b: Talonflame|Brave Bird|p2b: Porygon-Z\n|-activate|p2b: Porygon-Z|move: Protect\n|move|p1a: Ninetales|Blizzard|p2a: Necrozma|[spread] p2a\n|-activate|p2b: Porygon-Z|move: Protect\n|-damage|p2a: Necrozma|217/286\n|move|p2a: Necrozma|Meteor Beam||[still]\n|-prepare|p2a: Necrozma|Meteor Beam\n|-boost|p2a: Necrozma|spa|1\n|\n|-weather|Snowscape|[upkeep]\n|upkeep\n|turn|3\n|\n|t:|1770434146\n|move|p1b: Talonflame|Protect|p1b: Talonflame\n|-singleturn|p1b: Talonflame|Protect\n|move|p1a: Ninetales|Protect|p1a: Ninetales\n|-singleturn|p1a: Ninetales|Protect\n|move|p2b: Porygon-Z|Tera Blast|p1b: Talonflame\n|-activate|p1b: Talonflame|move: Protect\n|move|p2a: Necrozma|Meteor Beam|p1a: Ninetales|[from] lockedmove\n|-activate|p1a: Ninetales|move: Protect\n|\n|-weather|Snowscape|[upkeep]\n|upkeep\n|turn|4\n|\n|t:|1770434159\n|move|p2a: Necrozma|Protect|p2a: Necrozma\n|-singleturn|p2a: Necrozma|Protect\n|move|p1b: Talonflame|Brave Bird|p2a: Necrozma\n|-activate|p2a: Necrozma|move: Protect\n|move|p1a: Ninetales|Blizzard|p2a: Necrozma|[spread] p2b\n|-activate|p2a: Necrozma|move: Protect\n|-damage|p2b: Porygon-Z|213/280\n|move|p2b: Porygon-Z|Tera Blast|p1b: Talonflame\n|-damage|p1b: Talonflame|0 fnt\n|faint|p1b: Talonflame\n|-damage|p2b: Porygon-Z|185/280|[from] item: Life Orb\n|\n|-weather|Snowscape|[upkeep]\n|upkeep\n|\n|t:|1770434173\n|switch|p1b: Abomasnow|Abomasnow, L81, F|278/278\n|turn|5\n|\n|t:|1770434188\n|switch|p1b: Garchomp|Garchomp, L77, M|293/293\n|move|p2b: Porygon-Z|Protect|p2b: Porygon-Z\n|-singleturn|p2b: Porygon-Z|Protect\n|move|p1a: Ninetales|Blizzard|p2a: Necrozma|[spread] p2a\n|-activate|p2b: Porygon-Z|move: Protect\n|-damage|p2a: Necrozma|156/286\n|move|p2a: Necrozma|Meteor Beam||[still]\n|-prepare|p2a: Necrozma|Meteor Beam\n|-boost|p2a: Necrozma|spa|1\n|\n|-weather|none\n|upkeep\n|turn|6\n|\n|t:|1770434202\n|move|p1a: Ninetales|Protect|p1a: Ninetales\n|-singleturn|p1a: Ninetales|Protect\n|move|p1b: Garchomp|Swords Dance|p1b: Garchomp\n|-boost|p1b: Garchomp|atk|2\n|move|p2b: Porygon-Z|Tera Blast|p1b: Garchomp\n|-damage|p1b: Garchomp|10/293\n|-damage|p2b: Porygon-Z|157/280|[from] item: Life Orb\n|move|p2a: Necrozma|Meteor Beam|p1a: Ninetales|[from] lockedmove\n|-activate|p1a: Ninetales|move: Protect\n|\n|upkeep\n|turn|7\n|\n|t:|1770434221\n|move|p2a: Necrozma|Protect|p2a: Necrozma\n|-singleturn|p2a: Necrozma|Protect\n|move|p1a: Ninetales|Moonblast|p2a: Necrozma\n|-activate|p2a: Necrozma|move: Protect\n|move|p1b: Garchomp|Scale Shot|p2b: Porygon-Z\n|-damage|p2b: Porygon-Z|93/280\n|-damage|p2b: Porygon-Z|26/280\n|-damage|p2b: Porygon-Z|0 fnt\n|faint|p2b: Porygon-Z\n|-hitcount|p2: Porygon-Z|3\n|-unboost|p1b: Garchomp|def|1\n|-boost|p1b: Garchomp|spe|1\n|\n|upkeep\n|\n|t:|1770434232\n|switch|p2b: Banette|Banette, L94, F|273/273\n|-item|p1a: Ninetales|Light Clay|[from] ability: Frisk|[of] p2b: Banette\n|-item|p1b: Garchomp|Loaded Dice|[from] ability: Frisk|[of] p2b: Banette\n|turn|8\n|\n|t:|1770434246\n|move|p1a: Ninetales|Protect|p1a: Ninetales\n|-singleturn|p1a: Ninetales|Protect\n|move|p2b: Banette|Shadow Sneak|p1b: Garchomp\n|-damage|p1b: Garchomp|0 fnt\n|-damage|p2b: Banette|239/273|[from] ability: Rough Skin|[of] p1b: Garchomp\n|faint|p1b: Garchomp\n|-damage|p2b: Banette|212/273|[from] item: Life Orb\n|move|p2a: Necrozma|Photon Geyser|p1a: Ninetales\n|-activate|p1a: Ninetales|move: Protect\n|\n|-sideend|p1: TestarossaMontanna|move: Aurora Veil\n|upkeep\n|\n|t:|1770434251\n|switch|p1b: Abomasnow|Abomasnow, L81, F|278/278\n|-weather|Snowscape|[from] ability: Snow Warning|[of] p1b: Abomasnow\n|turn|9\n|\n|t:|1770434269\n|move|p1a: Ninetales|Aurora Veil|p1a: Ninetales\n|-sidestart|p1: TestarossaMontanna|move: Aurora Veil\n|move|p2b: Banette|Gunk Shot|p1b: Abomasnow\n|-supereffective|p1b: Abomasnow\n|-damage|p1b: Abomasnow|105/278\n|-enditem|p1b: Abomasnow|Sitrus Berry|[eat]\n|-heal|p1b: Abomasnow|174/278|[from] item: Sitrus Berry\n|-damage|p2b: Banette|185/273|[from] item: Life Orb\n|move|p2a: Necrozma|Photon Geyser|p1a: Ninetales\n|-damage|p1a: Ninetales|29/233\n|move|p1b: Abomasnow|Wood Hammer|p2a: Necrozma\n|-damage|p2a: Necrozma|41/286\n|-damage|p1b: Abomasnow|136/278|[from] Recoil\n|\n|-weather|Snowscape|[upkeep]\n|upkeep\n|turn|10\n|\n|t:|1770434290\n|move|p2a: Necrozma|Protect|p2a: Necrozma\n|-singleturn|p2a: Necrozma|Protect\n|move|p1b: Abomasnow|Ice Shard|p2a: Necrozma\n|-activate|p2a: Necrozma|move: Protect\n|move|p1a: Ninetales|Blizzard|p2a: Necrozma|[spread] p2b\n|-activate|p2a: Necrozma|move: Protect\n|-damage|p2b: Banette|116/273\n|move|p2b: Banette|Poltergeist|p1a: Ninetales\n|-activate|p1a: Ninetales|move: Poltergeist|Light Clay\n|-damage|p1a: Ninetales|0 fnt\n|faint|p1a: Ninetales\n|-damage|p2b: Banette|89/273|[from] item: Life Orb\n|\n|-weather|Snowscape|[upkeep]\n|upkeep\n|\n|t:|1770434303\n|switch|p1a: Regidrago|Regidrago, L74|418/418\n|turn|11\n|\n|t:|1770434310\n|move|p2b: Banette|Shadow Sneak|p1a: Regidrago\n|-damage|p1a: Regidrago|331/418\n|-damage|p2b: Banette|62/273|[from] item: Life Orb\n|move|p1a: Regidrago|Dragon Energy|p2a: Necrozma|[spread] p2a,p2b\n|-damage|p2a: Necrozma|0 fnt\n|-damage|p2b: Banette|0 fnt\n|faint|p2a: Necrozma\n|faint|p2b: Banette\n|move|p1b: Abomasnow|Blizzard|p2: Necrozma|[notarget]\n|-fail|p1b: Abomasnow\n|\n|-weather|Snowscape|[upkeep]\n|upkeep\n|\n|t:|1770434328\n|switch|p2b: Excadrill|Excadrill, L82, F|315/315\n|switch|p2a: Golduck|Golduck, L91, M|293/293\n|-ability|p2a: Golduck|Cloud Nine\n|-ability|p2b: Excadrill|Mold Breaker\n|turn|12\n|\n|t:|1770434340\n|move|p2a: Golduck|Protect|p2a: Golduck\n|-singleturn|p2a: Golduck|Protect\n|move|p1a: Regidrago|Dragon Energy|p2b: Excadrill|[spread] p2b\n|-activate|p2a: Golduck|move: Protect\n|-resisted|p2b: Excadrill\n|-damage|p2b: Excadrill|240/315\n|move|p2b: Excadrill|Iron Head|p1a: Regidrago\n|-damage|p1a: Regidrago|175/418\n|-damage|p2b: Excadrill|209/315|[from] item: Life Orb\n|move|p1b: Abomasnow|Wood Hammer|p2a: Golduck\n|-activate|p2a: Golduck|move: Protect\n|\n|-weather|Snowscape|[upkeep]\n|upkeep\n|turn|13\n|\n|t:|1770434364\n|switch|p1a: Kyogre|Kyogre, L65|238/238\n|-weather|RainDance|[from] ability: Drizzle|[of] p1a: Kyogre\n|move|p2a: Golduck|Protect|p2a: Golduck\n|-singleturn|p2a: Golduck|Protect\n|move|p2b: Excadrill|Iron Head|p1b: Abomasnow\n|-supereffective|p1b: Abomasnow\n|-damage|p1b: Abomasnow|0 fnt\n|faint|p1b: Abomasnow\n|-damage|p2b: Excadrill|178/315|[from] item: Life Orb\n|\n|-weather|RainDance|[upkeep]\n|upkeep\n|\n|t:|1770434372\n|switch|p1b: Regidrago|Regidrago, L74|175/418\n|turn|14\n|\n|t:|1770434391\n|-terastallize|p1a: Kyogre|Water\n|move|p2b: Excadrill|Protect|p2b: Excadrill\n|-singleturn|p2b: Excadrill|Protect\n|move|p1b: Regidrago|Dragon Claw|p2a: Golduck\n|-damage|p2a: Golduck|194/293\n|move|p1a: Kyogre|Water Spout|p2b: Excadrill|[spread] p2a\n|-activate|p2b: Excadrill|move: Protect\n|-resisted|p2a: Golduck\n|-damage|p2a: Golduck|124/293\n|move|p2a: Golduck|Grass Knot|p1a: Kyogre\n|-supereffective|p1a: Kyogre\n|-damage|p1a: Kyogre|98/238\n|-damage|p2a: Golduck|95/293|[from] item: Life Orb\n|\n|-weather|RainDance|[upkeep]\n|upkeep\n|turn|15\n|-message|TestarossaMontanna forfeited.\n|\n|win|paninipi7\n|raw|TestarossaMontanna's rating: 1571 &rarr; <strong>1554</strong><br />(-17 for losing)\n|raw|paninipi7's rating: 1623 &rarr; <strong>1640</strong><br />(+17 for winning)\n|l|☆TestarossaMontanna\n|player|p1|\n", "inputlog": ">version ccdc32dd7cde25fd9e4bed64820e885f66e78a4e\n>start {\"formatid\":\"gen9randomdoublesbattle\",\"seed\":\"sodium,e705c2adede23f0fd71c4720ed8bf081\",\"rated\":\"Rated battle\"}\n>player p1 {\"name\":\"TestarossaMontanna\",\"avatar\":\"102\",\"rating\":1571,\"seed\":\"sodium,fe4a9f55182601cf770d640e45836162\"}\n>player p2 {\"name\":\"paninipi7\",\"avatar\":\"youngster-gen4dp\",\"rating\":1623,\"seed\":\"sodium,515c7d3036e18814692954fad9b3f1b7\"}\n>p1 move auroraveil, move protect\n>p2 move meteorbeam +2, move nastyplot\n>p1 move blizzard, move bravebird +2\n>p2 move meteorbeam +1, move protect\n>p1 move protect, move protect\n>p2 move meteorbeam +1, move terablast +2\n>p1 move blizzard, move bravebird +1\n>p2 move protect, move terablast +2\n>p1 pass, switch 3\n>p1 move blizzard, switch 4\n>p2 move meteorbeam +1, move protect\n>p1 move protect, move swordsdance\n>p2 move meteorbeam +1, move terablast +2\n>p1 move moonblast +1, move scaleshot +2\n>p2 move protect, move terablast +2\n>p2 pass, switch 6\n>p1 move protect, move earthquake\n>p2 move photongeyser +1, move shadowsneak +2\n>p1 pass, switch 4\n>p1 move auroraveil, move woodhammer +1\n>p2 move photongeyser +1, move gunkshot +2\n>p1 move blizzard, move iceshard +1\n>p2 move protect, move poltergeist +1\n>p1 switch 5, pass\n>p1 move dragonenergy, move blizzard\n>p2 move photongeyser +2, move shadowsneak +1\n>p2 switch 5, switch 3\n>p1 move dragonenergy, move woodhammer +1\n>p2 move protect, move ironhead +1\n>p1 switch 6, move woodhammer +1\n>p2 move protect, move ironhead +2\n>p1 pass, switch 6\n>p1 move waterspout terastallize, move dragonclaw +1\n>p2 move grassknot +1, move protect\n>forcelose p1", "uploadtime": 1770434414, "views": 89, "formatid": "gen9randomdoublesbattle", "rating": 1554, "private": 0, "password": null}