{"id": "gen9randomdoublesbattle-2534920302", "format": "[Gen 9] Random Doubles Battle", "players": ["gualagualaguala", "pejjkarn"], "log": "|j|☆gualagualaguala\n|j|☆pejjkarn\n|t:|1770492661\n|gametype|doubles\n|player|p1|gualagualaguala|169|1645\n|player|p2|pejjkarn|102|1624\n|gen|9\n|tier|[Gen 9] Random Doubles Battle\n|rated|\n|rule|Species Clause: Limit one of each Pokémon\n|rule|HP Percentage Mod: HP is shown in percentages\n|rule|Illusion Level Mod: Illusion disguises the Pokémon's true level\n|rule|Sleep Clause Mod: Limit one foe put to sleep\n|\n|t:|1770492661\n|teamsize|p1|6\n|teamsize|p2|6\n|start\n|switch|p1a: Golem|Golem, L87, F|281/281\n|switch|p1b: Toedscruel|Toedscruel, L87, M|281/281\n|switch|p2a: Cloyster|Cloyster, L87, M|229/229\n|switch|p2b: Cryogonal|Cryogonal, L88|284/284\n|turn|1\n|inactive|Battle timer is ON: inactive players will automatically lose when time's up. (requested by gualagualaguala)\n|c|☆gualagualaguala|What a matchup hahaha\n|inactive|gualagualaguala has 120 seconds left.\n|inactive|gualagualaguala has 90 seconds left.\n|\n|t:|1770492725\n|-terastallize|p1b: Toedscruel|Water\n|move|p1b: Toedscruel|Rage Powder|p1b: Toedscruel\n|-singleturn|p1b: Toedscruel|move: Rage Powder\n|move|p2b: Cryogonal|Freeze-Dry|p1b: Toedscruel\n|-supereffective|p1b: Toedscruel\n|-damage|p1b: Toedscruel|165/281\n|move|p2a: Cloyster|Icicle Spear|p1b: Toedscruel\n|-resisted|p1b: Toedscruel\n|-damage|p1b: Toedscruel|147/281\n|-resisted|p1b: Toedscruel\n|-damage|p1b: Toedscruel|132/281\n|-enditem|p1b: Toedscruel|Sitrus Berry|[eat]\n|-heal|p1b: Toedscruel|202/281|[from] item: Sitrus Berry\n|-resisted|p1b: Toedscruel\n|-damage|p1b: Toedscruel|184/281\n|-resisted|p1b: Toedscruel\n|-damage|p1b: Toedscruel|167/281\n|-resisted|p1b: Toedscruel\n|-damage|p1b: Toedscruel|151/281\n|-hitcount|p1b: Toedscruel|5\n|move|p1a: Golem|Rock Slide|p2b: Cryogonal|[spread] p2a,p2b\n|-supereffective|p2a: Cloyster\n|-supereffective|p2b: Cryogonal\n|-damage|p2a: Cloyster|113/229\n|-damage|p2b: Cryogonal|0 fnt\n|faint|p2b: Cryogonal\n|\n|upkeep\n|\n|t:|1770492741\n|switch|p2b: Leafeon|Leafeon, L90, M|263/263\n|turn|2\n|\n|t:|1770492765\n|switch|p1a: Meganium|Meganium, L91, F|293/293\n|move|p1b: Toedscruel|Earth Power|p2a: Cloyster\n|-damage|p2a: Cloyster|0 fnt\n|faint|p2a: Cloyster\n|move|p2b: Leafeon|Leaf Blade|p1a: Meganium\n|-resisted|p1a: Meganium\n|-damage|p1a: Meganium|231/293\n|-damage|p2b: Leafeon|237/263|[from] item: Life Orb\n|\n|upkeep\n|\n|t:|1770492782\n|switch|p2a: Zapdos|Zapdos, L77|265/265\n|turn|3\n|inactive|gualagualaguala has 120 seconds left.\n|\n|t:|1770492818\n|switch|p1b: Galvantula|Galvantula, L85, M|258/258\n|switch|p1a: Golem|Golem, L87, F|281/281\n|move|p2b: Leafeon|Leaf Blade|p1b: Galvantula\n|-resisted|p1b: Galvantula\n|-damage|p1b: Galvantula|150/258\n|-damage|p2b: Leafeon|211/263|[from] item: Life Orb\n|move|p2a: Zapdos|Hurricane|p1a: Golem\n|-resisted|p1a: Golem\n|-damage|p1a: Golem|184/281\n|-start|p1a: Golem|confusion\n|-damage|p2a: Zapdos|239/265|[from] item: Life Orb\n|\n|upkeep\n|turn|4\n|inactive|gualagualaguala has 120 seconds left.\n|\n|t:|1770492844\n|switch|p1a: Meganium|Meganium, L91, F|231/293\n|move|p1b: Galvantula|Bug Buzz|p2b: Leafeon\n|-supereffective|p2b: Leafeon\n|-damage|p2b: Leafeon|0 fnt\n|faint|p2b: Leafeon\n|move|p2a: Zapdos|Heat Wave|p1b: Galvantula|[spread] p1a,p1b\n|-supereffective|p1a: Meganium\n|-supereffective|p1b: Galvantula\n|-damage|p1a: Meganium|127/293\n|-damage|p1b: Galvantula|0 fnt\n|-enditem|p1a: Meganium|Sitrus Berry|[eat]\n|-heal|p1a: Meganium|200/293|[from] item: Sitrus Berry\n|faint|p1b: Galvantula\n|-damage|p2a: Zapdos|213/265|[from] item: Life Orb\n|\n|upkeep\n|\n|t:|1770492869\n|switch|p1b: Golem|Golem, L87, F|184/281\n|switch|p2b: Calyrex|Calyrex, L94|340/340\n|-ability|p2b: Calyrex|Unnerve\n|turn|5\n|inactive|pejjkarn has 120 seconds left.\n|\n|t:|1770492900\n|move|p2b: Calyrex|Leaf Storm|p1b: Golem\n|-supereffective|p1b: Golem\n|-damage|p1b: Golem|0 fnt\n|-unboost|p2b: Calyrex|spa|2\n|faint|p1b: Golem\n|move|p2a: Zapdos|Hurricane|p1a: Meganium|[miss]\n|-miss|p2a: Zapdos|p1a: Meganium\n|move|p1a: Meganium|Knock Off|p2b: Calyrex\n|-supereffective|p2b: Calyrex\n|-damage|p2b: Calyrex|204/340\n|-enditem|p2b: Calyrex|Sitrus Berry|[from] move: Knock Off|[of] p1a: Meganium\n|\n|upkeep\n|\n|t:|1770492924\n|switch|p1b: Alcremie|Alcremie-Mint-Cream, L90, F|263/263\n|turn|6\n|\n|t:|1770492942\n|switch|p1a: Toedscruel|Toedscruel, L87, M, tera:Water|151/281\n|move|p1b: Alcremie|Protect|p1b: Alcremie\n|-singleturn|p1b: Alcremie|Protect\n|move|p2b: Calyrex|Pollen Puff|p1a: Toedscruel\n|-damage|p1a: Toedscruel|126/281\n|move|p2a: Zapdos|Heat Wave|p1a: Toedscruel|[spread] p1a\n|-activate|p1b: Alcremie|move: Protect\n|-resisted|p1a: Toedscruel\n|-damage|p1a: Toedscruel|103/281\n|-damage|p2a: Zapdos|187/265|[from] item: Life Orb\n|\n|upkeep\n|turn|7\n|inactive|gualagualaguala has 120 seconds left.\n|\n|t:|1770492977\n|move|p1b: Alcremie|Helping Hand|p1a: Toedscruel\n|-singleturn|p1a: Toedscruel|Helping Hand|[of] p1b: Alcremie\n|move|p1a: Toedscruel|Earth Power|p2b: Calyrex\n|-resisted|p2b: Calyrex\n|-damage|p2b: Calyrex|138/340\n|move|p2b: Calyrex|Pollen Puff|p1a: Toedscruel\n|-damage|p1a: Toedscruel|74/281\n|move|p2a: Zapdos|Thunderbolt|p1a: Toedscruel\n|-supereffective|p1a: Toedscruel\n|-damage|p1a: Toedscruel|0 fnt\n|faint|p1a: Toedscruel\n|-damage|p2a: Zapdos|161/265|[from] item: Life Orb\n|\n|upkeep\n|\n|t:|1770492983\n|switch|p1a: Mightyena|Mightyena, L95, M|287/287\n|-ability|p1a: Mightyena|Intimidate|boost\n|-unboost|p2a: Zapdos|atk|1\n|-unboost|p2b: Calyrex|atk|1\n|turn|8\n|inactive|gualagualaguala has 120 seconds left.\n|\n|t:|1770493005\n|move|p2b: Calyrex|Pollen Puff|p2a: Zapdos\n|-heal|p2a: Zapdos|265/265\n|move|p2a: Zapdos|Heat Wave|p1b: Alcremie|[spread] p1a,p1b\n|-damage|p1a: Mightyena|203/287\n|-damage|p1b: Alcremie|219/263\n|-damage|p2a: Zapdos|239/265|[from] item: Life Orb\n|move|p1a: Mightyena|Throat Chop|p2b: Calyrex\n|-supereffective|p2b: Calyrex\n|-damage|p2b: Calyrex|0 fnt\n|faint|p2b: Calyrex\n|-damage|p1a: Mightyena|175/287|[from] item: Life Orb\n|move|p1b: Alcremie|Dazzling Gleam|p2a: Zapdos\n|-damage|p2a: Zapdos|133/265\n|\n|upkeep\n|\n|t:|1770493010\n|switch|p2b: Sudowoodo|Sudowoodo, L94, M|284/284\n|turn|9\n|\n|t:|1770493027\n|move|p1a: Mightyena|Sucker Punch|p2a: Zapdos\n|-damage|p2a: Zapdos|0 fnt\n|faint|p2a: Zapdos\n|-damage|p1a: Mightyena|147/287|[from] item: Life Orb\n|move|p1b: Alcremie|Dazzling Gleam|p2b: Sudowoodo\n|-damage|p2b: Sudowoodo|164/284\n|move|p2b: Sudowoodo|Head Smash|p1a: Mightyena\n|-damage|p1a: Mightyena|0 fnt\n|faint|p1a: Mightyena\n|-damage|p2b: Sudowoodo|136/284|[from] item: Life Orb\n|\n|upkeep\n|\n|t:|1770493035\n|switch|p1a: Meganium|Meganium, L91, F|200/293\n|turn|10\n|c|☆gualagualaguala|Gg bro\n|\n|t:|1770493060\n|-terastallize|p2b: Sudowoodo|Grass\n|move|p1a: Meganium|Energy Ball|p2b: Sudowoodo\n|-resisted|p2b: Sudowoodo\n|-damage|p2b: Sudowoodo|82/284\n|move|p1b: Alcremie|Dazzling Gleam|p2b: Sudowoodo\n|-damage|p2b: Sudowoodo|0 fnt\n|faint|p2b: Sudowoodo\n|\n|win|gualagualaguala\n|raw|gualagualaguala's rating: 1645 &rarr; <strong>1663</strong><br />(+18 for winning)\n|raw|pejjkarn's rating: 1606 &rarr; <strong>1588</strong><br />(-18 for losing)\n|l|☆pejjkarn\n|player|p2|\n", "inputlog": ">version ccdc32dd7cde25fd9e4bed64820e885f66e78a4e\n>start {\"formatid\":\"gen9randomdoublesbattle\",\"seed\":\"sodium,e54ac5f5bb42d98deb04195e1d2aa0e9\",\"rated\":\"Rated battle\"}\n>player p1 {\"name\":\"gualagualaguala\",\"avatar\":\"169\",\"rating\":1645,\"seed\":\"sodium,57679f9e5c76ba4adc8ab9716f5a74df\"}\n>player p2 {\"name\":\"pejjkarn\",\"avatar\":\"102\",\"rating\":1624,\"seed\":\"sodium,89f3aef4a0bef9a104af0e756be2ea5f\"}\n>chat ☆gualagualaguala|What a matchup hahaha\n>p1 move rockslide, move ragepowder terastallize\n>p2 move iciclespear +2, move freezedry +1\n>p2 pass, switch 5\n>p1 switch 3, move earthpower +1\n>p2 move shellsmash, move leafblade +1\n>p2 switch 4, pass\n>p1 switch 3, switch 5\n>p2 move hurricane +1, move leafblade +2\n>p1 switch 3, move bugbuzz +2\n>p2 move heatwave, move leafblade +1\n>p1 pass, switch 3\n>p2 pass, switch 6\n>p1 move knockoff +2, move rockslide\n>p2 move hurricane +1, move leafstorm +2\n>p1 pass, switch 6\n>p1 switch 5, move protect\n>p2 move heatwave, move pollenpuff +1\n>p1 move earthpower +2, move helpinghand -1\n>p2 move thunderbolt +1, move pollenpuff +1\n>p1 switch 4, pass\n>p1 move throatchop +2, move dazzlinggleam\n>p2 move heatwave, move pollenpuff -1\n>p2 pass, switch 3\n>p1 move suckerpunch +1, move dazzlinggleam\n>p2 move heatwave, move headsmash +1\n>p1 switch 5, pass\n>chat ☆gualagualaguala|Gg bro \n>p1 move energyball +2, move dazzlinggleam\n>p2 pass, move headsmash +2 terastallize", "uploadtime": 1770493081, "views": 91, "formatid": "gen9randomdoublesbattle", "rating": 1588, "private": 0, "password": null}