{"id": "gen9randomdoublesbattle-2536407431", "format": "[Gen 9] Random Doubles Battle", "players": ["arthur2603", "mashing a"], "log": "|j|☆arthur2603\n|j|☆mashing a\n|t:|1770684278\n|gametype|doubles\n|player|p1|arthur2603|169|1617\n|player|p2|mashing a|101|1662\n|gen|9\n|tier|[Gen 9] Random Doubles Battle\n|rated|\n|rule|Species Clause: Limit one of each Pokémon\n|rule|HP Percentage Mod: HP is shown in percentages\n|rule|Illusion Level Mod: Illusion disguises the Pokémon's true level\n|rule|Sleep Clause Mod: Limit one foe put to sleep\n|\n|t:|1770684278\n|teamsize|p1|6\n|teamsize|p2|6\n|start\n|switch|p1a: Slowbro|Slowbro-Galar, L87, M|307/307\n|switch|p1b: Slowking|Slowking-Galar, L86, F|304/304\n|switch|p2a: Ampharos|Ampharos, L86, M|295/295\n|switch|p2b: Oinkologne|Oinkologne-F, L92, F|361/361\n|turn|1\n|inactive|Battle timer is ON: inactive players will automatically lose when time's up. (requested by mashing a)\n|inactive|mashing a has 120 seconds left.\n|\n|t:|1770684323\n|move|p2b: Oinkologne|High Horsepower|p1a: Slowbro\n|-supereffective|p1a: Slowbro\n|-damage|p1a: Slowbro|97/307\n|move|p2a: Ampharos|Thunderbolt|p1a: Slowbro\n|-damage|p1a: Slowbro|0 fnt\n|faint|p1a: Slowbro\n|move|p1b: Slowking|Trick Room|p1b: Slowking\n|-fieldstart|move: Trick Room|[of] p1b: Slowking\n|\n|upkeep\n|\n|t:|1770684343\n|switch|p1a: Ursaluna|Ursaluna-Bloodmoon, L78, M|304/304\n|turn|2\n|\n|t:|1770684367\n|switch|p1b: Vikavolt|Vikavolt, L84, M|267/267\n|-terastallize|p1a: Ursaluna|Normal\n|move|p1a: Ursaluna|Blood Moon|p2b: Oinkologne\n|-damage|p2b: Oinkologne|159/361\n|move|p2a: Ampharos|Thunderbolt|p1b: Vikavolt\n|-resisted|p1b: Vikavolt\n|-damage|p1b: Vikavolt|208/267\n|move|p2b: Oinkologne|High Horsepower|p1b: Vikavolt\n|-immune|p1b: Vikavolt|[from] ability: Levitate\n|\n|upkeep\n|turn|3\n|\n|t:|1770684393\n|switch|p2a: Dragalge|Dragalge, L88, M|258/258\n|switch|p2b: Dudunsparce|Dudunsparce-Three-Segment, L86, F|355/355\n|move|p1b: Vikavolt|Bug Buzz|p2b: Dudunsparce\n|-damage|p2b: Dudunsparce|219/355\n|-ability|p2b: Dudunsparce|Rattled|boost\n|-boost|p2b: Dudunsparce|spe|1\n|move|p1a: Ursaluna|Hyper Voice|p2b: Dudunsparce|[spread] p2a,p2b\n|-damage|p2a: Dragalge|174/258\n|-damage|p2b: Dudunsparce|109/355\n|-enditem|p2b: Dudunsparce|Sitrus Berry|[eat]\n|-heal|p2b: Dudunsparce|197/355|[from] item: Sitrus Berry\n|\n|upkeep\n|turn|4\n|\n|t:|1770684414\n|move|p2a: Dragalge|Protect|p2a: Dragalge\n|-singleturn|p2a: Dragalge|Protect\n|move|p1b: Vikavolt|Thunderbolt|p2b: Dudunsparce\n|-damage|p2b: Dudunsparce|62/355\n|move|p1a: Ursaluna|Blood Moon|p2a: Dragalge\n|-activate|p2a: Dragalge|move: Protect\n|move|p2b: Dudunsparce|Boomburst|p1b: Vikavolt|[spread] p1a,p1b\n|-activate|p2a: Dragalge|move: Protect\n|-damage|p1a: Ursaluna|208/304\n|-damage|p1b: Vikavolt|97/267\n|-enditem|p1b: Vikavolt|Sitrus Berry|[eat]\n|-heal|p1b: Vikavolt|163/267|[from] item: Sitrus Berry\n|\n|upkeep\n|turn|5\n|\n|t:|1770684434\n|switch|p2a: Glaceon|Glaceon, L86, M|252/252\n|move|p2b: Dudunsparce|Protect|p2b: Dudunsparce\n|-singleturn|p2b: Dudunsparce|Protect\n|move|p1b: Vikavolt|Thunderbolt|p2b: Dudunsparce\n|-activate|p2b: Dudunsparce|move: Protect\n|move|p1a: Ursaluna|Earth Power|p2a: Glaceon\n|-damage|p2a: Glaceon|146/252\n|\n|-fieldend|move: Trick Room\n|upkeep\n|turn|6\n|\n|t:|1770684462\n|move|p2b: Dudunsparce|Helping Hand|p2a: Glaceon\n|-singleturn|p2a: Glaceon|Helping Hand|[of] p2b: Dudunsparce\n|move|p1a: Ursaluna|Vacuum Wave|p2b: Dudunsparce\n|-supereffective|p2b: Dudunsparce\n|-damage|p2b: Dudunsparce|0 fnt\n|faint|p2b: Dudunsparce\n|move|p2a: Glaceon|Blizzard|p1a: Ursaluna|[spread] p1a,p1b\n|-damage|p1a: Ursaluna|60/304\n|-damage|p1b: Vikavolt|0 fnt\n|faint|p1b: Vikavolt\n|\n|upkeep\n|inactive|mashing a has 120 seconds left.\n|\n|t:|1770684484\n|switch|p2b: Toxtricity|Toxtricity-Low-Key, L82, M|257/257\n|switch|p1b: Quaquaval|Quaquaval, L82, F|274/274\n|turn|7\n|inactive|mashing a has 120 seconds left.\n|\n|t:|1770684513\n|move|p1b: Quaquaval|Close Combat|p2a: Glaceon\n|-supereffective|p2a: Glaceon\n|-damage|p2a: Glaceon|0 fnt\n|-unboost|p1b: Quaquaval|def|1\n|-unboost|p1b: Quaquaval|spd|1\n|faint|p2a: Glaceon\n|-ability|p1b: Quaquaval|Moxie|boost\n|-boost|p1b: Quaquaval|atk|1\n|-damage|p1b: Quaquaval|247/274|[from] item: Life Orb\n|move|p2b: Toxtricity|Overdrive|p1b: Quaquaval|[spread] p1a,p1b\n|-supereffective|p1b: Quaquaval\n|-damage|p1a: Ursaluna|0 fnt\n|-damage|p1b: Quaquaval|0 fnt\n|faint|p1a: Ursaluna\n|faint|p1b: Quaquaval\n|\n|upkeep\n|\n|t:|1770684532\n|switch|p1b: Slowking|Slowking-Galar, L86, F|304/304\n|switch|p2a: Oinkologne|Oinkologne-F, L92, F|159/361\n|switch|p1a: Leavanny|Leavanny, L91, F|284/284\n|turn|8\n|inactive|mashing a has 120 seconds left.\n|inactive|arthur2603 has 120 seconds left.\n|\n|t:|1770684566\n|switch|p2b: Ampharos|Ampharos, L86, M|295/295\n|move|p1a: Leavanny|Lunge|p2a: Oinkologne\n|-damage|p2a: Oinkologne|19/361\n|-unboost|p2a: Oinkologne|atk|1\n|-damage|p1a: Leavanny|256/284|[from] item: Life Orb\n|move|p2a: Oinkologne|High Horsepower|p1b: Slowking\n|-supereffective|p1b: Slowking\n|-damage|p1b: Slowking|150/304\n|move|p1b: Slowking|Psychic|p2b: Ampharos\n|-damage|p2b: Ampharos|159/295\n|-damage|p1b: Slowking|120/304|[from] item: Life Orb\n|\n|upkeep\n|turn|9\n|\n|t:|1770684583\n|move|p1a: Leavanny|Lunge|p2a: Oinkologne\n|-damage|p2a: Oinkologne|0 fnt\n|faint|p2a: Oinkologne\n|-damage|p1a: Leavanny|228/284|[from] item: Life Orb\n|move|p2b: Ampharos|Thunderbolt|p1b: Slowking\n|-damage|p1b: Slowking|29/304\n|move|p1b: Slowking|Sludge Bomb|p2b: Ampharos\n|-damage|p2b: Ampharos|21/295\n|-enditem|p2b: Ampharos|Sitrus Berry|[eat]\n|-heal|p2b: Ampharos|94/295|[from] item: Sitrus Berry\n|-damage|p1b: Slowking|0 fnt|[from] item: Life Orb\n|faint|p1b: Slowking\n|\n|upkeep\n|\n|t:|1770684596\n|switch|p2a: Toxtricity|Toxtricity-Low-Key, L82, M|257/257\n|turn|10\n|-message|arthur2603 forfeited.\n|\n|win|mashing a\n|raw|arthur2603's rating: 1617 &rarr; <strong>1600</strong><br />(-17 for losing)\n|raw|mashing a's rating: 1662 &rarr; <strong>1679</strong><br />(+17 for winning)\n|l|☆arthur2603\n|player|p1|\n", "inputlog": ">version ccdc32dd7cde25fd9e4bed64820e885f66e78a4e\n>start {\"formatid\":\"gen9randomdoublesbattle\",\"seed\":\"sodium,8dd58cb1182d908f09ff428ef2efce6d\",\"rated\":\"Rated battle\"}\n>player p1 {\"name\":\"arthur2603\",\"avatar\":\"169\",\"rating\":1617,\"seed\":\"sodium,dc69e3ba07ece9b5010cfba0d4880581\"}\n>player p2 {\"name\":\"mashing a\",\"avatar\":\"101\",\"rating\":1662,\"seed\":\"sodium,312ba1c785515c3e1f47b69dfca16324\"}\n>p1 move shellsidearm +1, move trickroom\n>p2 move thunderbolt +1, move highhorsepower +1\n>p1 switch 6, pass\n>p1 move bloodmoon +2 terastallize, switch 5\n>p2 move thunderbolt +2, move highhorsepower +2\n>p1 move hypervoice, move bugbuzz +2\n>p2 switch 5, switch 4\n>p1 move bloodmoon +1, move thunderbolt +2\n>p2 move protect, move boomburst\n>p1 move earthpower +1, move thunderbolt +2\n>p2 switch 6, move protect\n>p1 move vacuumwave +2, move thunderbolt +1\n>p2 move blizzard, move helpinghand -1\n>p1 pass, switch 3\n>p2 pass, switch 3\n>p1 move bloodmoon +2, move closecombat +1\n>p2 move freezedry +2, move overdrive\n>p1 switch 4, switch 5\n>p2 switch 4, pass\n>p1 move lunge +1, move psychic +2\n>p2 move highhorsepower +2, switch 5\n>p1 move lunge +1, move sludgebomb +2\n>p2 move highhorsepower +2, move thunderbolt +2\n>p2 switch 5, pass\n>forcelose p1", "uploadtime": 1770684620, "views": 68, "formatid": "gen9randomdoublesbattle", "rating": 1600, "private": 0, "password": null}