{"id": "gen9randomdoublesbattle-2538334592", "format": "[Gen 9] Random Doubles Battle", "players": ["latimachtparty", "nomadel147"], "log": "|j|☆latimachtparty\n|j|☆nomadel147\n|t:|1770918129\n|gametype|doubles\n|player|p1|latimachtparty|richboy|1619\n|player|p2|nomadel147|265|1572\n|gen|9\n|tier|[Gen 9] Random Doubles Battle\n|rated|\n|rule|Species Clause: Limit one of each Pokémon\n|rule|HP Percentage Mod: HP is shown in percentages\n|rule|Illusion Level Mod: Illusion disguises the Pokémon's true level\n|rule|Sleep Clause Mod: Limit one foe put to sleep\n|\n|t:|1770918129\n|teamsize|p1|6\n|teamsize|p2|6\n|start\n|switch|p1a: Greedent|Greedent, L86, F|347/347\n|switch|p1b: Hitmontop|Hitmontop, L88, M|231/231\n|switch|p2a: Whiscash|Whiscash, L88, M|337/337\n|switch|p2b: Charizard|Charizard, L82, M|262/262\n|-ability|p1b: Hitmontop|Intimidate|boost\n|-fail|p2a: Whiscash|unboost|Attack|[from] ability: Oblivious|[of] p2a: Whiscash\n|-unboost|p2b: Charizard|atk|1\n|turn|1\n|inactive|Battle timer is ON: inactive players will automatically lose when time's up. (requested by latimachtparty)\n|\n|t:|1770918167\n|move|p1b: Hitmontop|Fake Out|p2b: Charizard\n|-damage|p2b: Charizard|227/262\n|cant|p2b: Charizard|flinch\n|move|p2a: Whiscash|Muddy Water|p1b: Hitmontop|[spread] p1a,p1b\n|-damage|p1a: Greedent|278/347\n|-damage|p1b: Hitmontop|180/231\n|-unboost|p1a: Greedent|accuracy|1\n|-unboost|p1b: Hitmontop|accuracy|1\n|move|p1a: Greedent|Swords Dance|p1a: Greedent\n|-boost|p1a: Greedent|atk|2\n|\n|upkeep\n|turn|2\n|inactive|latimachtparty has 120 seconds left.\n|\n|t:|1770918198\n|switch|p1b: Clefable|Clefable, L87, F|307/307\n|move|p2b: Charizard|Scorching Sands|p1a: Greedent\n|-damage|p1a: Greedent|203/347\n|-damage|p2b: Charizard|201/262|[from] item: Life Orb\n|move|p2a: Whiscash|Muddy Water|p1b: Clefable|[spread] p1a\n|-miss|p2a: Whiscash|p1b: Clefable\n|-damage|p1a: Greedent|128/347\n|-enditem|p1a: Greedent|Sitrus Berry|[eat]\n|-heal|p1a: Greedent|214/347|[from] item: Sitrus Berry\n|-heal|p1a: Greedent|329/347|[from] ability: Cheek Pouch\n|move|p1a: Greedent|Knock Off|p2a: Whiscash\n|-damage|p2a: Whiscash|193/337\n|-enditem|p2a: Whiscash|Sitrus Berry|[from] move: Knock Off|[of] p1a: Greedent\n|\n|upkeep\n|turn|3\n|inactive|latimachtparty has 120 seconds left.\n|\n|t:|1770918227\n|move|p2b: Charizard|Protect|p2b: Charizard\n|-singleturn|p2b: Charizard|Protect\n|move|p2a: Whiscash|Protect|p2a: Whiscash\n|-singleturn|p2a: Whiscash|Protect\n|move|p1b: Clefable|Knock Off|p2b: Charizard\n|-activate|p2b: Charizard|move: Protect\n|move|p1a: Greedent|Double-Edge|p2a: Whiscash\n|-activate|p2a: Whiscash|move: Protect\n|\n|upkeep\n|turn|4\n|\n|t:|1770918250\n|-terastallize|p2a: Whiscash|Steel\n|move|p2b: Charizard|Scorching Sands|p1a: Greedent\n|-damage|p1a: Greedent|261/347\n|-status|p1a: Greedent|brn\n|-damage|p2b: Charizard|175/262|[from] item: Life Orb\n|move|p2a: Whiscash|Muddy Water|p1a: Greedent|[spread] p1a,p1b\n|-damage|p1a: Greedent|192/347 brn\n|-damage|p1b: Clefable|243/307\n|move|p1b: Clefable|Icy Wind|p2a: Whiscash|[spread] p2b\n|-miss|p1b: Clefable|p2a: Whiscash\n|-crit|p2b: Charizard\n|-damage|p2b: Charizard|111/262\n|-unboost|p2b: Charizard|spe|1\n|move|p1a: Greedent|Double-Edge|p2b: Charizard\n|-damage|p2b: Charizard|0 fnt\n|faint|p2b: Charizard\n|-damage|p1a: Greedent|155/347 brn|[from] Recoil\n|\n|-damage|p1a: Greedent|134/347 brn|[from] brn\n|upkeep\n|inactive|nomadel147 has 120 seconds left.\n|\n|t:|1770918279\n|switch|p2b: Mamoswine|Mamoswine, L82, M|315/315\n|turn|5\n|\n|t:|1770918289\n|move|p2b: Mamoswine|Icicle Crash|p1b: Clefable\n|-damage|p1b: Clefable|83/307\n|-damage|p2b: Mamoswine|284/315|[from] item: Life Orb\n|move|p2a: Whiscash|Muddy Water|p1a: Greedent|[spread] p1b\n|-miss|p2a: Whiscash|p1a: Greedent\n|-damage|p1b: Clefable|19/307\n|-unboost|p1b: Clefable|accuracy|1\n|cant|p1b: Clefable|flinch\n|move|p1a: Greedent|High Horsepower|p2a: Whiscash\n|-supereffective|p2a: Whiscash\n|-damage|p2a: Whiscash|54/337\n|\n|-damage|p1a: Greedent|113/347 brn|[from] brn\n|upkeep\n|turn|6\n|inactive|latimachtparty has 120 seconds left.\n|\n|t:|1770918320\n|move|p2b: Mamoswine|Ice Shard|p1b: Clefable\n|-damage|p1b: Clefable|0 fnt\n|faint|p1b: Clefable\n|-damage|p2b: Mamoswine|253/315|[from] item: Life Orb\n|move|p2a: Whiscash|High Horsepower|p1a: Greedent\n|-damage|p1a: Greedent|23/347 brn\n|move|p1a: Greedent|Knock Off|p2b: Mamoswine\n|-damage|p2b: Mamoswine|176/315\n|-enditem|p2b: Mamoswine|Life Orb|[from] move: Knock Off|[of] p1a: Greedent\n|\n|-damage|p1a: Greedent|2/347 brn|[from] brn\n|upkeep\n|inactive|latimachtparty has 120 seconds left.\n|\n|t:|1770918333\n|switch|p1b: Hitmontop|Hitmontop, L88, M|180/231\n|-ability|p1b: Hitmontop|Intimidate|boost\n|-fail|p2a: Whiscash|unboost|Attack|[from] ability: Oblivious|[of] p2a: Whiscash\n|-unboost|p2b: Mamoswine|atk|1\n|turn|7\n|\n|t:|1770918348\n|switch|p2a: Conkeldurr|Conkeldurr, L81, M|303/303\n|move|p2b: Mamoswine|Protect|p2b: Mamoswine\n|-singleturn|p2b: Mamoswine|Protect\n|move|p1b: Hitmontop|Close Combat|p2a: Conkeldurr\n|-damage|p2a: Conkeldurr|159/303\n|-unboost|p1b: Hitmontop|def|1\n|-unboost|p1b: Hitmontop|spd|1\n|move|p1a: Greedent|Double-Edge|p2b: Mamoswine\n|-activate|p2b: Mamoswine|move: Protect\n|\n|-damage|p1a: Greedent|0 fnt|[from] brn\n|faint|p1a: Greedent\n|-status|p2a: Conkeldurr|brn|[from] item: Flame Orb\n|upkeep\n|inactive|latimachtparty has 120 seconds left.\n|\n|t:|1770918377\n|switch|p1a: Smeargle|Smeargle, F|272/272\n|turn|8\n|\n|t:|1770918406\n|switch|p2b: Galvantula|Galvantula, L85, F|258/258\n|switch|p2a: Whiscash|Whiscash, L88, M, tera:Steel|54/337\n|move|p1a: Smeargle|Fake Out|p2a: Whiscash\n|-resisted|p2a: Whiscash\n|-damage|p2a: Whiscash|33/337\n|move|p1b: Hitmontop|Close Combat|p2b: Galvantula\n|-resisted|p2b: Galvantula\n|-damage|p2b: Galvantula|165/258\n|-unboost|p1b: Hitmontop|def|1\n|-unboost|p1b: Hitmontop|spd|1\n|\n|upkeep\n|turn|9\n|\n|t:|1770918435\n|switch|p1b: Minun|Minun, L91, F|257/257\n|move|p2b: Galvantula|Thunder|p1b: Minun\n|-immune|p1b: Minun|[from] ability: Volt Absorb\n|move|p1a: Smeargle|Tailwind|p1a: Smeargle\n|-sidestart|p1: latimachtparty|move: Tailwind\n|move|p2a: Whiscash|Icy Wind|p1a: Smeargle|[spread] p1a,p1b\n|-damage|p1a: Smeargle|234/272\n|-damage|p1b: Minun|231/257\n|-unboost|p1a: Smeargle|spe|1\n|-unboost|p1b: Minun|spe|1\n|\n|upkeep\n|turn|10\n|inactive|nomadel147 has 120 seconds left.\n|\n|t:|1770918468\n|switch|p2b: Raichu|Raichu, L87, M|246/246\n|move|p1b: Minun|Thunderbolt|p2b: Raichu\n|-activate|p2b: Raichu|ability: Lightning Rod\n|-ability|p2b: Raichu|Lightning Rod|boost\n|-boost|p2b: Raichu|spa|1\n|move|p1a: Smeargle|Decorate|p1b: Minun\n|-boost|p1b: Minun|atk|2\n|-boost|p1b: Minun|spa|2\n|move|p2a: Whiscash|Icy Wind|p1b: Minun|[spread] p1a,p1b\n|-damage|p1a: Smeargle|201/272\n|-damage|p1b: Minun|207/257\n|-unboost|p1a: Smeargle|spe|1\n|-unboost|p1b: Minun|spe|1\n|\n|upkeep\n|turn|11\n|inactive|nomadel147 has 120 seconds left.\n|inactive|latimachtparty has 120 seconds left.\n|\n|t:|1770918498\n|switch|p1a: Hitmontop|Hitmontop, L88, M|180/231\n|-ability|p1a: Hitmontop|Intimidate|boost\n|-fail|p2a: Whiscash|unboost|Attack|[from] ability: Oblivious|[of] p2a: Whiscash\n|-unboost|p2b: Raichu|atk|1\n|move|p2b: Raichu|Thunderbolt|p1a: Hitmontop\n|-crit|p1a: Hitmontop\n|-damage|p1a: Hitmontop|0 fnt\n|faint|p1a: Hitmontop\n|-damage|p2b: Raichu|222/246|[from] item: Life Orb\n|move|p1b: Minun|Super Fang|p2b: Raichu\n|-damage|p2b: Raichu|111/246\n|move|p2a: Whiscash|High Horsepower|p1b: Minun\n|-supereffective|p1b: Minun\n|-damage|p1b: Minun|0 fnt\n|faint|p1b: Minun\n|\n|upkeep\n|inactive|latimachtparty has 120 seconds left.\n|\n|t:|1770918514\n|switch|p1b: Smeargle|Smeargle, F|201/272\n|switch|p1a: Pachirisu|Pachirisu, L93, F|262/262\n|turn|12\n|inactive|latimachtparty has 120 seconds left.\n|\n|t:|1770918545\n|-terastallize|p1a: Pachirisu|Flying\n|move|p2b: Raichu|Protect|p2b: Raichu\n|-singleturn|p2b: Raichu|Protect\n|move|p2a: Whiscash|Protect|p2a: Whiscash\n|-singleturn|p2a: Whiscash|Protect\n|move|p1b: Smeargle|Fake Out|p2a: Whiscash\n|-activate|p2a: Whiscash|move: Protect\n|move|p1a: Pachirisu|Follow Me|p1a: Pachirisu\n|-singleturn|p1a: Pachirisu|move: Follow Me\n|\n|-sideend|p1: latimachtparty|move: Tailwind\n|upkeep\n|turn|13\n|inactive|latimachtparty has 120 seconds left.\n|inactive|latimachtparty has 90 seconds left.\n|\n|t:|1770918591\n|move|p2b: Raichu|Thunderbolt|p1b: Smeargle\n|-damage|p1b: Smeargle|0 fnt\n|faint|p1b: Smeargle\n|-damage|p2b: Raichu|87/246|[from] item: Life Orb\n|move|p1a: Pachirisu|Super Fang|p2b: Raichu|[miss]\n|-miss|p1a: Pachirisu|p2b: Raichu\n|move|p2a: Whiscash|Icy Wind|p1a: Pachirisu\n|-supereffective|p1a: Pachirisu\n|-damage|p1a: Pachirisu|190/262\n|-unboost|p1a: Pachirisu|spe|1\n|\n|upkeep\n|turn|14\n|\n|t:|1770918606\n|move|p2b: Raichu|Protect|p2b: Raichu\n|-singleturn|p2b: Raichu|Protect\n|move|p2a: Whiscash|Icy Wind|p1a: Pachirisu\n|-supereffective|p1a: Pachirisu\n|-damage|p1a: Pachirisu|122/262\n|-unboost|p1a: Pachirisu|spe|1\n|-enditem|p1a: Pachirisu|Sitrus Berry|[eat]\n|-heal|p1a: Pachirisu|187/262|[from] item: Sitrus Berry\n|move|p1a: Pachirisu|Super Fang|p2b: Raichu\n|-activate|p2b: Raichu|move: Protect\n|\n|upkeep\n|turn|15\n|inactive|latimachtparty has 120 seconds left.\n|\n|t:|1770918620\n|move|p2b: Raichu|Nasty Plot|p2b: Raichu\n|-boost|p2b: Raichu|spa|2\n|move|p2a: Whiscash|Icy Wind|p1a: Pachirisu\n|-supereffective|p1a: Pachirisu\n|-damage|p1a: Pachirisu|119/262\n|-unboost|p1a: Pachirisu|spe|1\n|move|p1a: Pachirisu|Super Fang|p2b: Raichu\n|-damage|p2b: Raichu|44/246\n|\n|upkeep\n|turn|16\n|\n|t:|1770918632\n|move|p2b: Raichu|Protect|p2b: Raichu\n|-singleturn|p2b: Raichu|Protect\n|move|p2a: Whiscash|Icy Wind|p1a: Pachirisu\n|-supereffective|p1a: Pachirisu\n|-damage|p1a: Pachirisu|57/262\n|-unboost|p1a: Pachirisu|spe|1\n|move|p1a: Pachirisu|Super Fang|p2b: Raichu\n|-activate|p2b: Raichu|move: Protect\n|\n|upkeep\n|turn|17\n|\n|t:|1770918643\n|move|p2b: Raichu|Tera Blast|p1a: Pachirisu\n|-damage|p1a: Pachirisu|0 fnt\n|faint|p1a: Pachirisu\n|-damage|p2b: Raichu|20/246|[from] item: Life Orb\n|\n|win|nomadel147\n|raw|latimachtparty's rating: 1619 &rarr; <strong>1596</strong><br />(-23 for losing)\n|raw|nomadel147's rating: 1572 &rarr; <strong>1595</strong><br />(+23 for winning)\n|l|☆latimachtparty\n|player|p1|\n", "inputlog": ">version ccdc32dd7cde25fd9e4bed64820e885f66e78a4e\n>start {\"formatid\":\"gen9randomdoublesbattle\",\"seed\":\"sodium,03061ebb3fa2a17659b262619a6a0430\",\"rated\":\"Rated battle\"}\n>player p1 {\"name\":\"latimachtparty\",\"avatar\":\"richboy\",\"rating\":1619,\"seed\":\"sodium,2313ab75c4467d7245016f2f2de3ef0c\"}\n>player p2 {\"name\":\"nomadel147\",\"avatar\":\"265\",\"rating\":1572,\"seed\":\"sodium,58281cb758e3b7b3e5020be43a70a167\"}\n>p1 move swordsdance, move fakeout +2\n>p2 move muddywater, move scorchingsands +1\n>p1 move knockoff +1, switch 6\n>p2 move muddywater, move scorchingsands +1\n>p1 move doubleedge +1, move knockoff +2\n>p2 move protect, move protect\n>p1 move doubleedge +2, move icywind\n>p2 move muddywater terastallize, move scorchingsands +1\n>p2 pass, switch 5\n>p1 move highhorsepower +1, move healpulse -1\n>p2 move muddywater, move iciclecrash +2\n>p1 move knockoff +2, move icywind\n>p2 move highhorsepower +1, move iceshard +2\n>p1 pass, switch 6\n>p1 move doubleedge +2, move closecombat +1\n>p2 switch 3, move protect\n>p1 switch 4, pass\n>p1 move fakeout +1, move closecombat +2\n>p2 switch 3, switch 6\n>p1 move tailwind, switch 5\n>p2 move icywind, move thunder +2\n>p1 move decorate -2, move thunderbolt +1\n>p2 move icywind, switch 4\n>p1 switch 5, move superfang +2\n>p2 move highhorsepower +2, move thunderbolt +1\n>p1 switch 3, switch 5\n>p1 move followme terastallize, move fakeout +1\n>p2 move protect, move protect\n>p1 move superfang +2, move tailwind\n>p2 move icywind, move thunderbolt +2\n>p1 move superfang +2, pass\n>p2 move icywind, move protect\n>p1 move superfang +2, pass\n>p2 move icywind, move nastyplot\n>p1 move superfang +2, pass\n>p2 move icywind, move protect\n>p1 move superfang +2, pass\n>p2 move icywind, move terablast +1", "uploadtime": 1770918656, "views": 70, "formatid": "gen9randomdoublesbattle", "rating": 1595, "private": 0, "password": null}