{"id": "gen9randomdoublesbattle-2538979830", "format": "[Gen 9] Random Doubles Battle", "players": ["shigeshigetokugawa", "Bastiodonvgc"], "log": "|j|☆shigeshigetokugawa\n|j|☆Bastiodonvgc\n|t:|1770999574\n|gametype|doubles\n|player|p1|shigeshigetokugawa|ghetsis-gen5bw|1942\n|player|p2|Bastiodonvgc|byron|1875\n|gen|9\n|tier|[Gen 9] Random Doubles Battle\n|rated|\n|rule|Species Clause: Limit one of each Pokémon\n|rule|HP Percentage Mod: HP is shown in percentages\n|rule|Illusion Level Mod: Illusion disguises the Pokémon's true level\n|rule|Sleep Clause Mod: Limit one foe put to sleep\n|\n|t:|1770999574\n|teamsize|p1|6\n|teamsize|p2|6\n|start\n|switch|p1a: Espeon|Espeon, L84, F|246/246\n|switch|p1b: Gumshoos|Gumshoos, L93, M|315/315\n|switch|p2a: Mandibuzz|Mandibuzz, L85, F|326/326\n|switch|p2b: Ambipom|Ambipom, L87, F|272/272\n|turn|1\n|\n|t:|1770999597\n|move|p2b: Ambipom|Fake Out|p1b: Gumshoos\n|-damage|p1b: Gumshoos|209/315\n|move|p1a: Espeon|Psychic|p2b: Ambipom\n|-damage|p2b: Ambipom|80/272\n|-damage|p1a: Espeon|222/246|[from] item: Life Orb\n|move|p2a: Mandibuzz|Knock Off|p1b: Gumshoos\n|-damage|p1b: Gumshoos|110/315\n|-enditem|p1b: Gumshoos|Choice Band|[from] move: Knock Off|[of] p2a: Mandibuzz\n|cant|p1b: Gumshoos|flinch\n|\n|upkeep\n|turn|2\n|inactive|Battle timer is ON: inactive players will automatically lose when time's up. (requested by Bastiodonvgc)\n|\n|t:|1770999616\n|move|p2b: Ambipom|Double-Edge|p1b: Gumshoos\n|-damage|p1b: Gumshoos|0 fnt\n|faint|p1b: Gumshoos\n|-damage|p2b: Ambipom|44/272|[from] Recoil\n|move|p1a: Espeon|Psychic|p2b: Ambipom\n|-damage|p2b: Ambipom|0 fnt\n|faint|p2b: Ambipom\n|-damage|p1a: Espeon|198/246|[from] item: Life Orb\n|move|p2a: Mandibuzz|Tailwind|p2a: Mandibuzz\n|-sidestart|p2: Bastiodonvgc|move: Tailwind\n|\n|upkeep\n|\n|t:|1770999640\n|switch|p2b: Delphox|Delphox, L83, M|260/260\n|switch|p1b: Enamorus|Enamorus, L79, F|247/247\n|turn|3\n|\n|t:|1770999652\n|move|p1a: Espeon|Protect|p1a: Espeon\n|-singleturn|p1a: Espeon|Protect\n|move|p2b: Delphox|Psychic|p1b: Enamorus\n|-damage|p1b: Enamorus|90/247\n|-damage|p2b: Delphox|234/260|[from] item: Life Orb\n|move|p2a: Mandibuzz|Brave Bird|p1b: Enamorus\n|-damage|p1b: Enamorus|0 fnt\n|faint|p1b: Enamorus\n|-damage|p2a: Mandibuzz|296/326|[from] Recoil\n|\n|upkeep\n|\n|t:|1770999668\n|switch|p1b: Manaphy|Manaphy, L78|284/284\n|turn|4\n|\n|t:|1770999680\n|-terastallize|p1a: Espeon|Fairy\n|move|p2b: Delphox|Heat Wave|p1a: Espeon|[spread] p1a,p1b\n|-resisted|p1b: Manaphy\n|-damage|p1a: Espeon|89/246\n|-damage|p1b: Manaphy|228/284\n|-damage|p2b: Delphox|208/260|[from] item: Life Orb\n|move|p2a: Mandibuzz|Brave Bird|p1a: Espeon\n|-damage|p1a: Espeon|0 fnt\n|faint|p1a: Espeon\n|-damage|p2a: Mandibuzz|267/326|[from] Recoil\n|move|p1b: Manaphy|Tail Glow|p1b: Manaphy\n|-boost|p1b: Manaphy|spa|3\n|\n|-heal|p1b: Manaphy|245/284|[from] item: Leftovers\n|upkeep\n|\n|t:|1770999693\n|switch|p1a: Swalot|Swalot, L90, F|326/326\n|turn|5\n|\n|t:|1770999702\n|move|p1b: Manaphy|Protect|p1b: Manaphy\n|-singleturn|p1b: Manaphy|Protect\n|move|p2b: Delphox|Psychic|p1a: Swalot\n|-supereffective|p1a: Swalot\n|-damage|p1a: Swalot|69/326\n|-enditem|p1a: Swalot|Figy Berry|[eat]\n|-heal|p1a: Swalot|177/326|[from] item: Figy Berry\n|-damage|p2b: Delphox|182/260|[from] item: Life Orb\n|move|p2a: Mandibuzz|Knock Off|p1b: Manaphy\n|-activate|p1b: Manaphy|move: Protect\n|move|p1a: Swalot|Knock Off|p2b: Delphox\n|-supereffective|p2b: Delphox\n|-crit|p2b: Delphox\n|-damage|p2b: Delphox|0 fnt\n|-enditem|p2b: Delphox|Life Orb|[from] move: Knock Off|[of] p1a: Swalot\n|faint|p2b: Delphox\n|\n|-heal|p1b: Manaphy|262/284|[from] item: Leftovers\n|-sideend|p2: Bastiodonvgc|move: Tailwind\n|upkeep\n|inactive|Bastiodonvgc has 120 seconds left.\n|\n|t:|1770999737\n|switch|p2b: Mienshao|Mienshao, L84, M|246/246\n|turn|6\n|\n|t:|1770999763\n|move|p2b: Mienshao|Fake Out|p1b: Manaphy\n|-damage|p1b: Manaphy|230/284\n|cant|p1b: Manaphy|flinch\n|move|p2a: Mandibuzz|Knock Off|p1b: Manaphy\n|-damage|p1b: Manaphy|157/284\n|-enditem|p1b: Manaphy|Leftovers|[from] move: Knock Off|[of] p2a: Mandibuzz\n|move|p1a: Swalot|Gunk Shot|p2b: Mienshao\n|-damage|p2b: Mienshao|90/246\n|\n|upkeep\n|turn|7\n|\n|t:|1770999777\n|move|p2b: Mienshao|Close Combat|p1b: Manaphy\n|-damage|p1b: Manaphy|12/284\n|-unboost|p2b: Mienshao|def|1\n|-unboost|p2b: Mienshao|spd|1\n|move|p1b: Manaphy|Ice Beam|p2a: Mandibuzz\n|-supereffective|p2a: Mandibuzz\n|-damage|p2a: Mandibuzz|0 fnt\n|faint|p2a: Mandibuzz\n|move|p1a: Swalot|Gunk Shot|p2b: Mienshao\n|-damage|p2b: Mienshao|0 fnt\n|faint|p2b: Mienshao\n|\n|upkeep\n|\n|t:|1770999781\n|switch|p2b: Arceus|Arceus-Rock, L73|296/296\n|switch|p2a: Lanturn|Lanturn, L87, F|359/359\n|turn|8\n|\n|t:|1770999792\n|move|p1b: Manaphy|Protect|p1b: Manaphy\n|-singleturn|p1b: Manaphy|Protect\n|move|p2b: Arceus|Judgment|p1b: Manaphy\n|-activate|p1b: Manaphy|move: Protect\n|move|p2a: Lanturn|Scald|p1a: Swalot\n|-damage|p1a: Swalot|99/326\n|move|p1a: Swalot|Knock Off|p2a: Lanturn\n|-damage|p2a: Lanturn|279/359\n|-enditem|p2a: Lanturn|Assault Vest|[from] move: Knock Off|[of] p1a: Swalot\n|\n|upkeep\n|turn|9\n|\n|t:|1770999807\n|switch|p1b: Great Tusk|Great Tusk, L81|319/319\n|move|p2b: Arceus|Judgment|p1b: Great Tusk\n|-resisted|p1b: Great Tusk\n|-damage|p1b: Great Tusk|290/319\n|move|p2a: Lanturn|Scald|p1a: Swalot\n|-damage|p1a: Swalot|23/326\n|move|p1a: Swalot|Gunk Shot|p2a: Lanturn\n|-damage|p2a: Lanturn|114/359\n|-status|p2a: Lanturn|psn\n|\n|-damage|p2a: Lanturn|70/359 psn|[from] psn\n|upkeep\n|turn|10\n|\n|t:|1770999834\n|move|p1a: Swalot|Helping Hand|p1b: Great Tusk\n|-singleturn|p1b: Great Tusk|Helping Hand|[of] p1a: Swalot\n|move|p2b: Arceus|Judgment|p1a: Swalot\n|-damage|p1a: Swalot|0 fnt\n|faint|p1a: Swalot\n|move|p1b: Great Tusk|Rapid Spin|p2a: Lanturn\n|-damage|p2a: Lanturn|0 fnt\n|-boost|p1b: Great Tusk|spe|1\n|faint|p2a: Lanturn\n|\n|upkeep\n|\n|t:|1770999839\n|switch|p1a: Manaphy|Manaphy, L78|12/284\n|turn|11\n|\n|t:|1770999849\n|-terastallize|p2b: Arceus|Ground\n|move|p1a: Manaphy|Protect|p1a: Manaphy\n|-singleturn|p1a: Manaphy|Protect\n|move|p1b: Great Tusk|Close Combat|p2b: Arceus\n|-damage|p2b: Arceus|164/296\n|-unboost|p1b: Great Tusk|def|1\n|-unboost|p1b: Great Tusk|spd|1\n|move|p2b: Arceus|Judgment|p1a: Manaphy\n|-activate|p1a: Manaphy|move: Protect\n|\n|upkeep\n|turn|12\n|-message|Bastiodonvgc forfeited.\n|\n|win|shigeshigetokugawa\n|raw|shigeshigetokugawa's rating: 1942 &rarr; <strong>1958</strong><br />(+16 for winning)\n|raw|Bastiodonvgc's rating: 1875 &rarr; <strong>1859</strong><br />(-16 for losing)\n|l|☆Bastiodonvgc\n|player|p2|\n", "inputlog": ">version ccdc32dd7cde25fd9e4bed64820e885f66e78a4e\n>start {\"formatid\":\"gen9randomdoublesbattle\",\"seed\":\"sodium,623e9445b135a57af1f660b791537980\",\"rated\":\"Rated battle\"}\n>player p1 {\"name\":\"shigeshigetokugawa\",\"avatar\":\"ghetsis-gen5bw\",\"rating\":1942,\"seed\":\"sodium,5e31746f479451c09ab76dafc15c914e\"}\n>player p2 {\"name\":\"Bastiodonvgc\",\"avatar\":\"byron\",\"rating\":1875,\"seed\":\"sodium,2fe568aa23af4696c1de76e3b5516671\"}\n>p1 move psychic +2, move doubleedge +2\n>p2 move knockoff +2, move fakeout +2\n>p1 move psychic +2, move doubleedge +1\n>p2 move tailwind, move doubleedge +2\n>p1 pass, switch 3\n>p2 pass, switch 5\n>p1 move protect, move tailwind\n>p2 move bravebird +2, move psychic +2\n>p1 pass, switch 4\n>p1 move shadowball +2 terastallize, move tailglow\n>p2 move bravebird +1, move heatwave\n>p1 switch 6, pass\n>p1 move knockoff +2, move protect\n>p2 move knockoff +2, move psychic +1\n>p2 pass, switch 4\n>p1 move gunkshot +2, move icebeam +1\n>p2 move knockoff +2, move fakeout +2\n>p1 move gunkshot +2, move icebeam +1\n>p2 move tailwind, move closecombat +2\n>p2 switch 6, switch 3\n>p1 move knockoff +1, move protect\n>p2 move scald +1, move judgment +2\n>p1 move gunkshot +1, switch 5\n>p2 move scald +1, move judgment +2\n>p1 move helpinghand -2, move rapidspin +1\n>p2 move scald +2, move judgment +1\n>p1 switch 5, pass\n>p1 move protect, move closecombat +2\n>p2 pass, move judgment +1 terastallize\n>forcelose p2", "uploadtime": 1770999874, "views": 78, "formatid": "gen9randomdoublesbattle", "rating": 1859, "private": 0, "password": null}