{"id": "gen9randomdoublesbattle-2539845242", "format": "[Gen 9] Random Doubles Battle", "players": ["caoscontrol", "Nani_dodo"], "log": "|j|☆caoscontrol\n|j|☆Nani_dodo\n|t:|1771116659\n|gametype|doubles\n|player|p1|caoscontrol|102|1637\n|player|p2|Nani_dodo|169|1677\n|gen|9\n|tier|[Gen 9] Random Doubles Battle\n|rated|\n|rule|Species Clause: Limit one of each Pokémon\n|rule|HP Percentage Mod: HP is shown in percentages\n|rule|Illusion Level Mod: Illusion disguises the Pokémon's true level\n|rule|Sleep Clause Mod: Limit one foe put to sleep\n|\n|t:|1771116659\n|teamsize|p1|6\n|teamsize|p2|6\n|start\n|switch|p1a: Zarude|Zarude, L80|299/299\n|switch|p1b: Eelektross|Eelektross, L86, F|286/286\n|switch|p2a: Gliscor|Gliscor, L81, M|254/254\n|switch|p2b: Blissey|Blissey, L96, F|645/645\n|turn|1\n|inactive|Battle timer is ON: inactive players will automatically lose when time's up. (requested by caoscontrol)\n|\n|t:|1771116691\n|switch|p2b: Torkoal|Torkoal, L86, M|261/261\n|-weather|SunnyDay|[from] ability: Drought|[of] p2b: Torkoal\n|move|p2a: Gliscor|Protect|p2a: Gliscor\n|-singleturn|p2a: Gliscor|Protect\n|move|p1a: Zarude|Knock Off|p2a: Gliscor\n|-activate|p2a: Gliscor|move: Protect\n|move|p1b: Eelektross|Close Combat|p2b: Torkoal\n|-damage|p2b: Torkoal|196/261\n|-unboost|p1b: Eelektross|def|1\n|-unboost|p1b: Eelektross|spd|1\n|\n|-weather|SunnyDay|[upkeep]\n|-status|p2a: Gliscor|tox|[from] item: Toxic Orb\n|upkeep\n|turn|2\n|\n|t:|1771116712\n|switch|p2a: Alcremie|Alcremie-Rainbow-Swirl, L90, F|263/263\n|move|p1a: Zarude|Knock Off|p2b: Torkoal\n|-damage|p2b: Torkoal|99/261\n|-enditem|p2b: Torkoal|Sitrus Berry|[from] move: Knock Off|[of] p1a: Zarude\n|-damage|p1a: Zarude|270/299|[from] item: Life Orb\n|move|p1b: Eelektross|Thunderbolt|p2b: Torkoal\n|-damage|p2b: Torkoal|0 fnt\n|faint|p2b: Torkoal\n|\n|-weather|SunnyDay|[upkeep]\n|upkeep\n|inactive|Nani_dodo has 120 seconds left.\n|\n|t:|1771116744\n|switch|p2b: Dondozo|Dondozo, L85, F|394/394\n|turn|3\n|inactive|Nani_dodo has 120 seconds left.\n|\n|t:|1771116776\n|-terastallize|p1a: Zarude|Poison\n|-terastallize|p2b: Dondozo|Grass\n|move|p1a: Zarude|Knock Off|p2b: Dondozo\n|-crit|p2b: Dondozo\n|-damage|p2b: Dondozo|211/394\n|-enditem|p2b: Dondozo|Assault Vest|[from] move: Knock Off|[of] p1a: Zarude\n|-damage|p1a: Zarude|241/299|[from] item: Life Orb\n|move|p2a: Alcremie|Decorate|p2b: Dondozo\n|-boost|p2b: Dondozo|atk|2\n|-boost|p2b: Dondozo|spa|2\n|move|p1b: Eelektross|Thunderbolt|p2b: Dondozo\n|-resisted|p2b: Dondozo\n|-damage|p2b: Dondozo|142/394\n|move|p2b: Dondozo|Avalanche|p1a: Zarude\n|-damage|p1a: Zarude|67/299\n|\n|-weather|SunnyDay|[upkeep]\n|upkeep\n|turn|4\n|inactive|Nani_dodo has 120 seconds left.\n|\n|t:|1771116807\n|move|p1a: Zarude|Knock Off|p2a: Alcremie\n|-resisted|p2a: Alcremie\n|-damage|p2a: Alcremie|181/263\n|-enditem|p2a: Alcremie|Sitrus Berry|[from] move: Knock Off|[of] p1a: Zarude\n|-damage|p1a: Zarude|38/299|[from] item: Life Orb\n|move|p2a: Alcremie|Dazzling Gleam|p1b: Eelektross|[spread] p1a,p1b\n|-resisted|p1a: Zarude\n|-damage|p1a: Zarude|0 fnt\n|-damage|p1b: Eelektross|205/286\n|faint|p1a: Zarude\n|move|p1b: Eelektross|Flamethrower|p2b: Dondozo\n|-supereffective|p2b: Dondozo\n|-damage|p2b: Dondozo|0 fnt\n|faint|p2b: Dondozo\n|\n|-weather|SunnyDay|[upkeep]\n|upkeep\n|inactive|caoscontrol has 120 seconds left.\n|inactive|Nani_dodo has 90 seconds left.\n|\n|t:|1771116831\n|switch|p1a: Revavroom|Revavroom, L84, F|272/272\n|switch|p2b: Bruxish|Bruxish, L86, M|257/257\n|turn|5\n|\n|t:|1771116845\n|move|p1a: Revavroom|Protect|p1a: Revavroom\n|-singleturn|p1a: Revavroom|Protect\n|move|p2b: Bruxish|Psychic Fangs|p1b: Eelektross\n|-damage|p1b: Eelektross|0 fnt\n|faint|p1b: Eelektross\n|move|p2a: Alcremie|Decorate|p2b: Bruxish\n|-boost|p2b: Bruxish|atk|2\n|-boost|p2b: Bruxish|spa|2\n|\n|-weather|none\n|upkeep\n|\n|t:|1771116851\n|switch|p1b: Sceptile|Sceptile, L88, M|266/266\n|turn|6\n|inactive|Nani_dodo has 120 seconds left.\n|\n|t:|1771116875\n|move|p1b: Sceptile|Leaf Storm|p2b: Bruxish\n|-supereffective|p2b: Bruxish\n|-damage|p2b: Bruxish|0 fnt\n|-unboost|p1b: Sceptile|spa|2\n|faint|p2b: Bruxish\n|move|p1a: Revavroom|Iron Head|p2a: Alcremie\n|-supereffective|p2a: Alcremie\n|-crit|p2a: Alcremie\n|-damage|p2a: Alcremie|0 fnt\n|faint|p2a: Alcremie\n|-damage|p1a: Revavroom|245/272|[from] item: Life Orb\n|\n|upkeep\n|\n|t:|1771116884\n|switch|p2b: Blissey|Blissey, L96, F|645/645\n|switch|p2a: Gliscor|Gliscor, L81, M|254/254 tox\n|turn|7\n|\n|t:|1771116897\n|move|p1a: Revavroom|Protect|p1a: Revavroom\n|-singleturn|p1a: Revavroom|Protect\n|move|p1b: Sceptile|Shed Tail|p1b: Sceptile\n|-start|p1b: Sceptile|Substitute|[from] move: Shed Tail\n|-damage|p1b: Sceptile|133/266\n|-enditem|p1b: Sceptile|Sitrus Berry|[eat]\n|-heal|p1b: Sceptile|199/266|[from] item: Sitrus Berry\n|\n|t:|1771116900\n|switch|p1b: Tauros|Tauros-Paldea-Aqua, L80, M|251/251|[from] Shed Tail\n|-ability|p1b: Tauros|Intimidate|boost\n|-unboost|p2a: Gliscor|atk|1\n|-unboost|p2b: Blissey|atk|1\n|move|p2a: Gliscor|Earthquake|p1b: Tauros|[spread] p2b,p1b\n|-activate|p1a: Revavroom|move: Protect\n|-activate|p1b: Tauros|move: Substitute|[damage]\n|-damage|p2b: Blissey|513/645\n|move|p2b: Blissey|Thunder Wave||[still]\n|-fail|p2b: Blissey\n|\n|upkeep\n|turn|8\n|-message|Nani_dodo forfeited.\n|\n|win|caoscontrol\n|raw|caoscontrol's rating: 1637 &rarr; <strong>1659</strong><br />(+22 for winning)\n|raw|Nani_dodo's rating: 1677 &rarr; <strong>1655</strong><br />(-22 for losing)\n|l|☆Nani_dodo\n|player|p2|\n", "inputlog": ">version ccdc32dd7cde25fd9e4bed64820e885f66e78a4e\n>start {\"formatid\":\"gen9randomdoublesbattle\",\"seed\":\"sodium,200bc94f430b8fd8db2efba568786a0c\",\"rated\":\"Rated battle\"}\n>player p1 {\"name\":\"caoscontrol\",\"avatar\":\"102\",\"rating\":1637,\"seed\":\"sodium,7ac7c07dcde5964248b6e42de7b187e3\"}\n>player p2 {\"name\":\"Nani_dodo\",\"avatar\":\"169\",\"rating\":1677,\"seed\":\"sodium,fb6cfe2d1d681d3a3ffc22eacb11681f\"}\n>p1 move knockoff +1, move closecombat +2\n>p2 move protect, switch 3\n>p1 move knockoff +2, move thunderbolt +2\n>p2 switch 6, move fireblast +1\n>p2 pass, switch 5\n>p1 move knockoff +2 terastallize, move thunderbolt +2\n>p2 move decorate -2, move avalanche +1 terastallize\n>p1 move knockoff +1, move flamethrower +2\n>p2 move dazzlinggleam, move wavecrash +1\n>p1 switch 6, pass\n>p2 pass, switch 4\n>p1 move protect, move electroweb\n>p2 move decorate -2, move psychicfangs +2\n>p1 pass, switch 4\n>p1 move ironhead +1, move leafstorm +2\n>p2 move dazzlinggleam, move psychicfangs +1\n>p2 switch 6, switch 3\n>p1 move protect, move shedtail\n>p2 move earthquake, move thunderwave +2\n>p1 pass, switch 3\n>forcelose p2", "uploadtime": 1771116926, "views": 69, "formatid": "gen9randomdoublesbattle", "rating": 1655, "private": 0, "password": null}